Beer_name,Price_euro,Origin,Rating,Brewery,Percentage,Beer_type,Countenance,Volume_ml,Price_per_litter,Beer_type_general
Barrel Project 2022 Vino Naranja,4.79,Netherlands,4.01,Brouwerij Kees,11.3,Barleywine - Other,30000ml,30000,0.16,Barleywine
Marshmallow Milk Stout,5.69,United States,3.95,Garage Brewing Co,7.1,Stout - Milk / Sweet,30000ml,30000,0.19,Stout
SOUP IPA  -  THT/BBE 10/24,5.9,Spain,3.94,Garage Beer Co.,6.0,IPA - New England / Hazy,Can 25440ml,25440,0.23,IPA
SOUP Riwaka  -  THT/BBE 10/24,6.4,Spain,4.02,Garage Beer Co.,7.0,IPA - New England / Hazy,Can 25440ml,25440,0.25,IPA
SOUP Idaho 7  -  THT/BBE 10/24,6.4,Spain,3.97,Garage Beer Co.,7.0,IPA - New England / Hazy,Can 25440ml,25440,0.25,IPA
Hammerland DIPA,7.69,United States,3.98,El Segundo Brewing Company,8.6,IPA - Imperial / Double,30000ml,30000,0.26,IPA
Orange You Different,8.49,United States,3.89,Artifex Brewing Company,7.0,IPA - New England / Hazy,30000ml,30000,0.28,IPA
Picnic Lightning,9.29,United States,4.02,Brouwerij West,6.8,IPA - New England / Hazy,30000ml,30000,0.31,IPA
Can We Be Friends? / Fall Brewing,9.29,United States,3.9,Artifex Brewing Company,6.9,IPA - American,30000ml,30000,0.31,IPA
8 1/2 - Citra,10.49,United States,4.12,Brouwerij West,7.0,IPA - New England / Hazy,30000ml,30000,0.35,IPA
Solera 01 Riesling,8.99,Netherlands,3.86,Brouwerij Halve Tamme,6.0,Sour - Other,Bottle 23000ml,23000,0.39,Sour
Schops,20.1,Poland,3.44,WRCLW,5.0,Historical Beer - Other,30000ml,30000,0.67,Historical Beer
Cali Squeeze Blood Orange,3.99,United States,3.83,Firestone Walker Brewing Company,5.0,Wheat Beer - Fruited,5000ml,5000,0.8,Wheat Beer
Papa's Tripel,3.99,Netherlands,3.55,Brouwerij 't Meuleneind,8.6,Belgian Tripel,4490ml,4490,0.89,Belgian Tripel
Luponic Distortion [Bottle],4.69,United States,3.96,Firestone Walker Brewing Company,5.9,IPA - American,5000ml,5000,0.94,IPA
Broken Dream - NITRO,2.4,England,3.87,Siren Craft Brew,6.5,Stout - Oatmeal,2018ml,2018,1.19,Stout
Milk Stout Chocolate,24.6,Poland,3.69,Browar Stu Mostów,5.7,Stout - Milk / Sweet,20000ml,20000,1.23,Stout
Double Hopnosis,7.99,United States,3.85,Firestone Walker Brewing Company,8.3,IPA - Imperial / Double,5000ml,5000,1.6,IPA
Writer&apos;s Blanc,7.6,Canada,3.95,Trial & Ale Brewing Company,6.0,Sour - Other,4730ml,4730,1.61,Sour
An Introspective Reflection,7.7,Canada,4.14,Trial & Ale Brewing Company,6.8,Sour - Fruited,4730ml,4730,1.63,Sour
"30,000 Steps",7.7,Canada,4.05,Trial & Ale Brewing Company,7.1,Sour - Fruited,4730ml,4730,1.63,Sour
Mango Shake Sour,6.2,Sweden,3.72,Dugges Bryggeri,6.0,Sour - Smoothie / Pastry,3300ml,3300,1.88,Sour
Tonkanilla Mangorange Sour,6.5,Sweden,3.45,Dugges Bryggeri,6.0,Sour - Smoothie / Pastry,3300ml,3300,1.97,Sour
Premium Pils Edition EM 24,0.99,Germany,3.2,Bitburger Brauerei,4.8,Pilsner - German,500ml,500,1.98,Pilsner
Baptist Helles,1.0,Germany,3.48,Brauerei Göller,4.9,Lager - Helles,500ml,500,2.0,Lager
Blaecorn Unidragon,6.29,United States,3.95,Clown Shoes,10.5,Stout - Russian Imperial,3100ml,3100,2.03,Stout
dC/dt,10.1,United States,4.25,Equilibrium Brewery,8.0,IPA - Imperial / Double,4730ml,4730,2.14,IPA
Pszeniczne,1.1,Poland,3.19,Browar Urzecze,4.9,Wheat Beer - Hefeweizen,Bottle 500ml,500,2.2,Wheat Beer
Pils,0.8,Belgium,2.9,Brouwerij Martens,5.2,Pilsner - Other,330ml,330,2.42,Pilsner
Interrobang (2022),7.99,United States,4.03,Harpoon Brewery,16.0,Stout - Imperial / Double Coffee,3100ml,3100,2.58,Stout
Pilsener,1.14,Netherlands,2.9,Lindeboom,5.0,Pilsner - Other,Can 440ml,440,2.59,Pilsner
Pilger,0.9,Germany,3.2,Paderborner Brauerei,5.0,Kellerbier / Zwickelbier,330ml,330,2.73,Kellerbier / Zwickelbier
Natur Radler Zitrone,0.9,Germany,3.18,Warsteiner,2.0,Shandy / Radler,330ml,330,2.73,Shandy / Radler
Pilsener,0.9,Germany,3.21,Warsteiner,4.8,Pilsner - German,330ml,330,2.73,Pilsner
Brewers Gold Landbier,0.9,Germany,3.19,Warsteiner,5.2,Kellerbier / Zwickelbier,330ml,330,2.73,Kellerbier / Zwickelbier
Natur Radler Grapefruit,0.9,Germany,3.38,Warsteiner,2.0,Shandy / Radler,330ml,330,2.73,Shandy / Radler
Herb,0.9,Germany,3.11,Warsteiner,4.8,Pilsner - German,330ml,330,2.73,Pilsner
Herb Alkoholfrei,0.9,Germany,2.87,Warsteiner,0.5,Non-Alcoholic - Other,330ml,330,2.73,Non-Alcoholic
Radler,0.9,Germany,2.82,Warsteiner,0.5,Non-Alcoholic - Shandy / Radler,330ml,330,2.73,Non-Alcoholic
Weihnacht,0.9,Germany,3.12,Herforder Brauerei,5.8,Festbier,330ml,330,2.73,Festbier
Pils,0.9,Germany,3.1,Herforder Brauerei,4.8,Pilsner - German,330ml,330,2.73,Pilsner
Pilsener Alkoholfrei,0.9,Germany,2.64,Warsteiner,0.5,Non-Alcoholic - Lager,330ml,330,2.73,Non-Alcoholic
Extra Pilsener,0.9,Germany,2.77,Warsteiner,2.5,Lager - Leichtbier,330ml,330,2.73,Lager
Natur Radler Zitrone alkoholfrei,0.9,Germany,3.18,Warsteiner,2.0,Shandy / Radler,330ml,330,2.73,Shandy / Radler
WUK Brūn,2.1,Belgium,3.42,De Brouwmoaten,8.5,Belgian Strong Dark Ale,Bottle 750ml,750,2.8,Belgian Strong Dark Ale
Ślepak,1.4,Poland,3.33,Browar Rebelia,0.3,Non-Alcoholic - Other,Bottle 500ml,500,2.8,Non-Alcoholic
Tarot D'or,2.1,Belgium,3.42,Brouwerij Lindemans,8.0,Fruit Beer,Bottle 750ml,750,2.8,Fruit Beer
"Hefe-Weissbier Alkoholfrei 0,0",1.45,Germany,2.8,Paulaner Brauerei,0.5,Non-Alcoholic - Wheat,500ml,500,2.9,Non-Alcoholic
Weihnachts-Pilsener,1.7,Denmark,2.99,Carlsberg Group,4.9,Pilsner - Other,568ml,568,2.99,Pilsner
Mongy Ambrée,2.25,France,3.45,Brasserie Cambier,6.5,Farmhouse Ale - Bière de Garde,Bottle 750ml,750,3.0,Farmhouse Ale
König Ludwig Weissbier alkoholfrei,1.5,Germany,2.72,König Ludwig Schlossbrauerei Kaltenberg,0.4,Non-Alcoholic - Wheat,500ml,500,3.0,Non-Alcoholic
König Ludwig Weissbier leicht,1.5,Germany,3.11,König Ludwig Schlossbrauerei Kaltenberg,2.9,Wheat Beer - Hefeweizen Light / Leicht,500ml,500,3.0,Wheat Beer
Holzkirchner Gold,1.5,Germany,3.31,Brauereigenossenschaft Holzkirchen,5.5,Lager - Dortmunder / Export,500ml,500,3.0,Lager
La Trappe Blond,2.25,Netherlands,3.67,Bierbrouwerij De Koningshoeven,6.5,Belgian Blonde,Bottle 750ml,750,3.0,Belgian Blonde
König Ludwig Weissbier naturtrüb,1.5,Germany,3.58,König Ludwig Schlossbrauerei Kaltenberg,5.5,Wheat Beer - Hefeweizen,500ml,500,3.0,Wheat Beer
König Ludwig Weissbier dunkel,1.5,Germany,3.57,König Ludwig Schlossbrauerei Kaltenberg,5.5,Wheat Beer - Dunkelweizen,500ml,500,3.0,Wheat Beer
Oberbräu hell,1.5,Germany,3.4,König Ludwig Schlossbrauerei Kaltenberg,5.5,Wheat Beer - Hefeweizen,500ml,500,3.0,Wheat Beer
Weißenoher Altfränkisch Klosterbier,1.5,Germany,3.43,Klosterbrauerei Weissenohe,5.1,Märzen,500ml,500,3.0,Märzen
König Ludwig dunkel,1.5,Germany,3.4,König Ludwig Schlossbrauerei Kaltenberg,5.1,Lager - Munich Dunkel,500ml,500,3.0,Lager
König Ludwig Hell,1.5,Germany,3.3,König Ludwig Schlossbrauerei Kaltenberg,5.1,Lager - Helles,500ml,500,3.0,Lager
Schloss-Keller naturtrüb,1.5,Germany,3.39,König Ludwig Schlossbrauerei Kaltenberg,5.1,Kellerbier / Zwickelbier,500ml,500,3.0,Kellerbier / Zwickelbier
Alcoholvrij,1.0,Germany,2.58,Bitburger Brauerei,2.0,Shandy / Radler,330ml,330,3.03,Shandy / Radler
"Herren Pils 0,33l",1.0,Germany,3.44,Keesmann Bräu,4.8,Pilsner - German,330ml,330,3.03,Pilsner
DR. RAPTOR DOUBLE IPA,1.0,Netherlands,3.68,Uiltje Brewing Company,8.2,IPA - Imperial / Double,330ml,330,3.03,IPA
EUROBOX Germany - Funky Fluid Hopfenweisse,1.52,Poland,3.2,Funky Fluid,4.5,Wheat Beer - Hopfenweisse,500ml,500,3.04,Wheat Beer
Old Showboat Barleywine,17.3,United States,3.83,Casita Brewing Company,13.0,Barleywine - American,5680ml,5680,3.05,Barleywine
Maisel's Weisse,1.59,Germany,3.6,Brauerei Gebr. Maisel,5.2,Wheat Beer - Hefeweizen,500ml,500,3.18,Wheat Beer
Maisel's Weisse Dunkel,1.59,Germany,3.51,Brauerei Gebr. Maisel,5.1,Wheat Beer - Dunkelweizen,500ml,500,3.18,Wheat Beer
Dubbel,2.39,Belgium,3.69,Brouwerij der Trappisten van Westmalle,7.0,Belgian Dubbel,Bottle 750ml,750,3.19,Belgian Dubbel
Veldensteiner Zwickl,1.6,Germany,3.33,Kaiser Bräu,5.4,Kellerbier / Zwickelbier,500ml,500,3.2,Kellerbier / Zwickelbier
Spezial,1.6,Germany,3.35,Brauerei Simon,5.6,Lager - Rotbier,500ml,500,3.2,Lager
Hell,1.6,Germany,3.42,Brauerei Simon,5.1,Lager - Helles,500ml,500,3.2,Lager
Hell,1.6,Germany,3.35,Held Bräu,4.9,Lager - Helles,500ml,500,3.2,Lager
Veldensteiner Lager Hell,1.6,Germany,3.19,Kaiser Bräu,4.9,Lager - Helles,500ml,500,3.2,Lager
Chiemseer Hell,1.6,Germany,3.5,Auerbräu Rosenheimer Spezialitätenbrauerei,4.8,Lager - Helles,500ml,500,3.2,Lager
Veldensteiner Hell,1.6,Germany,3.34,Kaiser Bräu,5.1,Lager - Helles,500ml,500,3.2,Lager
Gouden Carolus Christmas,2.45,Belgium,3.61,Brouwerij Het Anker,10.5,Winter Ale,Bottle 750ml,750,3.27,Winter Ale
EUROBOX Wales - Nook Modern Bitter,1.65,Poland,3.22,Browar NOOK,5.5,Bitter - Session / Ordinary,Can 500ml,500,3.3,Bitter
Hefeweissbier Alkoholfrei,1.65,Germany,2.83,Bayerische Staatsbrauerei Weihenstephan,0.5,Non-Alcoholic - Wheat,500ml,500,3.3,Non-Alcoholic
Helles,1.45,Germany,3.48,FrauGruber Brewing,4.8,Lager - Helles,Can 440ml,440,3.3,Lager
Schwanensee,1.09,Germany,3.36,Landgang Brauerei,3.0,Shandy / Radler,330ml,330,3.3,Shandy / Radler
Mes Demoiselles Helles,2.49,Netherlands,3.47,Implosion Brewing,7.2,Bock - Hell / Maibock / Lentebock,Bottle 750ml,750,3.32,Bock
Veltins Pilsener,1.1,Germany,3.18,Brauerei VELTINS,4.8,Pilsner - German,330ml,330,3.33,Pilsner
Clausthaler Alkoholfrei,1.1,Germany,2.56,Radeberger Gruppe,0.5,Non-Alcoholic - Lager,330ml,330,3.33,Non-Alcoholic
Wieninger Teisendorfer Hell Alkoholfrei,1.67,Germany,2.77,Privatbrauerei M.C. Wieninger,0.5,Non-Alcoholic - Lager,500ml,500,3.34,Non-Alcoholic
Erdinger Weissbier,1.69,Germany,3.65,Erdinger Weissbräu,5.3,Wheat Beer - Hefeweizen,500ml,500,3.38,Wheat Beer
Krug Hell - 5 Liter Fass,17.0,Germany,3.47,Krug-Bräu,4.8,Lager - Helles,5000ml,5000,3.4,Lager
Schinner Urstoff,1.7,Germany,3.28,Bürgerbräu Schinner,4.9,Lager - Helles,500ml,500,3.4,Lager
Schinner Edel Weisse,1.7,Germany,3.43,Bürgerbräu Schinner,4.9,Wheat Beer - Hefeweizen,500ml,500,3.4,Wheat Beer
Schederndorfer Landbier - 5 Liter Fass,17.0,Germany,3.68,Gasthofbrauerei Will,5.2,Lager - Munich Dunkel,5000ml,5000,3.4,Lager
23060 Kapittel Tripel Abt 10,2.55,Belgium,3.53,Leroy Breweries,10.0,Belgian Tripel,Bottle 750ml,750,3.4,Belgian Tripel
Schneider Weisse Hopfen Weisse Tap 5,2.55,United States,3.78,Brooklyn Brewery/ Schneider Weisse G. Schneider & Sohn,8.2,Wheat Beer - Hopfenweisse,Bottle 750ml,750,3.4,Wheat Beer
Pater Dubbel,2.55,Belgium,3.54,Brouwerij Corsendonk,7.5,Belgian Dubbel,Bottle 750ml,750,3.4,Belgian Dubbel
Krug Lager - 5 Liter Fass,17.0,Germany,3.36,Krug-Bräu,5.0,Lager - Munich Dunkel,5000ml,5000,3.4,Lager
Landbier,1.7,Germany,3.36,Brauerei Kundmüller,4.7,Lager - Helles,500ml,500,3.4,Lager
Barbier Blnd,2.6,Netherlands,3.0,Barbier - Bier Met Stijl,4.8,Smoked Beer,Bottle 750ml,750,3.47,Smoked Beer
Fun Alcoholvrij Lager,1.15,Germany,2.57,Friesisches Brauhaus zu Jever,0.3,Non-Alcoholic - Lager,330ml,330,3.48,Non-Alcoholic
Erdinger Weißbier / Hefe-Weizen,1.74,Germany,3.65,Erdinger Weissbräu,5.3,Wheat Beer - Hefeweizen,500ml,500,3.48,Wheat Beer
Leicht (Hefeweizen Light),1.75,Germany,3.16,Brauerei Gebr. Maisel,3.1,Wheat Beer - Hefeweizen Light / Leicht,500ml,500,3.5,Wheat Beer
Hübner Vollbier - 5 Liter Fass,17.5,Germany,3.36,Hübner Bräu Steinfeld,5.0,Lager - Vienna,5000ml,5000,3.5,Lager
Weiherer Lager - 5 Liter Fass,17.5,Germany,3.39,Brauerei Kundmüller,4.7,Lager - Helles,5000ml,5000,3.5,Lager
Original Helles Alkoholfrei,1.75,Germany,2.87,Bayerische Staatsbrauerei Weihenstephan,0.5,Non-Alcoholic - Lager,500ml,500,3.5,Non-Alcoholic
Weiherer Kellerbier - 5 Liter Fass,17.5,Germany,3.46,Brauerei Kundmüller,4.9,Kellerbier / Zwickelbier,5000ml,5000,3.5,Kellerbier / Zwickelbier
Erdinger Alkoholfrei,1.75,Germany,2.9,Erdinger Weissbräu,0.4,Non-Alcoholic - Wheat,500ml,500,3.5,Non-Alcoholic
Weiherer Pils - 5 Liter Fass,17.5,Germany,3.37,Brauerei Kundmüller,4.7,Pilsner - German,5000ml,5000,3.5,Pilsner
24731 Tripel Kanunnik,2.65,Belgium,3.67,Brouwerij Wilderen,8.2,Belgian Tripel,Bottle 750ml,750,3.53,Belgian Tripel
Ruby,2.69,Belgium,3.19,Abbaye de Leffe,5.0,Fruit Beer,Bottle 750ml,750,3.59,Fruit Beer
Pilsner,1.8,Poland,3.24,Browar Zamkowy Cieszyn,4.8,Pilsner - Czech / Bohemian,Can 500ml,500,3.6,Pilsner
Ott Original Obaladara - 5 Liter Fass,18.0,United States,3.91,Sonder Brewing,8.1,Stout - American,5000ml,5000,3.6,Stout
Krzywe z Wieży,1.8,Poland,3.52,Browar Rebelia,4.8,Specialty Grain,Bottle 500ml,500,3.6,Specialty Grain
Nothelfer Vierzehnheiligener Pils,1.8,Germany,3.36,Alte Klosterbrauerei Vierzehnheiligen Brauerei Trunk,5.1,Pilsner - German,500ml,500,3.6,Pilsner
Moinette Blonde,2.7,Belgium,3.56,Brasserie Dupont,8.5,Belgian Strong Golden Ale,Bottle 750ml,750,3.6,Belgian Strong Golden Ale
EUROBOX Slovakia - Maryensztadt/Nook DDH Desitka,1.8,Poland,3.22,Browar NOOK/ Maryensztadt,4.4,Pilsner - Czech / Bohemian,500ml,500,3.6,Pilsner
Nothelfer Vierzehnheiligener Lager,1.8,Germany,3.44,Alte Klosterbrauerei Vierzehnheiligen Brauerei Trunk,4.7,Lager - Helles,500ml,500,3.6,Lager
Jever Fun,1.19,Germany,2.57,Friesisches Brauhaus zu Jever,0.3,Non-Alcoholic - Lager,330ml,330,3.61,Non-Alcoholic
Tegernseer Hell,1.83,Germany,3.63,Herzoglich Bayerisches Brauhaus Tegernsee,4.8,Lager - Helles,500ml,500,3.66,Lager
Augustiner Edelstoff,1.83,Germany,3.62,Augustiner-Bräu München,5.6,Lager - Dortmunder / Export,500ml,500,3.66,Lager
Troubadour Westkust,2.75,Belgium,3.56,Brouwerij The Musketeers,8.5,IPA - Imperial / Double Black,Bottle 750ml,750,3.67,IPA
Becher Kräußen Pils - 5 Liter Fass,18.5,Germany,3.35,Becher Bräu,4.7,Pilsner - German,5000ml,5000,3.7,Pilsner
Becher Vollbier - 5 Liter Fass,18.5,Germany,3.41,Becher Bräu,5.0,Lager - Amber / Red,5000ml,5000,3.7,Lager
Arend Tripel,2.8,Belgium,3.6,Brouwerij De Ryck,8.0,Belgian Tripel,Bottle 750ml,750,3.73,Belgian Tripel
Swinckels 0.0,1.25,Netherlands,2.85,Royal Swinkels Family Brewers,5.0,Non-Alcoholic - Lager,330ml,330,3.79,Non-Alcoholic
Staffelberg Loffelder Dunkel Alkoholfrei,1.9,Germany,3.06,Staffelberg-Bräu,8.8,Non-Alcoholic - Lager,500ml,500,3.8,Non-Alcoholic
Staffelberg Märzen,1.9,Germany,3.37,Staffelberg-Bräu,5.5,Märzen,500ml,500,3.8,Märzen
Lotte,1.9,Germany,3.55,Brauerei Drei Kronen Memmelsdorf,4.7,Lager - Helles,500ml,500,3.8,Lager
1457,1.9,Germany,3.43,Brauerei Drei Kronen Memmelsdorf,4.5,Kellerbier / Zwickelbier,500ml,500,3.8,Kellerbier / Zwickelbier
Atzengold,1.9,Germany,3.36,Atzenhof Franken,4.9,Lager - Helles,500ml,500,3.8,Lager
Kapuziner Weißbier Naturtrüb,1.9,Germany,3.48,Kulmbacher Brauerei,5.4,Wheat Beer - Hefeweizen,500ml,500,3.8,Wheat Beer
Weizen,1.9,Germany,3.52,Brauerei Reichold,5.0,Wheat Beer - Hefeweizen,500ml,500,3.8,Wheat Beer
Gampert Förster-Pils,1.9,Germany,3.32,Gampertbräu,4.9,Pilsner - German,500ml,500,3.8,Pilsner
Gampert Hell,1.9,United States,3.53,Storm Peak Brewing Company,4.9,Pilsner - Other,500ml,500,3.8,Pilsner
Weiherer Zwickerla Hell,1.9,Germany,3.49,Brauerei Kundmüller,4.9,Kellerbier / Zwickelbier,500ml,500,3.8,Kellerbier / Zwickelbier
Kellerbier,1.9,Germany,3.46,Brauerei Kundmüller,4.9,Kellerbier / Zwickelbier,500ml,500,3.8,Kellerbier / Zwickelbier
Kellerbier,1.9,Germany,3.22,Brauhaus Leikeim,4.9,Kellerbier / Zwickelbier,500ml,500,3.8,Kellerbier / Zwickelbier
Hell,1.9,Germany,3.14,Brauhaus Leikeim,4.9,Lager - Helles,500ml,500,3.8,Lager
Marcowe,1.9,Poland,3.13,Browar Fortuna,6.0,Märzen,Bottle 500ml,500,3.8,Märzen
Bock,1.9,Germany,3.53,Brauerei Josef Greif,6.6,Bock - Single / Traditional,500ml,500,3.8,Bock
St. Georgen Kellerbier,1.9,Germany,3.42,St. GeorgenBräu,4.9,Kellerbier / Zwickelbier,500ml,500,3.8,Kellerbier / Zwickelbier
St. Georgen Goldmärzen,1.9,Germany,3.3,St. GeorgenBräu,5.6,Märzen,500ml,500,3.8,Märzen
Bock,1.9,Germany,3.4,Brauerei Kundmüller,6.6,Bock - Hell / Maibock / Lentebock,500ml,500,3.8,Bock
Maisel's Weisse Leicht,1.9,Germany,3.16,Brauerei Gebr. Maisel,3.1,Wheat Beer - Hefeweizen Light / Leicht,500ml,500,3.8,Wheat Beer
Lager,1.9,Germany,3.39,Brauerei Kundmüller,4.7,Lager - Helles,500ml,500,3.8,Lager
Maisel's Weisse Alkoholfrei,1.9,Germany,3.23,Brauerei Gebr. Maisel,5.5,Non-Alcoholic - Wheat,500ml,500,3.8,Non-Alcoholic
Edel-Pils,1.9,Germany,3.42,Brauerei Ott,4.9,Pilsner - German,500ml,500,3.8,Pilsner
Staffelberg Pils Alkoholfrei,1.9,Germany,2.83,Staffelberg-Bräu,2.8,Non-Alcoholic - Lager,500ml,500,3.8,Non-Alcoholic
Wagner Weisse,1.9,Germany,3.51,Brauerei Wagner Merkendorf,5.3,Wheat Beer - Hefeweizen,500ml,500,3.8,Wheat Beer
Erle,1.9,Germany,3.85,"Schlenkerla (""Heller-Bräu"" Trum)",4.2,Rauchbier,500ml,500,3.8,Rauchbier
Zwickerla Hell,1.9,Germany,3.49,Brauerei Kundmüller,4.9,Kellerbier / Zwickelbier,500ml,500,3.8,Kellerbier / Zwickelbier
Huppendorfer Zwickel,1.9,Germany,3.51,Brauerei Gasthof Grasser,4.9,Kellerbier / Zwickelbier,500ml,500,3.8,Kellerbier / Zwickelbier
Keller-Märzen,1.9,Germany,3.46,Brauerei Kundmüller,4.9,Kellerbier / Zwickelbier,500ml,500,3.8,Kellerbier / Zwickelbier
Weihenstephaner Hefe Hell,1.9,Germany,3.78,Bayerische Staatsbrauerei Weihenstephan,5.4,Wheat Beer - Hefeweizen,500ml,500,3.8,Wheat Beer
Original Obaladara,1.9,Germany,3.45,Brauerei Ott,5.3,Lager - Munich Dunkel,500ml,500,3.8,Lager
Bio Zwickerla Dunkel,1.9,Germany,3.37,Brauerei Kundmüller,5.4,Kellerbier / Zwickelbier,500ml,500,3.8,Kellerbier / Zwickelbier
IPA,1.9,Poland,3.35,Browar Fortuna,7.0,IPA - Imperial / Double New England / Hazy,Bottle 500ml,500,3.8,IPA
Rotbier,1.9,Germany,3.28,Kaiser Bräu,5.4,Lager - Rotbier,500ml,500,3.8,Lager
Mönchshof - Natur Radler,1.9,Germany,3.32,Kulmbacher Brauerei,2.5,Shandy / Radler,500ml,500,3.8,Shandy / Radler
Aufsesser Wegseidla,1.9,Germany,3.34,Privatbrauerei Rothenbach,4.8,Kellerbier / Zwickelbier,500ml,500,3.8,Kellerbier / Zwickelbier
Aufsesser Lager,1.9,Germany,3.42,Privatbrauerei Rothenbach,4.9,Lager - Amber / Red,500ml,500,3.8,Lager
Günther Hausbrauer Vollbier,1.9,Germany,3.52,Günther-Bräu,4.8,Lager - Helles,500ml,500,3.8,Lager
Lager,1.9,Germany,3.41,Brauerei Reichold,4.9,Lager - Helles,500ml,500,3.8,Lager
Klostersud,1.9,Germany,3.36,Klosterbrauerei Weissenohe,5.4,Lager - Vienna,500ml,500,3.8,Lager
Urtyp Hell,1.9,Germany,3.07,Eschenbacher Privatbrauerei,4.8,Lager - Helles,500ml,500,3.8,Lager
Pils,1.9,Germany,3.37,Brauerei Kundmüller,4.7,Pilsner - German,500ml,500,3.8,Pilsner
Wegseidla Radler,1.9,Germany,3.17,Privatbrauerei Rothenbach,5.4,Smoked Beer,500ml,500,3.8,Smoked Beer
Krug Lager,1.9,Germany,3.36,Krug-Bräu,5.0,Lager - Munich Dunkel,500ml,500,3.8,Lager
Aufsesser Zwickl,1.9,Germany,3.34,Privatbrauerei Rothenbach,4.8,Kellerbier / Zwickelbier,500ml,500,3.8,Kellerbier / Zwickelbier
Aecht Schlenkerla Rauchbier Weizen,1.9,Germany,3.55,"Schlenkerla (""Heller-Bräu"" Trum)",5.2,Rauchbier,500ml,500,3.8,Rauchbier
Zünftiges Wirtshausbier,1.9,Germany,3.15,Privatbrauerei Hösl,5.2,Kellerbier / Zwickelbier,500ml,500,3.8,Kellerbier / Zwickelbier
Abt Andreas Dunkel,1.9,Germany,3.15,Privatbrauerei Hösl,4.9,Lager - Dark,500ml,500,3.8,Lager
Langbräu 2.4 Prozenter,1.9,Germany,2.92,Lang-Bräu,2.4,Lager - Leichtbier,500ml,500,3.8,Lager
Weiherer - Kräussen Hell,1.9,Germany,3.48,Brauerei Kundmüller,4.9,Kellerbier / Zwickelbier,500ml,500,3.8,Kellerbier / Zwickelbier
Dunkel - 5 Liter Fass,19.0,Germany,3.49,Manns Bräu,5.5,Lager - Munich Dunkel,5000ml,5000,3.8,Lager
Maisel's Weisse Kristall,1.9,Germany,3.48,Brauerei Gebr. Maisel,5.0,Wheat Beer - Kristallweizen,500ml,500,3.8,Wheat Beer
Hell Alkoholfrei,1.9,Germany,3.16,Brauhaus Riegele,0.5,Non-Alcoholic - Lager,500ml,500,3.8,Non-Alcoholic
Moesjke Lucky13,2.85,Belgium,3.45,Bierfirma Ultima,13.0,Belgian Quadrupel,Bottle 750ml,750,3.8,Belgian Quadrupel
Bio Urstöffla,1.9,Germany,3.37,Brauerei Kundmüller,5.2,Lager - Munich Dunkel,500ml,500,3.8,Lager
Fässla Lagerbier,1.9,Germany,3.43,Privatbrauerei Fässla Bamberg,5.5,Lager - Amber / Red,500ml,500,3.8,Lager
Fest - Bier,1.9,Germany,3.44,Held Bräu,5.3,Festbier,500ml,500,3.8,Festbier
Zwergla,1.9,Germany,3.44,Privatbrauerei Fässla Bamberg,6.0,Lager - Munich Dunkel,500ml,500,3.8,Lager
Fässla Helles,1.9,Germany,3.46,Privatbrauerei Fässla Bamberg,5.4,Lager - Helles,500ml,500,3.8,Lager
Mönchsambacher Export,1.9,Germany,3.65,Brauerei Zehendner,5.2,Lager - Dortmunder / Export,500ml,500,3.8,Lager
Held Zwickl,1.9,Germany,3.55,Held Bräu,4.9,Kellerbier / Zwickelbier,500ml,500,3.8,Kellerbier / Zwickelbier
Mönchshof - Naturtrüb's Alkoholfrei,1.9,Germany,2.92,Kulmbacher Brauerei,0.5,Non-Alcoholic - Lager,500ml,500,3.8,Non-Alcoholic
14-Heiligen Nothelfer Trunk,1.9,Germany,3.37,Alte Klosterbrauerei Vierzehnheiligen Brauerei Trunk,5.1,Lager - Munich Dunkel,500ml,500,3.8,Lager
Dunkel,1.9,Germany,3.52,Brauerei Reichold,5.2,Lager - Munich Dunkel,500ml,500,3.8,Lager
Staffelberg Wienerla,1.9,Germany,3.48,Staffelberg-Bräu,5.4,Lager - Vienna,500ml,500,3.8,Lager
Staffelberg Hopfen-Gold-Pils,1.9,Germany,3.46,Staffelberg-Bräu,4.9,Pilsner - German,500ml,500,3.8,Pilsner
Pszeniczne,1.9,Poland,3.27,Browar Fortuna,4.6,Wheat Beer - Witbier / Blanche,Bottle 500ml,500,3.8,Wheat Beer
Bio Kellerpils,1.9,Germany,3.45,Brauerei Kundmüller,4.9,Pilsner - Other,500ml,500,3.8,Pilsner
Original Helles,1.9,Germany,3.61,Bayerische Staatsbrauerei Weihenstephan,5.1,Lager - Helles,500ml,500,3.8,Lager
Hefeweissbier dunkel,1.9,Germany,3.76,Bayerische Staatsbrauerei Weihenstephan,5.3,Wheat Beer - Dunkelweizen,500ml,500,3.8,Wheat Beer
Aecht Schlenkerla Hell,1.9,Germany,3.48,"Schlenkerla (""Heller-Bräu"" Trum)",4.3,Lager - Helles,500ml,500,3.8,Lager
Edel-Märzen,1.9,Germany,3.14,Eschenbacher Privatbrauerei,5.5,Märzen,500ml,500,3.8,Märzen
Altfränkisches Bauernbier Dunkel,1.9,Germany,3.29,Held Bräu,5.3,Lager - Munich Dunkel,500ml,500,3.8,Lager
Kräusen Hell,1.9,Germany,3.48,Brauerei Kundmüller,4.9,Kellerbier / Zwickelbier,500ml,500,3.8,Kellerbier / Zwickelbier
Niefiltrowane,1.9,Poland,3.14,Browar Fortuna,5.2,Kellerbier / Zwickelbier,Bottle 500ml,500,3.8,Kellerbier / Zwickelbier
Hansla,1.9,Germany,2.8,"Schlenkerla (""Heller-Bräu"" Trum)",0.9,Rauchbier,500ml,500,3.8,Rauchbier
Lagerbier Hell,1.9,Germany,3.24,Innstadt Bräu,4.9,Lager - Helles,500ml,500,3.8,Lager
Antoniter- Bayrisch Hell,1.9,Germany,3.23,Kaiser Bräu,5.0,Lager - Helles,500ml,500,3.8,Lager
Frankentrunk dunkel,1.9,Germany,3.17,Eschenbacher Privatbrauerei,5.6,Lager - Munich Dunkel,500ml,500,3.8,Lager
Franz Josef Bayerisch Helles,1.9,Germany,3.26,Eschenbacher Privatbrauerei,5.1,Lager - Helles,500ml,500,3.8,Lager
Aufsesser Seidla Hell,1.9,Germany,3.39,Privatbrauerei Rothenbach,4.9,Lager - Helles,500ml,500,3.8,Lager
Blonde Ale,1.9,Poland,3.11,Browar Fortuna,6.0,Belgian Blonde,Bottle 500ml,500,3.8,Belgian Blonde
Brotzeit Helles,1.9,Germany,3.38,Weiss Rössl Bräu,4.9,Lager - Helles,500ml,500,3.8,Lager
Greif Bräu - Hell,1.9,Germany,3.48,Brauerei Josef Greif,4.9,Lager - Helles,500ml,500,3.8,Lager
Huppendorfer Pils,1.9,Germany,3.35,Brauerei Gasthof Grasser,4.9,Pilsner - German,500ml,500,3.8,Pilsner
Krug Hell,1.9,Germany,3.47,Krug-Bräu,4.8,Lager - Helles,500ml,500,3.8,Lager
Bezalkoholowe IPA,1.9,Poland,3.43,Browar Fortuna,0.5,Non-Alcoholic - IPA,Bottle 500ml,500,3.8,Non-Alcoholic
Pszeniczne Bezalkoholowe,1.9,Poland,3.4,Browar Fortuna,4.5,Non-Alcoholic - Wheat,Bottle 500ml,500,3.8,Non-Alcoholic
Huppendorfer Vollbier,1.9,Germany,3.55,Brauerei Gasthof Grasser,5.0,Kellerbier / Zwickelbier,500ml,500,3.8,Kellerbier / Zwickelbier
Wintergold,1.9,Germany,3.45,Günther-Bräu,5.8,Lager - Winter,500ml,500,3.8,Lager
Weizen Hell,1.9,Germany,3.61,Brauerei Kundmüller,5.2,Wheat Beer - Hefeweizen,500ml,500,3.8,Wheat Beer
Mooser Liesl,1.9,Germany,3.48,Arcobräu Gräfliches Brauhaus,5.3,Lager - Helles,500ml,500,3.8,Lager
Wegseidla Sommer Edition,1.9,Germany,3.42,Privatbrauerei Rothenbach,4.8,Lager - Helles,500ml,500,3.8,Lager
Königliches Festtags-Bier,1.9,Germany,3.35,König Ludwig Schlossbrauerei Kaltenberg,5.6,Lager - Winter,500ml,500,3.8,Lager
Festbier,1.9,Germany,3.45,Brauerei Meister,5.5,Festbier,500ml,500,3.8,Festbier
St. Georgen Helles,1.9,Germany,3.33,St. GeorgenBräu,4.6,Lager - Helles,500ml,500,3.8,Lager
Krug Ur-Stoff,1.9,Germany,3.47,Krug-Bräu,5.4,Kellerbier / Zwickelbier,500ml,500,3.8,Kellerbier / Zwickelbier
Rauchbier,1.9,Germany,3.39,Brauerei Kundmüller,5.3,Rauchbier,500ml,500,3.8,Rauchbier
Günther Lagerbier Bernstein,1.9,Germany,3.44,Günther-Bräu,4.9,Lager - Amber / Red,500ml,500,3.8,Lager
Staffelberg Loffelder Dunkel,1.9,Germany,3.4,Staffelberg-Bräu,5.0,Lager - Munich Dunkel,500ml,500,3.8,Lager
Pils,1.9,Germany,3.28,Privatbrauerei Reh,4.9,Pilsner - German,500ml,500,3.8,Pilsner
Festbier- 150 Jahre,1.9,Germany,3.56,Brauerei Kundmüller,5.6,Festbier,500ml,500,3.8,Festbier
Mönchshof - Original,1.9,Germany,3.23,Kulmbacher Brauerei,4.9,Pilsner - German,500ml,500,3.8,Pilsner
Naturtrübes Hallerndorfer Radler,1.9,Germany,3.27,Brauerei Rittmayer Hallerndorf,2.6,Shandy / Radler,500ml,500,3.8,Shandy / Radler
Zwickl Bier,1.9,Germany,3.35,Privatbrauerei Reh,4.9,Kellerbier / Zwickelbier,500ml,500,3.8,Kellerbier / Zwickelbier
Staffelberg Helles Vollbier,1.9,Germany,3.47,Staffelberg-Bräu,5.0,Lager - Helles,500ml,500,3.8,Lager
Nothelfer Trunk Export Dunkel,1.9,Germany,3.37,Alte Klosterbrauerei Vierzehnheiligen Brauerei Trunk,5.1,Lager - Munich Dunkel,500ml,500,3.8,Lager
Wagner Lagerbier ungespundet,1.9,Germany,3.36,Brauerei Wagner Merkendorf,5.3,Kellerbier / Zwickelbier,500ml,500,3.8,Kellerbier / Zwickelbier
Mönchshof - Landbier,1.9,Germany,3.25,Kulmbacher Brauerei,5.4,Lager - Dortmunder / Export,500ml,500,3.8,Lager
Aufsesser Pils,1.9,Germany,3.3,Privatbrauerei Rothenbach,5.0,Pilsner - German,500ml,500,3.8,Pilsner
Hönicka Helles,1.9,Germany,3.43,Hönicka Bräu,4.9,Lager - Helles,500ml,500,3.8,Lager
Hummel Kellerbier,1.9,Germany,3.49,Hummels Brauhaus,5.0,Kellerbier / Zwickelbier,500ml,500,3.8,Kellerbier / Zwickelbier
Maisel's Pilsner,1.9,Germany,3.34,Brauerei Gebr. Maisel,5.4,Pilsner - German,500ml,500,3.8,Pilsner
Krug Breitenlesauer Weisse,1.9,Germany,3.49,Krug-Bräu,5.3,Wheat Beer - Hefeweizen,500ml,500,3.8,Wheat Beer
Weismainer Hell,1.9,Germany,3.31,Weismainer Püls-Bräu,4.6,Lager - Helles,500ml,500,3.8,Lager
Non Alcoholic Lemon Radler,1.9,Poland,3.54,Browar Stu Mostów,0.5,Non-Alcoholic - Sour,Bottle 500ml,500,3.8,Non-Alcoholic
Mönchshof Natur Radler Alkoholfrei,1.9,Germany,3.21,Kulmbacher Brauerei,12.0,Non-Alcoholic - Shandy / Radler,500ml,500,3.8,Non-Alcoholic
Maisel's Weisse Alkoholfrei,1.9,Germany,3.23,Brauerei Gebr. Maisel,5.1,Non-Alcoholic - Wheat,500ml,500,3.8,Non-Alcoholic
Maisel's Weisse Original,1.9,Germany,3.6,Brauerei Gebr. Maisel,5.1,Wheat Beer - Hefeweizen,500ml,500,3.8,Wheat Beer
Erdinger Alcoholvrij,1.9,Germany,2.9,Erdinger Weissbräu,0.4,Non-Alcoholic - Wheat,500ml,500,3.8,Non-Alcoholic
Pilzner,1.9,Poland,3.15,Browar Fortuna,5.4,Pilsner - Other,Bottle 500ml,500,3.8,Pilsner
Langbräu Märzen Spezial,1.9,Germany,3.44,Lang-Bräu,5.5,Märzen,500ml,500,3.8,Märzen
Held Hell,1.9,Germany,3.35,Held Bräu,4.9,Lager - Helles,500ml,500,3.8,Lager
Frauendorfer Hell,1.9,Germany,3.42,Brauerei Hetzel,4.4,Lager - Helles,500ml,500,3.8,Lager
Heinzlein Dunkles,1.9,Germany,2.48,"Schlenkerla (""Heller-Bräu"" Trum)",0.9,Lager - Dark,500ml,500,3.8,Lager
Export-Bier,1.9,Germany,3.39,Brauerei Ott,5.3,Lager - Dortmunder / Export,500ml,500,3.8,Lager
Weismainer Flechterla Zwick'l,1.9,Germany,3.35,Weismainer Püls-Bräu,5.0,Kellerbier / Zwickelbier,500ml,500,3.8,Kellerbier / Zwickelbier
14-Heiligen Nothelfer Lager,1.9,Germany,3.44,Alte Klosterbrauerei Vierzehnheiligen Brauerei Trunk,4.7,Lager - Helles,500ml,500,3.8,Lager
Kuchlbauer Turmweisse,1.9,Germany,3.59,Weissbierbrauer Kuchlbauer,5.9,Wheat Beer - Hefeweizen,500ml,500,3.8,Wheat Beer
Meister Zwickl,1.9,Austria,3.48,Zillertal Bier,5.0,Kellerbier / Zwickelbier,500ml,500,3.8,Kellerbier / Zwickelbier
Hübner Steinfelder Hell,1.9,Germany,3.28,Hübner Bräu Steinfeld,5.0,Lager - Helles,500ml,500,3.8,Lager
EKU Pils,1.9,Germany,3.25,Kulmbacher Brauerei,4.9,Pilsner - German,500ml,500,3.8,Pilsner
Binkert - Original,1.9,Germany,3.22,Brauhaus Binkert,4.9,Pilsner - German,500ml,500,3.8,Pilsner
Günther Schwarzbier,1.9,Germany,3.51,Günther-Bräu,5.2,Schwarzbier,500ml,500,3.8,Schwarzbier
Hübner Vollbier,1.9,Germany,3.36,Hübner Bräu Steinfeld,5.0,Lager - Vienna,500ml,500,3.8,Lager
Weiherer Lager,1.9,Germany,3.39,Brauerei Kundmüller,4.7,Lager - Helles,500ml,500,3.8,Lager
Günther Kellerbier,1.9,Germany,3.46,Günther-Bräu,5.0,Kellerbier / Zwickelbier,500ml,500,3.8,Kellerbier / Zwickelbier
Greif Bräu - Schlöbberla,1.9,Germany,3.45,Brauerei Josef Greif,5.0,Lager - Amber / Red,500ml,500,3.8,Lager
Brauerei Wagner - Richard Wagner Dunkel,1.9,Germany,3.37,Brauerei Wagner Merkendorf,5.5,Lager - Munich Dunkel,500ml,500,3.8,Lager
Staffelberg Querkerla,1.9,Germany,3.21,Staffelberg-Bräu,5.3,Rauchbier,500ml,500,3.8,Rauchbier
Günther Landbier Dunkel,1.9,Germany,3.45,Günther-Bräu,5.2,Lager - Munich Dunkel,500ml,500,3.8,Lager
Chmielowy Lager,1.9,Poland,3.37,Browar Fortuna,4.5,Lager - American Amber / Red,Bottle 500ml,500,3.8,Lager
Zeezuiper,2.9,Belgium,3.66,Scheldebrouwerij,8.0,Belgian Tripel,Bottle 750ml,750,3.87,Belgian Tripel
Maisel's Dunkel Hefe-Weissbier,1.95,Germany,3.51,Brauerei Gebr. Maisel,5.1,Wheat Beer - Dunkelweizen,500ml,500,3.9,Wheat Beer
Sour Fruit Ale Strawberry,1.29,Sweden,3.56,Poppels Bryggeri,4.5,Sour - Fruited,Can 330ml,330,3.91,Sour
Grüner Vollbier Hell,1.97,Germany,3.57,Brauerei-Gasthof zum Grünen Baum Bayer Theinheim,4.7,Kellerbier / Zwickelbier,500ml,500,3.94,Kellerbier / Zwickelbier
Hofbräu Original,1.97,Germany,3.55,Staatliches Hofbräuhaus München,5.1,Lager - Helles,500ml,500,3.94,Lager
Störtebeker BIO Baltik Lager,1.97,Germany,3.33,Störtebeker Braumanufaktur,5.5,Märzen,500ml,500,3.94,Märzen
Etalon,1.98,Hungary,3.43,Szent András Sörfőzde,4.2,Pilsner - Czech / Bohemian,500ml,500,3.96,Pilsner
König Ludwig Weissbier Hell,1.99,Germany,3.44,König Ludwig Schlossbrauerei Kaltenberg,5.5,Wheat Beer - Hefeweizen,500ml,500,3.98,Wheat Beer
Hefe Weisse,1.99,Germany,3.58,Brauhaus Riegele,5.0,Wheat Beer - Hefeweizen,500ml,500,3.98,Wheat Beer
Giesinger Untergiesinger Erhellung 330ml,1.99,Germany,3.58,Giesinger Bräu,5.3,Kellerbier / Zwickelbier,500ml,500,3.98,Kellerbier / Zwickelbier
Oktoberfestbier,1.99,Germany,3.55,Paulaner Brauerei,6.0,Festbier,500ml,500,3.98,Festbier
Hofbräu Oktoberfestbier,1.99,Germany,3.6,Staatliches Hofbräuhaus München,6.3,Festbier,500ml,500,3.98,Festbier
Giesinger Weißbier,1.99,Germany,3.6,Giesinger Bräu,5.5,Wheat Beer - Hefeweizen,500ml,500,3.98,Wheat Beer
Löwenbräu Oktoberfestbier,1.99,Germany,3.34,Spaten-Franziskaner-Löwenbräu-Gruppe,6.1,Festbier,500ml,500,3.98,Festbier
Budweiser Budvar Original Czech Lager,1.99,Czech Republic,3.3,Budějovický Budvar,5.0,Pilsner - Czech / Bohemian,500ml,500,3.98,Pilsner
Spaten Oktoberfestbier,1.99,Germany,3.56,Spaten-Franziskaner-Löwenbräu-Gruppe,5.9,Festbier,500ml,500,3.98,Festbier
Winterbock,1.99,Germany,3.34,Bitburger Brauerei,7.0,Bock - Hell / Maibock / Lentebock,500ml,500,3.98,Bock
Luctor Et Emergo - Tarwe Blond,2.99,Netherlands,3.44,Bierbrouwerij Vermeersen,6.5,Blonde / Golden Ale - Other,Bottle 750ml,750,3.99,Blonde / Golden Ale
Weissenoher Klostersud,2.0,Germany,3.36,Klosterbrauerei Weissenohe,5.4,Lager - Vienna,500ml,500,4.0,Lager
Helles,2.0,Germany,3.45,Manns Bräu,4.8,Lager - Helles,500ml,500,4.0,Lager
Keesmann Herrenpils,2.0,Germany,3.44,Keesmann Bräu,4.8,Pilsner - German,500ml,500,4.0,Pilsner
14-Heiligen Nothelfer Bio-Weisse,2.0,Germany,3.63,Alte Klosterbrauerei Vierzehnheiligen Brauerei Trunk,5.3,Wheat Beer - Hefeweizen,500ml,500,4.0,Wheat Beer
Schübel - Hell,2.0,Germany,3.28,Schübel Bräu,4.9,Kellerbier / Zwickelbier,500ml,500,4.0,Kellerbier / Zwickelbier
Eichhorn Schwarzer Adler,2.0,Germany,3.59,Brauerei Eichhorn Dörfleins,6.0,Lager - Dark,500ml,500,4.0,Lager
Lager Bezalkoholowe,2.0,Poland,2.89,Browar Zamkowy Cieszyn,0.5,Non-Alcoholic - Lager,Bottle 500ml,500,4.0,Non-Alcoholic
Bamberger Braunbier,2.0,Germany,3.49,Klosterbräu Bamberg,5.5,Historical Beer - Other,500ml,500,4.0,Historical Beer
Weiherer Zwickerla Alkoholfrei,2.0,Germany,2.75,Brauerei Kundmüller,0.4,Non-Alcoholic - Lager,500ml,500,4.0,Non-Alcoholic
Mager Dunkel,2.0,Germany,3.34,Brauerei Mager Pottenstein,5.1,Lager - Munich Dunkel,500ml,500,4.0,Lager
Mahrs Bräu a U,2.0,Germany,3.58,Mahr's Bräu,5.2,Kellerbier / Zwickelbier,500ml,500,4.0,Kellerbier / Zwickelbier
St. Georgen Alkoholfrei,2.0,Germany,2.74,St. GeorgenBräu,5.6,Non-Alcoholic - Lager,500ml,500,4.0,Non-Alcoholic
Becher Vollbier,2.0,Germany,3.26,Becher Bräu,4.7,Kellerbier / Zwickelbier,500ml,500,4.0,Kellerbier / Zwickelbier
Czarne Bezalkoholowe,2.0,Poland,3.03,Browar Fortuna,5.0,Non-Alcoholic - Other,Bottle 500ml,500,4.0,Non-Alcoholic
Mager Ur-Hell,2.0,Germany,3.55,Brauerei Gasthof Grasser,5.0,Kellerbier / Zwickelbier,500ml,500,4.0,Kellerbier / Zwickelbier
Nankendorfer Weizenbier,2.0,Germany,3.48,Schroll Bräu Nankendorf,5.5,Wheat Beer - Hefeweizen,500ml,500,4.0,Wheat Beer
Lager,2.0,Germany,3.51,Brauerei Knoblach Schammelsdorf,5.3,Kellerbier / Zwickelbier,500ml,500,4.0,Kellerbier / Zwickelbier
Mönchshof - Naturradler Blutorange,2.0,Germany,3.43,Kulmbacher Brauerei,2.5,Shandy / Radler,500ml,500,4.0,Shandy / Radler
Frauendorfer Rauchbier,2.0,Germany,3.4,Brauerei Hetzel,5.4,Rauchbier,500ml,500,4.0,Rauchbier
Spezialbier >Edel<,2.0,Germany,3.45,ABK (Aktienbrauerei Kaufbeuren),5.8,Festbier,500ml,500,4.0,Festbier
Winterbier,2.0,Germany,3.18,Arcobräu Gräfliches Brauhaus,5.5,Lager - Winter,500ml,500,4.0,Lager
Winter-Weissbier Naturtrüb,2.0,Germany,3.38,Kulmbacher Brauerei,5.4,Wheat Beer - Hefeweizen,500ml,500,4.0,Wheat Beer
Weihnachtsbier,2.0,Germany,3.21,Kulmbacher Brauerei,5.6,Lager - Winter,500ml,500,4.0,Lager
Hell,2.0,Germany,3.32,Klosterbrauerei Kemnath,4.9,Lager - Helles,500ml,500,4.0,Lager
Günther Bockbier Dunkel,2.0,Germany,3.6,Günther-Bräu,7.5,Bock - Single / Traditional,500ml,500,4.0,Bock
Hell,2.0,Germany,3.44,Brauerei Meister,4.8,Lager - Helles,500ml,500,4.0,Lager
Günther Wintergold,2.0,Germany,3.45,Günther-Bräu,5.8,Lager - Winter,500ml,500,4.0,Lager
Czarne,2.0,Poland,2.95,Browar Fortuna,5.8,Spiced / Herbed Beer,Bottle 500ml,500,4.0,Spiced / Herbed Beer
Fässla Zwergla,2.0,Germany,3.44,Privatbrauerei Fässla Bamberg,6.0,Lager - Munich Dunkel,500ml,500,4.0,Lager
Staffelberg Weißbier,2.0,Germany,3.52,Staffelberg-Bräu,5.2,Wheat Beer - Hefeweizen,500ml,500,4.0,Wheat Beer
Stöckel - Ahorntaler Lager Hell,2.0,Germany,3.39,Privatbrauerei Stöckel,5.1,Lager - Helles,500ml,500,4.0,Lager
Schübel Pressecker Drachenseidla,2.0,Germany,3.28,Schübel Bräu,4.9,Kellerbier / Zwickelbier,500ml,500,4.0,Kellerbier / Zwickelbier
Das Echte Bernstein,2.0,Germany,3.29,Klosterbrauerei Kemnath,5.1,Lager - Amber / Red,500ml,500,4.0,Lager
Krug Pils,2.0,Germany,3.42,Krug-Bräu,4.9,Pilsner - German,500ml,500,4.0,Pilsner
Kuchlbauer Weisse,2.0,Germany,3.61,Weissbierbrauer Kuchlbauer,5.2,Wheat Beer - Hefeweizen,500ml,500,4.0,Wheat Beer
Nankendorfer Trüber Hammel,2.0,Germany,3.46,Schroll Bräu Nankendorf,5.2,Pilsner - German,500ml,500,4.0,Pilsner
Märzen,2.0,Germany,3.51,Brauerei Hummel,5.4,Märzen,500ml,500,4.0,Märzen
Knoblach Lagerbier,2.0,Germany,3.51,Brauerei Knoblach Schammelsdorf,5.3,Kellerbier / Zwickelbier,500ml,500,4.0,Kellerbier / Zwickelbier
Weißenoher Altfränkisches Klosterbier,2.0,Germany,3.43,Klosterbrauerei Weissenohe,5.1,Märzen,500ml,500,4.0,Märzen
Gampert Weihnachtsbier,2.0,Germany,3.3,Gampertbräu,5.5,Lager - Winter,500ml,500,4.0,Lager
Schübel - a fränkisch,2.0,Germany,3.06,Schübel Bräu,4.9,Kellerbier / Zwickelbier,500ml,500,4.0,Kellerbier / Zwickelbier
Obaladara,2.0,Germany,3.45,Brauerei Ott,5.3,Lager - Munich Dunkel,500ml,500,4.0,Lager
Meinel Mephisto,2.0,Germany,3.22,Meinel Bräu,5.2,Rauchbier,500ml,500,4.0,Rauchbier
Günther Bockbier Hell,2.0,Germany,3.54,Günther-Bräu,7.5,Bock - Hell / Maibock / Lentebock,500ml,500,4.0,Bock
Erdinger Hefe-weizen,2.0,Germany,3.65,Erdinger Weissbräu,5.3,Wheat Beer - Hefeweizen,500ml,500,4.0,Wheat Beer
Aufsesser Wegseidla Winteredition,2.0,Germany,3.39,Privatbrauerei Rothenbach,4.9,Lager - Helles,500ml,500,4.0,Lager
Aufsesser Bock Dunkel,2.0,Germany,3.44,Privatbrauerei Rothenbach,7.0,Bock - Single / Traditional,500ml,500,4.0,Bock
St. Georgen Landbier,2.0,Germany,3.29,St. GeorgenBräu,4.9,Lager - Munich Dunkel,500ml,500,4.0,Lager
Scherdel Premium Pilsener,2.0,Germany,3.08,Scherdel Bier,4.9,Pilsner - German,500ml,500,4.0,Pilsner
Aktien Zwick'l,2.0,Germany,3.5,Bayreuther Bierbrauerei,5.3,Kellerbier / Zwickelbier,500ml,500,4.0,Kellerbier / Zwickelbier
Mainseidla Pils,2.0,Germany,3.29,Brauhaus Binkert,5.1,Pilsner - German,500ml,500,4.0,Pilsner
Gampert Kättlbier,2.0,United States,3.53,Storm Peak Brewing Company,4.9,Pilsner - Other,500ml,500,4.0,Pilsner
Held Festbier,2.0,Germany,3.44,Held Bräu,5.3,Festbier,500ml,500,4.0,Festbier
Mainseidla Amber Special,2.0,Germany,3.27,Brauhaus Binkert,5.9,Red Ale - American Amber / Red,500ml,500,4.0,Red Ale
Meinel Dunkel,2.0,Germany,3.29,Meinel Bräu,4.3,Lager - Munich Dunkel,500ml,500,4.0,Lager
Dunkles Hefeweizen,2.0,Germany,3.67,Brauerei Gutmann,5.2,Wheat Beer - Dunkelweizen,500ml,500,4.0,Wheat Beer
Mainseidla Hell,2.0,Germany,3.33,Brauhaus Binkert,4.9,Lager - Helles,500ml,500,4.0,Lager
St. Georgen Heller Bock,2.0,Germany,3.43,St. GeorgenBräu,6.5,Bock - Hell / Maibock / Lentebock,500ml,500,4.0,Bock
Helles Hefeweizen,2.0,Germany,3.72,Brauerei Gutmann,5.2,Wheat Beer - Hefeweizen,500ml,500,4.0,Wheat Beer
Meinel Pils,2.0,Germany,3.48,Meinel Bräu,5.2,Pilsner - German,500ml,500,4.0,Pilsner
Pils,2.0,Germany,3.29,Glenk,4.8,Pilsner - German,500ml,500,4.0,Pilsner
Becher Kräußen Pils,2.0,Germany,3.35,Becher Bräu,4.7,Pilsner - German,500ml,500,4.0,Pilsner
Stöckel - Ahorntaler Landbier,2.0,Germany,3.4,Privatbrauerei Stöckel,5.1,Lager - Munich Dunkel,500ml,500,4.0,Lager
Zwickl,2.0,Germany,3.44,Brauerei Nothhaft,4.9,Kellerbier / Zwickelbier,500ml,500,4.0,Kellerbier / Zwickelbier
Bayreuther Hell,2.0,Germany,3.52,Bayreuther Bierbrauerei,4.9,Lager - Helles,500ml,500,4.0,Lager
Aufsesser Bock Hell,2.0,Germany,3.44,Privatbrauerei Rothenbach,7.2,Bock - Hell / Maibock / Lentebock,500ml,500,4.0,Bock
Langbräu Burggraf Dunkel,2.0,Germany,3.39,Lang-Bräu,5.5,Lager - Munich Dunkel,500ml,500,4.0,Lager
Dorn Hell,2.0,Germany,3.44,Dorn-Bräu Inh. Karl Dorn,5.0,Lager - Helles,500ml,500,4.0,Lager
Meinel Helles,2.0,Germany,3.46,Meinel Bräu,4.6,Lager - Helles,500ml,500,4.0,Lager
Knoblach Räuschla,2.0,Germany,3.56,Brauerei Knoblach Schammelsdorf,5.4,Märzen,500ml,500,4.0,Märzen
Grodziskie Mango Ale Bezalkoholowe,2.0,Poland,3.28,Browar Grodzisk,16.5,Non-Alcoholic - Other,Bottle 500ml,500,4.0,Non-Alcoholic
Krug Bernsteinradler,2.0,Germany,3.32,Krug-Bräu,2.4,Shandy / Radler,500ml,500,4.0,Shandy / Radler
Mager Märzen,2.0,Germany,3.29,Brauerei Mager Pottenstein,5.1,Märzen,500ml,500,4.0,Märzen
Hefe Weizen,2.0,Germany,3.67,Paulaner Brauerei,5.5,Wheat Beer - Hefeweizen,500ml,500,4.0,Wheat Beer
Staffelberg Alkoholfreies Weizen,2.0,Germany,3.17,Staffelberg-Bräu,5.5,Non-Alcoholic - Wheat,500ml,500,4.0,Non-Alcoholic
Scherdel Zoigl,2.0,Germany,3.45,Scherdel Bier,5.2,Historical Beer - Zoigl,500ml,500,4.0,Historical Beer
Radler Hell,2.0,Germany,3.21,Brauerei Kundmüller,2.4,Shandy / Radler,500ml,500,4.0,Shandy / Radler
Nankendorfer Hell,2.0,Germany,3.39,Schroll Bräu Nankendorf,5.2,Lager - Helles,500ml,500,4.0,Lager
Pils,2.0,Germany,3.42,Brauerei Wagner Merkendorf,4.9,Pilsner - German,500ml,500,4.0,Pilsner
Schübel Nordeck-Trunk,2.0,Germany,3.32,Schübel Bräu,4.9,Kellerbier / Zwickelbier,500ml,500,4.0,Kellerbier / Zwickelbier
Keesmann Lager,2.0,Germany,3.43,Keesmann Bräu,5.0,Lager - Amber / Red,500ml,500,4.0,Lager
Edelherb,2.0,Germany,3.29,Kulmbacher Brauerei,4.9,Pilsner - German,500ml,500,4.0,Pilsner
Weiherer Weizen Alkoholfrei,2.0,Germany,2.71,Brauerei Kundmüller,0.5,Non-Alcoholic - Wheat,500ml,500,4.0,Non-Alcoholic
St. Georgen Pils,2.0,Germany,3.31,St. GeorgenBräu,4.9,Pilsner - German,500ml,500,4.0,Pilsner
Nankendorfer Landbier,2.0,Germany,3.38,Schroll Bräu Nankendorf,5.2,Lager - Vienna,500ml,500,4.0,Lager
Vollbier,2.0,Germany,3.34,Brauerei Meister,4.9,Lager - Vienna,500ml,500,4.0,Lager
Lagerbier ungespundet,2.0,Germany,3.36,Brauerei Wagner Merkendorf,5.3,Kellerbier / Zwickelbier,500ml,500,4.0,Kellerbier / Zwickelbier
Kellerbier,2.0,Germany,3.38,Brauerei Rittmayer Hallerndorf,5.0,Kellerbier / Zwickelbier,500ml,500,4.0,Kellerbier / Zwickelbier
Alkoholfreies Kellerbier,2.0,Germany,3.15,Brauerei Rittmayer Hallerndorf,7.0,Non-Alcoholic - Lager,500ml,500,4.0,Non-Alcoholic
Rittmayer 1422,2.0,Germany,3.29,Brauerei Rittmayer Hallerndorf,5.8,Festbier,500ml,500,4.0,Festbier
Urhell,2.0,Germany,3.32,Brauerei Nothhaft,4.9,Lager - Helles,500ml,500,4.0,Lager
Bamberger Schwärzla,2.0,Germany,3.54,Klosterbräu Bamberg,5.0,Schwarzbier,500ml,500,4.0,Schwarzbier
Augustinerbrau Lagerbier Hell,3.0,Germany,3.64,Augustiner-Bräu München,5.2,Lager - Helles,Bottle 750ml,750,4.0,Lager
Richard Wagner Dunkel,2.0,Germany,3.37,Brauerei Wagner Merkendorf,5.5,Lager - Munich Dunkel,500ml,500,4.0,Lager
Herb Groen Alkoholfrei,1.35,Germany,2.87,Warsteiner,0.5,Non-Alcoholic - Other,330ml,330,4.09,Non-Alcoholic
Erdinger Alc. Vrij,2.05,Germany,2.9,Erdinger Weissbräu,0.2,Non-Alcoholic - Wheat,500ml,500,4.1,Non-Alcoholic
Weissbier Alkoholfrei,2.05,Germany,2.9,Erdinger Weissbräu,0.4,Non-Alcoholic - Wheat,500ml,500,4.1,Non-Alcoholic
Hohenthanner Kellerbier Hell,2.06,Germany,3.35,Hohenthanner Schlossbrauerei,5.0,Kellerbier / Zwickelbier,500ml,500,4.12,Kellerbier / Zwickelbier
Hip Hop Alicious IPA,3.1,Belgium,3.38,De Keukenbrouwers,8.0,IPA - Imperial / Double,Bottle 750ml,750,4.13,IPA
Störtebeker Bernstein Weizen,2.09,Germany,3.43,Störtebeker Braumanufaktur,5.3,Wheat Beer - Hefeweizen,500ml,500,4.18,Wheat Beer
Störtebeker Schwarzbier,2.09,Germany,3.3,Störtebeker Braumanufaktur,5.0,Schwarzbier,500ml,500,4.18,Schwarzbier
Hefe Weisse,2.09,Germany,3.67,Paulaner Brauerei,5.5,Wheat Beer - Hefeweizen,500ml,500,4.18,Wheat Beer
Störtebeker Pilsener,2.09,Germany,2.65,Frankfurter Brauhaus,5.1,Pilsner - Other,500ml,500,4.18,Pilsner
Papegaei,3.14,Belgium,3.6,Brouwerij Verstraete,8.0,Belgian Strong Golden Ale,Bottle 750ml,750,4.19,Belgian Strong Golden Ale
Dunkel,2.1,Germany,3.49,Manns Bräu,5.5,Lager - Munich Dunkel,500ml,500,4.2,Lager
Original,2.1,Germany,3.34,Brauerei Göller,4.9,Pilsner - German,500ml,500,4.2,Pilsner
Weiherer Rauch,2.1,Germany,3.39,Brauerei Kundmüller,5.3,Rauchbier,500ml,500,4.2,Rauchbier
Helles Schlenkerla Lagerbier  -  THT/BBE 10/24,2.1,Germany,3.48,"Schlenkerla (""Heller-Bräu"" Trum)",4.3,Lager - Helles,500ml,500,4.2,Lager
Hönicka Luisenburg Pils,2.1,Germany,3.24,Hönicka Bräu,4.9,Pilsner - German,500ml,500,4.2,Pilsner
Lindenhardter Pils,2.1,Germany,3.45,Brauerei Kürzdörfer,5.0,Pilsner - Other,500ml,500,4.2,Pilsner
Pils Time,2.1,Poland,3.44,Browar PINTA,5.0,Pilsner - Other,500ml,500,4.2,Pilsner
Reh Bock,2.1,United States,3.36,Saddlebock Brewery,6.3,Bock - Single / Traditional,500ml,500,4.2,Bock
Langbräu Festbier,2.1,Germany,3.43,Lang Bräu Freyung,5.5,Festbier,500ml,500,4.2,Festbier
St. Georgen Winterbier,2.1,Germany,3.33,St. GeorgenBräu,5.6,Festbier,500ml,500,4.2,Festbier
Weiherer Keller,2.1,Germany,3.46,Brauerei Kundmüller,4.9,Kellerbier / Zwickelbier,500ml,500,4.2,Kellerbier / Zwickelbier
Heinzlein Dunkel,2.1,Germany,2.48,"Schlenkerla (""Heller-Bräu"" Trum)",0.9,Lager - Dark,500ml,500,4.2,Lager
Langbräu Weissbier,2.1,Germany,3.45,Lang-Bräu,5.2,Wheat Beer - Hefeweizen,500ml,500,4.2,Wheat Beer
Mainseidla Kellerbier,2.1,Germany,3.24,Brauhaus Binkert,4.9,Kellerbier / Zwickelbier,500ml,500,4.2,Kellerbier / Zwickelbier
Zwickl,2.1,Germany,3.53,Brauerei Reichold,5.2,Kellerbier / Zwickelbier,500ml,500,4.2,Kellerbier / Zwickelbier
Leupser Dunkel,2.1,Germany,3.5,Brauerei Gradl,4.9,Lager - Munich Dunkel,500ml,500,4.2,Lager
Stelzer - Zoigl Bier,2.1,Germany,3.37,Schloßbrauerei Stelzer Fattigau,5.0,Historical Beer - Zoigl,500ml,500,4.2,Historical Beer
Rauchbier Lager,2.1,Germany,3.55,Brauerei Spezial,4.9,Lager - Smoked,500ml,500,4.2,Lager
Lager Hell,2.1,Germany,3.33,Brauerei Püttner,4.7,Lager - Helles,500ml,500,4.2,Lager
Sonne Urtyp Hell,2.1,Germany,3.53,Hausbrauerei zur Sonne Bischberg,4.8,Lager - Helles,500ml,500,4.2,Lager
Hönicka Bräu - Fichtelstoff,2.1,Germany,3.35,Hönicka Bräu,5.0,Kellerbier / Zwickelbier,500ml,500,4.2,Kellerbier / Zwickelbier
Lindenhardter Landbier,2.1,Germany,3.48,Brauerei Kürzdörfer,5.0,Lager - Munich Dunkel,500ml,500,4.2,Lager
ArcyLager,2.1,Poland,3.29,Browar Fortuna,4.7,Lager - Japanese Rice,Bottle 500ml,500,4.2,Lager
Mahrs Pils,2.1,Germany,3.48,Mahr's Bräu,4.9,Pilsner - German,500ml,500,4.2,Pilsner
Mahrs Helles,2.1,Germany,3.52,Mahr's Bräu,4.9,Lager - Helles,500ml,500,4.2,Lager
Meinel Kellermärzen,2.1,Germany,3.55,Meinel Bräu,5.6,Märzen,500ml,500,4.2,Märzen
Zoigl,2.1,Germany,3.32,Brauerei Püttner,5.2,Historical Beer - Zoigl,500ml,500,4.2,Historical Beer
Mahrs a U,2.1,Germany,3.58,Mahr's Bräu,5.2,Kellerbier / Zwickelbier,500ml,500,4.2,Kellerbier / Zwickelbier
Flotzinger Cola - Mix,2.1,Germany,3.54,Flötzinger Bräu,3.0,Non-Alcoholic Beer - Shandy / Radler,500ml,500,4.2,Non-Alcoholic Beer
Bockbier,2.1,Germany,3.64,Brauerei Ott,6.8,Bock - Single / Traditional,500ml,500,4.2,Bock
Krug Festbier,2.1,Germany,3.45,Krug-Bräu,5.5,Festbier,500ml,500,4.2,Festbier
Mager Weihnachtsfestbier,2.1,Germany,3.44,Brauerei Mager Pottenstein,5.1,Festbier,500ml,500,4.2,Festbier
Nothelfer Bio Weisse,2.1,Germany,3.63,Alte Klosterbrauerei Vierzehnheiligen Brauerei Trunk,5.3,Wheat Beer - Hefeweizen,500ml,500,4.2,Wheat Beer
Rittmayer Kellerbier Alkoholfrei,2.1,Germany,3.15,Brauerei Rittmayer Hallerndorf,5.4,Non-Alcoholic - Lager,500ml,500,4.2,Non-Alcoholic
Held Weizenbock,2.1,Germany,3.57,Held Bräu,6.9,Bock - Weizenbock,500ml,500,4.2,Bock
Leupser Pils,2.1,Germany,3.44,Brauerei Gradl,4.9,Pilsner - Other,500ml,500,4.2,Pilsner
Krug Bockbier,2.1,Germany,3.48,Krug-Bräu,6.8,Bock - Single / Traditional,500ml,500,4.2,Bock
Dunkles Bockbier,2.1,Germany,3.53,Brauerei Göller,7.0,Bock - Single / Traditional,500ml,500,4.2,Bock
Modern Grodziskie zwrotna,2.1,Poland,3.53,Browar Grodzisk,3.1,Grodziskie / Grätzer,Bottle 500ml,500,4.2,Grodziskie / Grätzer
Hübner Festbier,2.1,Germany,3.47,Hübner Bräu Steinfeld,5.5,Festbier,500ml,500,4.2,Festbier
Keesmann Bockbier,2.1,Germany,3.56,Keesmann Bräu,7.5,Bock - Hell / Maibock / Lentebock,500ml,500,4.2,Bock
Ammerndorfer Landbier Dunkel,2.1,Germany,3.45,Dorn-Bräu Privatbrauerei Ammerndorf,5.6,Lager - Munich Dunkel,500ml,500,4.2,Lager
Hönicka Hönicklaus,2.1,Germany,,Hönicka Bräu,4.7,Kellerbier / Zwickelbier,500ml,500,4.2,Kellerbier / Zwickelbier
Stelzer - Schloß Bock,2.1,Germany,3.39,Schloßbrauerei Stelzer Fattigau,6.7,Bock - Single / Traditional,500ml,500,4.2,Bock
Ammerndorfer Keller Trunk,2.1,Germany,3.42,Dorn-Bräu Privatbrauerei Ammerndorf,4.9,Kellerbier / Zwickelbier,500ml,500,4.2,Kellerbier / Zwickelbier
Ammerndorfer Spezial,2.1,Germany,3.44,Dorn-Bräu Privatbrauerei Ammerndorf,5.3,Märzen,500ml,500,4.2,Märzen
Nankendorfer Bockbier,2.1,Germany,3.48,Schroll Bräu Nankendorf,7.0,Bock - Single / Traditional,500ml,500,4.2,Bock
Bayreuther Bockbier,2.1,Germany,3.51,Bayreuther Bierbrauerei,6.8,Bock - Single / Traditional,500ml,500,4.2,Bock
Hönicka Wonnesud,2.1,Germany,3.45,Hönicka Bräu,5.4,Lager - Munich Dunkel,500ml,500,4.2,Lager
Büchenbacher Beck'n Bier,2.1,Germany,3.52,Brauerei Herold,4.6,Lager - Munich Dunkel,500ml,500,4.2,Lager
Hazy Pszeniczne z Bananem,2.1,Poland,3.18,Sulimar - Browar Cornelius,3.0,Wheat Beer - Hefeweizen,Bottle 500ml,500,4.2,Wheat Beer
Langbräu Bock Hell,2.1,Germany,3.3,Lang-Bräu,7.5,Bock - Doppelbock,500ml,500,4.2,Bock
Stelzer - Keller Kupfer,2.1,Germany,3.45,Schloßbrauerei Stelzer Fattigau,5.3,Kellerbier / Zwickelbier,500ml,500,4.2,Kellerbier / Zwickelbier
Weizen,2.1,Germany,3.45,Manns Bräu,5.2,Wheat Beer - Hefeweizen,500ml,500,4.2,Wheat Beer
Brotzeitseidla,2.1,Germany,3.19,Brauerei Göller,4.3,Lager - Helles,500ml,500,4.2,Lager
Last Minute,2.1,Poland,3.84,Browar Stu Mostów,6.0,Pale Ale - New England / Hazy,Bottle 500ml,500,4.2,Pale Ale
Bayreuther Urstoff,2.1,Germany,3.54,Bayreuther Bierbrauerei,5.6,Lager - Dortmunder / Export,500ml,500,4.2,Lager
Festbier,2.1,Germany,3.37,Brauerei Ott,5.7,Festbier,500ml,500,4.2,Festbier
Hazy Pszeniczne z Grejpfrutem,2.1,Poland,3.18,Sulimar - Browar Cornelius,3.0,Wheat Beer - Hefeweizen,Bottle 500ml,500,4.2,Wheat Beer
Hallerndorfer Rauchbier,2.1,Germany,3.44,Brauerei Rittmayer Hallerndorf,5.0,Rauchbier,500ml,500,4.2,Rauchbier
Sosnowe APA,2.1,Poland,3.32,Browar Fortuna,4.8,Pale Ale - American,Bottle 500ml,500,4.2,Pale Ale
Nikl weiße Eule Hefeweißbier,2.1,Germany,3.62,Nikl-Bräu Pretzfeld,5.5,Wheat Beer - Hefeweizen,500ml,500,4.2,Wheat Beer
Festbier,2.1,Germany,3.54,Glenk,5.2,Festbier,500ml,500,4.2,Festbier
Adler Alt Fränkisches Lagerbier,2.1,Germany,3.47,Schwarzer Adler Bräu Stettfeld,5.2,Lager - Vienna,500ml,500,4.2,Lager
Stelzer - Ritter Trunk,2.1,Germany,3.57,Schloßbrauerei Stelzer Fattigau,5.5,Lager - Munich Dunkel,500ml,500,4.2,Lager
Alkoholfrei,2.1,Germany,2.53,Kulmbacher Brauerei,5.0,Non-Alcoholic - Lager,500ml,500,4.2,Non-Alcoholic
Weiherer Pils,2.1,Germany,3.37,Brauerei Kundmüller,4.7,Pilsner - German,500ml,500,4.2,Pilsner
Merkendorfer Helles,2.1,Germany,3.52,Brauerei Hummel,4.8,Lager - Helles,500ml,500,4.2,Lager
Grodziskie APA,2.1,Poland,3.26,Browar Grodzisk,5.2,Pale Ale - American,Bottle 500ml,500,4.2,Pale Ale
Grodziskie White IPA,2.1,Poland,3.54,Browar Grodzisk,5.8,IPA - White / Wheat,Bottle 500ml,500,4.2,IPA
Festbier,2.1,Germany,3.43,Brauerei Püttner,5.5,Festbier,500ml,500,4.2,Festbier
KristallWeissbier,2.1,Germany,3.68,Bayerische Staatsbrauerei Weihenstephan,5.4,Wheat Beer - Kristallweizen,500ml,500,4.2,Wheat Beer
Krug Gaas-Seidla,2.1,Germany,3.28,Krug-Bräu,2.7,Shandy / Radler,500ml,500,4.2,Shandy / Radler
Heinzlein Hell,2.1,Germany,2.4,"Schlenkerla (""Heller-Bräu"" Trum)",0.9,Lager - Leichtbier,500ml,500,4.2,Lager
Hütten Pils,2.1,Germany,3.31,Brauerei Hütten Trassl,4.8,Pilsner - German,500ml,500,4.2,Pilsner
Hütten Fichtelgold,2.1,Germany,3.42,Brauerei Hütten Trassl,5.8,Märzen,500ml,500,4.2,Märzen
Mahrs Sommerpils,2.1,Germany,3.13,Mahr's Bräu,2.8,Lager - Leichtbier,500ml,500,4.2,Lager
Würzburger Hofbräu - Sternla,2.1,Germany,3.28,Würzburger Hofbräu,4.9,Lager - Helles,500ml,500,4.2,Lager
Leicht,2.1,Germany,2.66,Kulmbacher Brauerei,2.9,Lager - Leichtbier,500ml,500,4.2,Lager
Mahrs E.T.A,2.1,Germany,3.51,Mahr's Bräu,5.0,Lager - Munich Dunkel,500ml,500,4.2,Lager
Mainseidla Original,2.1,Germany,3.22,Brauhaus Binkert,4.9,Pilsner - German,500ml,500,4.2,Pilsner
Veldensteiner Rotbier,2.1,Germany,3.28,Kaiser Bräu,5.4,Lager - Rotbier,500ml,500,4.2,Lager
Hönig Bockbier Hell,2.1,Germany,3.5,Brauerei Hönig Tiefenellern,7.2,Bock - Hell / Maibock / Lentebock,500ml,500,4.2,Bock
Premium Weisse,2.1,Germany,3.41,Privatbrauerei Stöckel,5.5,Wheat Beer - Hefeweizen,500ml,500,4.2,Wheat Beer
Blonde Snol,3.15,Netherlands,3.58,Dorpsbrouwerij de Pimpelmeesch,8.5,Belgian Tripel,Bottle 750ml,750,4.2,Belgian Tripel
Nikl Lagerbier Zwickl,2.1,Germany,3.53,Nikl-Bräu Pretzfeld,5.1,Kellerbier / Zwickelbier,500ml,500,4.2,Kellerbier / Zwickelbier
Schübel Kellerbock,2.1,Germany,3.32,Schübel Bräu,7.2,Bock - Single / Traditional,500ml,500,4.2,Bock
Primator Premium Lager Dobozos,2.1,Czech Republic,3.16,Primátor,5.0,Pilsner - Czech / Bohemian,500ml,500,4.2,Pilsner
Püttner - Einfach's Hells,2.1,Germany,3.42,Brauerei Püttner,4.7,Lager - Helles,500ml,500,4.2,Lager
Becher Stadtbier,2.1,Germany,3.36,Becher Bräu,5.6,Festbier,500ml,500,4.2,Festbier
ArcyIPA,2.1,Poland,3.48,Browar Fortuna,4.2,IPA - Session,Bottle 500ml,500,4.2,IPA
Huppendorfer Urtyp Hell,2.1,Germany,3.59,Brauerei Gasthof Grasser,5.2,Lager - Helles,500ml,500,4.2,Lager
Rotbier,2.1,Germany,3.46,Brauerei Schanzenbräu,4.9,Lager - Rotbier,500ml,500,4.2,Lager
Helles,2.1,Germany,3.47,Brauerei Schanzenbräu,4.9,Lager - Helles,500ml,500,4.2,Lager
Hütten Dunkel,2.1,Germany,3.24,Brauerei Hütten Trassl,5.2,Lager - Munich Dunkel,500ml,500,4.2,Lager
Basalter dunkel,2.1,Germany,3.42,Brauerei Püttner,5.2,Lager - Munich Dunkel,500ml,500,4.2,Lager
Máz Dobozos,2.1,Czech Republic,3.12,Svijany,4.8,Pilsner - Czech / Bohemian,500ml,500,4.2,Pilsner
Eichhorn Kellerbier,2.1,Germany,3.56,Brauerei Eichhorn Dörfleins,5.0,Kellerbier / Zwickelbier,500ml,500,4.2,Kellerbier / Zwickelbier
Göller - Kaiser Heinrich Urstoff,2.1,Germany,3.36,Brauerei Göller,5.2,Lager - Dortmunder / Export,500ml,500,4.2,Lager
Adler Stettfelder heller Bock,2.1,Germany,3.62,Schwarzer Adler Bräu Stettfeld,7.1,Bock - Hell / Maibock / Lentebock,500ml,500,4.2,Bock
Hütten Winter Festbier,2.1,Germany,3.57,Brauerei Hütten Trassl,5.5,Lager - Winter,500ml,500,4.2,Lager
Greif Bräu - Bock,2.1,Germany,3.53,Brauerei Josef Greif,6.6,Bock - Single / Traditional,500ml,500,4.2,Bock
DAB Export,1.4,Germany,3.46,Dortmunder Bergmann Brauerei,5.0,Lager - Dortmunder / Export,330ml,330,4.24,Lager
Berliner Weisse,1.4,Germany,2.66,Berliner-Kindl-Schultheiss-Brauerei,3.0,Sour - Berliner Weisse,330ml,330,4.24,Sour
Around,1.4,Poland,3.43,Browar Nepomucen,4.9,Lager - Helles,330ml,330,4.24,Lager
Floreffe Blond Beugel,1.4,Belgium,3.28,Brasserie Lefebvre,6.3,Belgian Blonde,330ml,330,4.24,Belgian Blonde
Coup de Grisou,3.2,France,3.75,Hoppy Road,4.6,Farmhouse Ale - Grisette,Bottle 750ml,750,4.27,Farmhouse Ale
This Is Hop*less,3.2,France,4.0,Brasserie Bendorf,5.0,Historical Beer - Gruit / Ancient Herbed Ale,Bottle 750ml,750,4.27,Historical Beer
Pilzner - keg zwrotny,129.1,Poland,3.15,Browar Fortuna,5.4,Pilsner - Other,30000ml,30000,4.3,Pilsner
Weissbier,2.15,Germany,3.52,Hoppebräu,5.5,Wheat Beer - Hefeweizen,500ml,500,4.3,Wheat Beer
Märzen,2.15,Germany,3.47,Badische Staatsbrauerei Rothaus,5.6,Märzen,500ml,500,4.3,Märzen
Dunkel,2.15,Germany,3.57,Erdinger Weissbräu,5.3,Wheat Beer - Dunkelweizen,500ml,500,4.3,Wheat Beer
Hell,2.15,Germany,3.42,Camba Bavaria,5.0,Lager - Helles,500ml,500,4.3,Lager
Adriaen Brouwer Audenaerds Bruyn,1.9,Belgium,3.18,Brouwerij Roman,5.0,Brown Ale - Belgian,Can 440ml,440,4.32,Brown Ale
Hop Soda® (schwarz),1.9,United States,3.52,Ballast Point Brewing Company,4.5,IPA - Brut,Can 440ml,440,4.32,IPA
Hop Soda® (weiß),1.9,United States,3.52,Ballast Point Brewing Company,4.5,IPA - Brut,Can 440ml,440,4.32,IPA
Helleketel,3.25,Belgium,3.32,Brouwerij De Bie,7.0,Belgian Strong Golden Ale,Bottle 750ml,750,4.33,Belgian Strong Golden Ale
Cuvée Clarisse Whisky Infused,3.25,Belgium,3.75,Brouwerij Wilderen,10.2,Belgian Strong Dark Ale,Bottle 750ml,750,4.33,Belgian Strong Dark Ale
Weisse,2.17,Germany,3.52,Keesmann Bräu,5.0,Wheat Beer - Hefeweizen,500ml,500,4.34,Wheat Beer
Jever Fun,1.44,Germany,2.57,Friesisches Brauhaus zu Jever,10.0,Non-Alcoholic - Lager,330ml,330,4.36,Non-Alcoholic
Störtebeker BIO Sommer-Wit,2.19,Germany,3.3,Störtebeker Braumanufaktur,4.7,Wheat Beer - Witbier / Blanche,500ml,500,4.38,Wheat Beer
Schneider TAP7 Original,2.19,Germany,3.66,Schneider Weisse G. Schneider & Sohn,5.4,Wheat Beer - Hefeweizen,500ml,500,4.38,Wheat Beer
Schneider TAP2 Kristall,2.19,Germany,3.51,Schneider Weisse G. Schneider & Sohn,5.3,Wheat Beer - Kristallweizen,500ml,500,4.38,Wheat Beer
Tucher Bajuvator Dunkler Doppelbock,2.19,Germany,3.57,Tucher Bräu,7.5,Bock - Doppelbock,500ml,500,4.38,Bock
Sebaldus Weizen Helles Hefe,2.19,Germany,3.56,Tucher Bräu,6.0,Wheat Beer - Hefeweizen,500ml,500,4.38,Wheat Beer
Störtebeker BIO Bernstein Weizen alkoholfrei,2.19,Germany,3.61,Störtebeker Braumanufaktur,5.3,Wheat Beer - Hefeweizen,500ml,500,4.38,Wheat Beer
Schneider TAP1 Helle Weisse,2.19,Germany,3.61,Schneider Weisse G. Schneider & Sohn,4.9,Wheat Beer - Hefeweizen,500ml,500,4.38,Wheat Beer
Störtebeker Hanse-Porter,2.19,Germany,3.11,Störtebeker Braumanufaktur,4.0,Porter - Other,500ml,500,4.38,Porter
Würziges Export,2.19,Germany,3.46,Brauhaus Riegele,5.5,Lager - Dortmunder / Export,500ml,500,4.38,Lager
Alte Weisse,2.19,Germany,3.51,Brauhaus Riegele,5.0,Wheat Beer - Dunkelweizen,500ml,500,4.38,Wheat Beer
Feines Urhell,2.19,Germany,3.49,Brauhaus Riegele,4.7,Lager - Helles,500ml,500,4.38,Lager
Störtebeker Roggen-Weizen,2.19,Germany,3.45,Störtebeker Braumanufaktur,5.4,Roggenbier,500ml,500,4.38,Roggenbier
Aldersbacher BIO Kellerbier,2.19,Germany,3.45,Brauerei Aldersbach,5.2,Kellerbier / Zwickelbier,500ml,500,4.38,Kellerbier / Zwickelbier
Störtebeker BIO Nordisch-Hell,2.19,Germany,3.42,Störtebeker Braumanufaktur,4.6,Lager - Helles,500ml,500,4.38,Lager
Hohenthanner Hefe-Weißbier Hell,2.19,Germany,3.6,Hohenthanner Schlossbrauerei,5.6,Wheat Beer - Hefeweizen,500ml,500,4.38,Wheat Beer
Störtebeker BIO Keller-Bier 1402,2.19,Germany,3.29,Störtebeker Braumanufaktur,4.8,Kellerbier / Zwickelbier,500ml,500,4.38,Kellerbier / Zwickelbier
Störtebeker BIO Starkbier,2.19,Germany,3.36,Störtebeker Braumanufaktur,7.5,Bock - Doppelbock,500ml,500,4.38,Bock
Hell,2.19,Germany,3.5,Ayinger Privatbrauerei,4.9,Lager - Helles,500ml,500,4.38,Lager
Störtebeker Atlantik Ale,2.19,Germany,3.49,Störtebeker Braumanufaktur,5.1,Pale Ale - American,500ml,500,4.38,Pale Ale
Aldersbacher Kloster Hell,2.19,Germany,3.31,Brauerei Aldersbach,4.9,Lager - Helles,500ml,500,4.38,Lager
Camba Dunkel,2.19,Germany,3.45,Camba Bavaria,5.0,Lager - Munich Dunkel,500ml,500,4.38,Lager
Zipfer Märzen,2.19,Austria,3.15,Brauerei Zipf,5.0,Märzen,500ml,500,4.38,Märzen
Lauterbacher Brotzeit Bier Hell,2.19,Germany,3.49,Brauhaus Riegele,5.1,Lager - Helles,500ml,500,4.38,Lager
Störtebeker Atlantik Ale Alkoholfrei,2.19,Germany,3.38,Störtebeker Braumanufaktur,0.5,Non-Alcoholic - Pale Ale,500ml,500,4.38,Non-Alcoholic
Schneider LoveBeer Weissbier,2.19,Germany,3.5,Schneider Weisse G. Schneider & Sohn,4.9,Wheat Beer - Hefeweizen,500ml,500,4.38,Wheat Beer
Aldersbacher Urhell,2.19,Germany,3.45,Brauerei Aldersbach,5.1,Lager - Helles,500ml,500,4.38,Lager
Störtebeker Herbstfestbier,2.19,Germany,3.51,Störtebeker Braumanufaktur,5.8,Festbier,500ml,500,4.38,Festbier
Crew Republic Iron Maiden Trooper,2.19,Germany,3.58,CREW Republic,5.3,Kellerbier / Zwickelbier,500ml,500,4.38,Kellerbier / Zwickelbier
Schneider's Helles Landbier,2.19,Germany,3.52,Schneider's Landbrauerei,4.9,Lager - Helles,500ml,500,4.38,Lager
Hohenthanner Weißbier Alkoholfrei,2.19,Germany,2.94,Hohenthanner Schlossbrauerei,0.5,Non-Alcoholic - Wheat,500ml,500,4.38,Non-Alcoholic
Lauterbacher Natur Weizen,2.19,Germany,3.63,Brauhaus Riegele,5.3,Wheat Beer - Hefeweizen,500ml,500,4.38,Wheat Beer
Aechtes Dunkel,2.19,Germany,3.52,Brauhaus Riegele,4.9,Lager - Munich Dunkel,500ml,500,4.38,Lager
Hohenthanner Holzhacker Hefe-Weisse Dunkel,2.19,Germany,3.56,Hohenthanner Schlossbrauerei,5.5,Wheat Beer - Dunkelweizen,500ml,500,4.38,Wheat Beer
Augsburger Herrenpils,2.19,Germany,3.31,Brauhaus Riegele,4.7,Pilsner - German,500ml,500,4.38,Pilsner
Commerzienrat,2.19,Germany,3.41,Brauhaus Riegele,5.2,Lager - Helles,500ml,500,4.38,Lager
Störtebeker BIO Übersee-Pils,2.19,Germany,3.36,Störtebeker Braumanufaktur,5.2,Pilsner - German,500ml,500,4.38,Pilsner
Hohenthanner Märzen Festbier,2.19,Germany,3.42,Hohenthanner Schlossbrauerei,5.6,Märzen,500ml,500,4.38,Märzen
Hohenthanner Kellerbier Dunkel,2.19,Germany,3.37,Hohenthanner Schlossbrauerei,5.7,Kellerbier / Zwickelbier,500ml,500,4.38,Kellerbier / Zwickelbier
Nittenauer Festbier,2.19,Germany,3.42,Brauhaus Nittenau,5.7,Märzen,500ml,500,4.38,Märzen
Kloster Andechs Spezial Hell,2.19,Germany,3.52,Klosterbrauerei Andechs,5.9,Festbier,500ml,500,4.38,Festbier
Früh Kölsch,2.19,Germany,3.32,Cölner Hofbräu Früh,4.8,Kölsch,500ml,500,4.38,Kölsch
Altbairisch Dunkel,2.19,Germany,3.7,Ayinger Privatbrauerei,5.0,Lager - Munich Dunkel,500ml,500,4.38,Lager
Leichte Weisse,2.19,Germany,3.15,Brauhaus Riegele,3.3,Wheat Beer - Hefeweizen Light / Leicht,500ml,500,4.38,Wheat Beer
Weisse Alkoholfrei,2.19,Germany,3.11,Brauhaus Riegele,0.5,Non-Alcoholic - Wheat,500ml,500,4.38,Non-Alcoholic
Camba Hell,2.19,Germany,3.42,Camba Bavaria,5.2,Lager - Helles,500ml,500,4.38,Lager
Störtebeker BIO Freibier Alkoholfrei,2.19,Germany,2.76,Störtebeker Braumanufaktur,0.5,Non-Alcoholic - Lager,500ml,500,4.38,Non-Alcoholic
Lauterbacher Natur Hell,2.19,Germany,3.53,Brauhaus Riegele,4.8,Lager - Helles,500ml,500,4.38,Lager
Arcobräu Mooser Liesl Helles,2.19,Germany,3.48,Arcobräu Gräfliches Brauhaus,5.3,Lager - Helles,500ml,500,4.38,Lager
Schneider TAP3 Mein Alkoholfrei,2.19,Germany,2.89,Schneider Weisse G. Schneider & Sohn,0.5,Non-Alcoholic - Wheat,500ml,500,4.38,Non-Alcoholic
Jahrhundert Bier,2.19,Germany,3.58,Ayinger Privatbrauerei,5.5,Lager - Dortmunder / Export,500ml,500,4.38,Lager
Ergo Bibamus,1.45,Germany,3.1,Schlossbrauerei Irlbach,5.4,Wheat Beer - Hefeweizen,330ml,330,4.39,Wheat Beer
Vuur&Vlam Classic IPA,1.45,Netherlands,3.58,Brouwerij de Molen,6.2,IPA - American,330ml,330,4.39,IPA
Water&Vuur NEIPA,1.45,Netherlands,3.58,Brouwerij de Molen,6.0,IPA - New England / Hazy,330ml,330,4.39,IPA
Hop Soda,1.45,Hungary,3.69,MONYO Brewing Co./ Uradalmi Brewery,6.1,IPA - American,330ml,330,4.39,IPA
Landbier Dunkel,2.2,Germany,3.24,Brauerei Wiethaler,4.9,Lager - Dark,500ml,500,4.4,Lager
Karpfentrunk,2.2,Germany,3.14,Privatbrauerei Hösl,5.4,Festbier,500ml,500,4.4,Festbier
Tap 7 Mein Original,2.2,Germany,3.66,Schneider Weisse G. Schneider & Sohn,5.4,Wheat Beer - Hefeweizen,500ml,500,4.4,Wheat Beer
Wiethaler - 1498 Jubiläumskellerbier,2.2,Germany,3.51,Brauerei Wiethaler,5.3,Kellerbier / Zwickelbier,500ml,500,4.4,Kellerbier / Zwickelbier
Lovebeer,2.2,Germany,3.5,Schneider Weisse G. Schneider & Sohn,4.9,Wheat Beer - Hefeweizen,500ml,500,4.4,Wheat Beer
Winterbier,2.2,Germany,3.29,Bürgerbräu Schinner,6.0,Lager - Winter,500ml,500,4.4,Lager
Historisches Emmer Bier naturtüb,2.2,Germany,3.27,Riedenburger Brauhaus,5.1,Specialty Grain,500ml,500,4.4,Specialty Grain
Tap 3 Weisse Alkoholfrei,2.2,Germany,2.89,Schneider Weisse G. Schneider & Sohn,0.5,Non-Alcoholic - Wheat,500ml,500,4.4,Non-Alcoholic
Pink Grapefruit,2.2,Germany,3.43,Privatbrauerei Kaiserdom,4.5,Non-Alcoholic - Shandy / Radler,Can 500ml,500,4.4,Non-Alcoholic
Dunkel,2.2,Germany,3.35,Brauerei Kanone,5.0,Lager - Munich Dunkel,500ml,500,4.4,Lager
Hell,2.2,Germany,3.37,Brauerei Haberstumpf,5.0,Lager - Helles,500ml,500,4.4,Lager
Gosemasio,3.3,France,3.43,Brasserie MX,4.0,Sour - Other Gose,Bottle 750ml,750,4.4,Sour
Lemon,2.2,Germany,3.4,Privatbrauerei Kaiserdom,4.5,Non-Alcoholic - Shandy / Radler,Can 500ml,500,4.4,Non-Alcoholic
Czarne Whisky Wood,2.2,Poland,3.11,Browar Fortuna,7.5,Spiced / Herbed Beer,Bottle 500ml,500,4.4,Spiced / Herbed Beer
EUROBOX Austria - Nepomucen/Nook Apfelstrudel,2.2,Poland,3.15,Browar NOOK/ Browar Nepomucen,5.9,Fruit Beer,Can 500ml,500,4.4,Fruit Beer
Pfister Öko-Landbier,2.2,Germany,2.81,Brauerei Gasthof Pfister,4.9,Non-Alcoholic - Other,500ml,500,4.4,Non-Alcoholic
Hallerndorfer Kellerbier,2.2,Germany,3.38,Brauerei Rittmayer Hallerndorf,5.0,Kellerbier / Zwickelbier,500ml,500,4.4,Kellerbier / Zwickelbier
Stelzer - Bio-Perle,2.2,Germany,3.38,Schloßbrauerei Stelzer Fattigau,4.7,Pilsner - German,500ml,500,4.4,Pilsner
Hütten Bock Bier,2.2,Germany,3.58,Brauerei Hütten Trassl,7.2,Bock - Hell / Maibock / Lentebock,500ml,500,4.4,Bock
Eichhorn Bock,2.2,Germany,3.59,Brauerei Eichhorn Dörfleins,7.0,Bock - Hell / Maibock / Lentebock,500ml,500,4.4,Bock
Goldstoff Hell,2.2,Germany,3.36,Brauerei Wiethaler,5.4,Festbier,500ml,500,4.4,Festbier
IPA Whisky,2.2,Poland,2.79,Sulimar - Browar Cornelius,6.0,IPA - Other,Bottle 500ml,500,4.4,IPA
Śliwka,2.2,Poland,2.87,Browar Fortuna,5.3,Fruit Beer,Bottle 500ml,500,4.4,Fruit Beer
Fest Löwe,2.2,Germany,3.54,Zum Löwenbräu Adelsdorf - Neuhaus/Aisch,5.5,Festbier,500ml,500,4.4,Festbier
Bock Hell,2.2,Germany,3.31,Brauerei Simon,7.0,Bock - Hell / Maibock / Lentebock,500ml,500,4.4,Bock
Steinbier,2.2,Germany,3.34,Brauhaus Leikeim,5.8,Historical Beer - Steinbier,500ml,500,4.4,Historical Beer
Hefeweissbier,2.2,Germany,3.78,Bayerische Staatsbrauerei Weihenstephan,5.4,Wheat Beer - Hefeweizen,500ml,500,4.4,Wheat Beer
E.T.A. Dunkles Lager,2.2,Germany,3.51,Mahr's Bräu,5.0,Lager - Munich Dunkel,500ml,500,4.4,Lager
Festbier,2.2,Germany,3.54,Privatbrauerei Stöckel,5.1,Märzen,500ml,500,4.4,Märzen
Helles Vollbier,2.2,Germany,3.29,Löwenbräu Buttenheim,5.0,Lager - Helles,500ml,500,4.4,Lager
Schlenkerla Rauchbier Märzen,2.2,Germany,3.48,"Schlenkerla (""Heller-Bräu"" Trum)",5.1,Rauchbier,500ml,500,4.4,Rauchbier
Wagner Bock Hell,2.2,Germany,3.46,Brauerei Wagner Merkendorf,7.5,Bock - Single / Traditional,500ml,500,4.4,Bock
Henrici Bock,2.2,Germany,3.5,Schlossbrauerei Reckendorf,7.0,Bock - Single / Traditional,500ml,500,4.4,Bock
Huppendorfer Weihnachtsfestbier,2.2,Germany,3.52,Brauerei Gasthof Grasser,5.5,Festbier,500ml,500,4.4,Festbier
Manns Bräu - Schankbier,2.2,Germany,3.07,Manns Bräu,2.8,Table Beer,500ml,500,4.4,Table Beer
Becher Bock,2.2,Germany,3.61,Becher Bräu,7.5,Bock - Single / Traditional,500ml,500,4.4,Bock
Mirabelka,2.2,Poland,3.1,Browar Fortuna,5.1,Fruit Beer,Bottle 500ml,500,4.4,Fruit Beer
Bon Secours - Tradition,3.3,Belgium,3.42,Brasserie Caulier,8.0,Belgian Strong Golden Ale,Bottle 750ml,750,4.4,Belgian Strong Golden Ale
Lammsbräu Urstoff,2.2,Germany,3.25,Neumarkter Lammsbräu,4.7,Lager - Helles,500ml,500,4.4,Lager
Wagner Bock Dunkel,2.2,Germany,3.6,Brauerei Wagner Merkendorf,7.5,Bock - Single / Traditional,500ml,500,4.4,Bock
Wiśniowa,2.2,Poland,3.06,Browar Fortuna,5.1,Fruit Beer,Bottle 500ml,500,4.4,Fruit Beer
Keller Leicht,2.2,Germany,2.96,Löwenbräu Buttenheim,2.5,Lager - Leichtbier,500ml,500,4.4,Lager
Heller Weizenbock,2.2,Germany,3.87,Brauerei Gutmann,7.2,Bock - Weizenbock,500ml,500,4.4,Bock
Nankendorfer Festbier,2.2,Germany,3.69,Schroll Bräu Nankendorf,5.5,Festbier,500ml,500,4.4,Festbier
Schneekanone,2.2,Germany,3.32,Brauerei Kanone,5.3,Winter Ale,500ml,500,4.4,Winter Ale
Püttner - F16,2.2,Germany,3.44,Brauerei Püttner,6.8,Bock - Hell / Maibock / Lentebock,500ml,500,4.4,Bock
Pils,2.2,Germany,3.19,Brauerei Kanone,4.9,Pilsner - German,500ml,500,4.4,Pilsner
14-Heiligen Nothelfer Silberbock,2.2,Germany,3.49,Alte Klosterbrauerei Vierzehnheiligen Brauerei Trunk,6.8,Bock - Single / Traditional,500ml,500,4.4,Bock
Lammsbräu Dunkle Weisse Alkoholfrei,2.2,Germany,3.14,Neumarkter Lammsbräu,0.3,Non-Alcoholic - Wheat,500ml,500,4.4,Non-Alcoholic
Hell,2.2,Germany,3.39,Brauerei Kanone,5.1,Lager - Helles,500ml,500,4.4,Lager
Kwaśna Pigwa,2.2,Poland,3.17,Browar Fortuna,5.6,Fruit Beer,Bottle 500ml,500,4.4,Fruit Beer
Zwickl,2.2,Germany,3.36,Brauerei Kanone,5.1,Kellerbier / Zwickelbier,500ml,500,4.4,Kellerbier / Zwickelbier
Lammsbräu Weisse Alkoholfrei,2.2,Germany,3.1,Neumarkter Lammsbräu,0.3,Non-Alcoholic - Wheat,500ml,500,4.4,Non-Alcoholic
Lagerbier ungespundet,2.2,Germany,3.34,Löwenbräu Buttenheim,4.8,Kellerbier / Zwickelbier,500ml,500,4.4,Kellerbier / Zwickelbier
Lager,2.2,Poland,3.19,Browar Zamkowy Cieszyn,5.0,Lager - Pale,Bottle 500ml,500,4.4,Lager
Meinel Weizenbock,2.2,Germany,3.64,Meinel Bräu,7.0,Bock - Weizenbock,500ml,500,4.4,Bock
Meinel Doppelbock,2.2,Germany,3.63,Meinel Bräu,8.0,Bock - Doppelbock,500ml,500,4.4,Bock
Hohenfelder Dunkel,1.95,Germany,3.29,Privat-Brauerei Hohenfelde,4.7,Lager - Amber / Red,Can 440ml,440,4.43,Lager
Weissbier Frühschoppen Hoibe,2.24,Germany,3.52,Sappl Bräu,5.3,Wheat Beer - Hefeweizen,500ml,500,4.48,Wheat Beer
Hefe-Weissbier Dunkel,2.25,Germany,3.55,Paulaner Brauerei,5.3,Wheat Beer - Dunkelweizen,500ml,500,4.5,Wheat Beer
Hefe Weissbier,2.25,Germany,3.67,Paulaner Brauerei,5.5,Wheat Beer - Hefeweizen,500ml,500,4.5,Wheat Beer
Oud Bruin,1.35,Netherlands,2.86,Gulpener Bierbrouwerij,3.5,Lager - Dark,300ml,300,4.5,Lager
Maisel's Weisse,2.25,Germany,3.6,Brauerei Gebr. Maisel,5.1,Wheat Beer - Hefeweizen,500ml,500,4.5,Wheat Beer
La Trinité Triple,2.25,Belgium,3.46,Brasserie {C},8.8,Belgian Tripel,500ml,500,4.5,Belgian Tripel
Franziskaner Weissbier,2.25,Germany,3.69,Spaten-Franziskaner-Löwenbräu-Gruppe,5.0,Wheat Beer - Hefeweizen,500ml,500,4.5,Wheat Beer
Kräusen,2.25,Germany,3.52,"Schlenkerla (""Heller-Bräu"" Trum)",4.5,Rauchbier,500ml,500,4.5,Rauchbier
Crew Republic Jackpot,1.49,Germany,3.55,CREW Republic,5.0,IPA - New England / Hazy,330ml,330,4.52,IPA
Flaccid Flamingo,1.99,Netherlands,3.17,Vet & Lazy,0.4,Non-Alcoholic - IPA,Can 440ml,440,4.52,Non-Alcoholic
St. Guinefort,3.39,Netherlands,3.42,Vet & Lazy,6.7,Belgian Blonde,Bottle 750ml,750,4.52,Belgian Blonde
Giesinger Feines Pilschen,1.49,Germany,3.48,Giesinger Bräu,5.5,Pilsner - German,330ml,330,4.52,Pilsner
Wheeler - keg,136.0,Poland,3.67,Trzech Kumpli,4.1,Stout - Irish Dry,30000ml,30000,4.53,Stout
Winter,1.5,Germany,3.1,Warsteiner,5.6,Lager - Winter,330ml,330,4.55,Lager
"Pils 0,33l",1.5,Germany,3.13,Holzkirchner Oberbräu,5.0,Pilsner - Other,330ml,330,4.55,Pilsner
Augustijn Grand Cru,2.0,Belgium,3.6,Brouwerij Van Steenberge,9.0,Belgian Tripel,Can 440ml,440,4.55,Belgian Tripel
BIRD OF PREY,1.5,Netherlands,3.6,Uiltje Brewing Company,0.2,IPA - American,330ml,330,4.55,IPA
Ritterbock,1.5,Germany,3.4,König Ludwig Schlossbrauerei Kaltenberg,9.0,Bock - Doppelbock,330ml,330,4.55,Bock
"König Ludwig Hell 0,33l",1.5,Germany,3.3,König Ludwig Schlossbrauerei Kaltenberg,5.1,Lager - Helles,330ml,330,4.55,Lager
König Ludwig Dunkel,1.5,Germany,3.4,König Ludwig Schlossbrauerei Kaltenberg,5.1,Lager - Munich Dunkel,330ml,330,4.55,Lager
Alt,1.5,Germany,2.99,Frankenheim Brauerei,4.8,Altbier - Traditional,330ml,330,4.55,Altbier
Faro,1.5,Belgium,3.47,Brouwerij Lindemans,5.0,Lambic - Faro,Bottle 330ml,330,4.55,Lambic
Especial,1.5,Spain,3.18,Hijos de Rivera,5.5,Lager - Helles,330ml,330,4.55,Lager
Downhill Jam,2.0,England,3.54,Pentrich Brewing Co.,5.5,Sour - Fruited,Can 440ml,440,4.55,Sour
Cola,1.5,Belgium,2.74,Club-Mate,0.4,Non-Alcoholic - Other,330ml,330,4.55,Non-Alcoholic
Souropod Blood Orange,2.0,England,3.79,Staggeringly Good,6.4,Sour - Fruited,Can 440ml,440,4.55,Sour
Andechser Hell,2.28,Germany,3.56,Klosterbrauerei Andechs,4.8,Lager - Helles,500ml,500,4.56,Lager
Hefe-Weißbier,2.28,Germany,3.67,Paulaner Brauerei,5.5,Wheat Beer - Hefeweizen,500ml,500,4.56,Wheat Beer
Helle Weisse (TAP01),2.28,Germany,3.61,Schneider Weisse G. Schneider & Sohn,4.9,Wheat Beer - Hefeweizen,500ml,500,4.56,Wheat Beer
Svijanský Rytíř 12°B,2.28,Czech Republic,3.24,Svijany,5.0,Pilsner - Czech / Bohemian,Can 500ml,500,4.56,Pilsner
Blonde,1.51,Belgium,3.58,Abbaye de Leffe,6.6,Belgian Blonde,330ml,330,4.58,Belgian Blonde
Störtebeker Glüh-Bierpunsch,2.29,Germany,3.18,Störtebeker Braumanufaktur,5.0,Spiced / Herbed Beer,500ml,500,4.58,Spiced / Herbed Beer
Schneider TAP4 Festweisse,2.29,Germany,3.65,Schneider Weisse G. Schneider & Sohn,6.2,Wheat Beer - Hefeweizen,500ml,500,4.58,Wheat Beer
Mahrs Bräu Helles,2.29,Germany,3.52,Mahr's Bräu,4.9,Lager - Helles,500ml,500,4.58,Lager
Urweisse,2.29,Germany,3.74,Ayinger Privatbrauerei,5.8,Wheat Beer - Dunkelweizen,500ml,500,4.58,Wheat Beer
Feldschlößchen Dunkle Winterpflaume,2.29,Germany,2.97,Feldschlösschen Dresden,5.6,Bock - Single / Traditional,500ml,500,4.58,Bock
Schneider TAP6 Aventinus,2.29,Germany,3.81,Schneider Weisse G. Schneider & Sohn,8.2,Bock - Weizendoppelbock,500ml,500,4.58,Bock
Bräuweisse,2.29,Germany,3.72,Ayinger Privatbrauerei,5.1,Wheat Beer - Hefeweizen,500ml,500,4.58,Wheat Beer
Camba Märzen,2.29,Germany,3.44,Camba Bavaria,5.8,Märzen,500ml,500,4.58,Märzen
Hohenthanner Tannen Hell Alkoholfrei,2.29,Germany,2.75,Hohenthanner Schlossbrauerei,0.5,Non-Alcoholic - Lager,500ml,500,4.58,Non-Alcoholic
Camba Weissbier,2.29,Germany,3.52,Camba Bavaria,5.3,Wheat Beer - Hefeweizen,500ml,500,4.58,Wheat Beer
Hohenthanner Winterfestbier,2.29,Germany,3.33,Hohenthanner Schlossbrauerei,5.8,Festbier,500ml,500,4.58,Festbier
Camba Wilderer Weisse,2.29,Germany,3.36,Camba Bavaria,5.6,Wheat Beer - Dunkelweizen,500ml,500,4.58,Wheat Beer
Nittenauer Hell,2.29,Germany,3.32,Brauhaus Nittenau,4.9,Lager - Helles,500ml,500,4.58,Lager
Nittenauer Pilsner,2.29,Germany,3.36,Brauhaus Nittenau,4.9,Pilsner - German,500ml,500,4.58,Pilsner
Mahrs Bräu Pils,2.29,Germany,3.48,Mahr's Bräu,4.9,Pilsner - German,500ml,500,4.58,Pilsner
Bayreuther Hefe-Weissbier,2.29,Germany,3.6,Bayreuther Bierbrauerei,5.3,Wheat Beer - Hefeweizen,500ml,500,4.58,Wheat Beer
Kellerbier,2.29,Germany,3.54,Brauhaus Riegele,5.0,Kellerbier / Zwickelbier,500ml,500,4.58,Kellerbier / Zwickelbier
Mahrs Bräu aU,2.29,Germany,3.58,Mahr's Bräu,5.2,Kellerbier / Zwickelbier,500ml,500,4.58,Kellerbier / Zwickelbier
Störtebeker Baltik-Lager,2.29,Germany,3.33,Störtebeker Braumanufaktur,5.5,Märzen,500ml,500,4.58,Märzen
Viva Bavaria Festbier BIO,2.29,Germany,3.25,Riedenburger Brauhaus,5.5,Festbier,500ml,500,4.58,Festbier
Blueberry Moon Blast,2.29,United States,3.62,Dream State Brewing,6.0,Sour - Smoothie / Pastry,500ml,500,4.58,Sour
Brune,1.51,Belgium,3.54,Abbaye de Leffe,6.5,Brown Ale - Belgian,330ml,330,4.58,Brown Ale
Gaffel Kölsch,2.29,Germany,3.35,Privatbrauerei Gaffel Becker,4.8,Kölsch,500ml,500,4.58,Kölsch
Schneider TAP5 Meine Hopfenweisse,2.29,United States,3.78,Brooklyn Brewery/ Schneider Weisse G. Schneider & Sohn,8.2,Wheat Beer - Hopfenweisse,500ml,500,4.58,Wheat Beer
Zötler 1477 Kellerbier,2.29,Germany,3.5,Privat-Brauerei Zötler,4.9,Kellerbier / Zwickelbier,500ml,500,4.58,Kellerbier / Zwickelbier
Aldersbacher BIO Altbayerisches Weizen,2.29,Germany,3.56,Brauerei Aldersbach,5.2,Wheat Beer - Hefeweizen,500ml,500,4.58,Wheat Beer
Aldersbacher Alkoholfreies Helles,2.29,Germany,2.51,Brauerei Aldersbach,0.5,Non-Alcoholic - Other,500ml,500,4.58,Non-Alcoholic
Zötler Hefeweizen Dunkel,2.29,Germany,3.48,Privat-Brauerei Zötler,5.1,Wheat Beer - Dunkelweizen,500ml,500,4.58,Wheat Beer
Schönramer Hell,2.29,Germany,3.58,Private Landbrauerei Schönram,5.0,Lager - Helles,500ml,500,4.58,Lager
Zötler Hefeweizen Alkoholfrei,2.29,Germany,3.19,Privat-Brauerei Zötler,0.1,Non-Alcoholic - Wheat,500ml,500,4.58,Non-Alcoholic
Maxlrain Engerl Hell Alkoholfrei,2.29,Germany,3.04,Schlossbrauerei Maxlrain,0.5,Non-Alcoholic - Lager,500ml,500,4.58,Non-Alcoholic
Nittenauer Weissbier,2.29,Germany,3.46,Brauhaus Nittenau,5.1,Wheat Beer - Hefeweizen,500ml,500,4.58,Wheat Beer
Nittenauer Export,2.29,Germany,3.47,Brauhaus Nittenau,5.5,Lager - Dortmunder / Export,500ml,500,4.58,Lager
Kellerbier,2.29,Germany,3.55,Ayinger Privatbrauerei,4.9,Kellerbier / Zwickelbier,500ml,500,4.58,Kellerbier / Zwickelbier
Andechser Spezial Hell,2.29,Germany,3.52,Klosterbrauerei Andechs,5.9,Festbier,500ml,500,4.58,Festbier
Hofbräu Hell,2.29,Germany,3.34,Weyermann Braumanufaktur,5.0,Lager - Helles,500ml,500,4.58,Lager
Zötler Gold,2.29,Germany,3.31,Privat-Brauerei Zötler,5.3,Lager - Dortmunder / Export,500ml,500,4.58,Lager
Hasen Hell,2.29,Germany,3.32,Hasen-Bräu,5.2,Wheat Beer - Hefeweizen,500ml,500,4.58,Wheat Beer
Zötler Hell,2.29,Germany,3.39,Privat-Brauerei Zötler,4.9,Lager - Helles,500ml,500,4.58,Lager
Zötler Pils,2.29,Germany,3.31,Privat-Brauerei Zötler,4.9,Pilsner - German,500ml,500,4.58,Pilsner
Mönchshof Weihnachtsbier,2.29,Germany,3.21,Kulmbacher Brauerei,5.6,Lager - Winter,500ml,500,4.58,Lager
Zötler Gold Alkoholfrei,2.29,Germany,2.93,Privat-Brauerei Zötler,0.2,Non-Alcoholic - Lager,500ml,500,4.58,Non-Alcoholic
Drei Kronen 1457 Lager,2.3,Germany,3.43,Brauerei Drei Kronen Memmelsdorf,4.5,Kellerbier / Zwickelbier,500ml,500,4.6,Kellerbier / Zwickelbier
Pils,2.3,Germany,3.57,Bayerische Staatsbrauerei Weihenstephan,5.1,Pilsner - German,500ml,500,4.6,Pilsner
Hazy APA,2.3,Poland,3.34,Sulimar - Browar Cornelius,5.0,Pale Ale - American,Bottle 500ml,500,4.6,Pale Ale
Doldensud,2.3,Germany,3.5,Brauerei Püttner,4.7,Lager - Helles,500ml,500,4.6,Lager
Dzień Dobry,2.3,Poland,3.36,Browar Za Miastem,0.5,Non-Alcoholic - Pale Ale,Bottle 500ml,500,4.6,Non-Alcoholic
Schlenkerla Weichsel Rotbier,2.3,Germany,3.82,"Schlenkerla (""Heller-Bräu"" Trum)",4.6,Rauchbier,500ml,500,4.6,Rauchbier
Drei Kronen Helle Lotte,2.3,Germany,3.55,Brauerei Drei Kronen Memmelsdorf,4.7,Lager - Helles,500ml,500,4.6,Lager
Hertl Mutti's Sonnenschein,2.3,Germany,3.4,Braumanufaktur Hertl,4.9,Lager - Helles,500ml,500,4.6,Lager
Lindenhardter Bockbier,2.3,Germany,3.6,Brauerei Kürzdörfer,6.8,Bock - Single / Traditional,500ml,500,4.6,Bock
Weihenstephaner Hefeweissbier,2.3,Germany,3.78,Bayerische Staatsbrauerei Weihenstephan,5.4,Wheat Beer - Hefeweizen,500ml,500,4.6,Wheat Beer
Hefeweissbier Dunkel,2.3,Germany,3.76,Bayerische Staatsbrauerei Weihenstephan,5.3,Wheat Beer - Dunkelweizen,500ml,500,4.6,Wheat Beer
Grodziskie Session Ale,2.3,Poland,3.16,Browar Grodzisk,4.5,Pale Ale - Other,Bottle 500ml,500,4.6,Pale Ale
Fässla Bambergator,2.3,Germany,3.5,Privatbrauerei Fässla Bamberg,8.5,Bock - Doppelbock,500ml,500,4.6,Bock
Winterbinkske,2.3,Belgium,3.55,Brouwerij Kerkom,8.3,Winter Ale,500ml,500,4.6,Winter Ale
Grochówka z Gruszką 2022 - keg,137.9,Poland,3.53,Slow Flow Group (Smykan),6.5,Cider - Traditional / Apfelwein,30000ml,30000,4.6,Cider
Kompaan Juicy Joker,2.3,Netherlands,3.5,KOMPAAN Dutch Craft Beer Company,6.0,IPA - New England / Hazy,Can 500ml,500,4.6,IPA
Aecht Schlenkerla Rauchbier – Weizen  -  THT/BBE 10/24,2.3,Germany,3.55,"Schlenkerla (""Heller-Bräu"" Trum)",5.2,Rauchbier,500ml,500,4.6,Rauchbier
Brauerei Spezial - Rauchbier Märzen,2.3,Germany,3.71,Brauerei Spezial,5.3,Rauchbier,500ml,500,4.6,Rauchbier
Długi Weekend,2.3,Poland,3.33,Browar Za Miastem,5.0,Pilsner - German,Bottle 500ml,500,4.6,Pilsner
Hertl Opas Liebling,2.3,Germany,3.33,Braumanufaktur Hertl,4.8,Kellerbier / Zwickelbier,500ml,500,4.6,Kellerbier / Zwickelbier
Kellerbier 1516,2.3,Germany,3.66,Bayerische Staatsbrauerei Weihenstephan,5.6,Kellerbier / Zwickelbier,500ml,500,4.6,Kellerbier / Zwickelbier
Dunkles Hefeweizen Alkoholfrei,2.3,Germany,3.32,Brauerei Gutmann,0.5,Non-Alcoholic - Wheat,500ml,500,4.6,Non-Alcoholic
Tap 6 Unser Aventinus,2.3,Germany,3.81,Schneider Weisse G. Schneider & Sohn,8.2,Bock - Weizendoppelbock,500ml,500,4.6,Bock
Sonne Bock,2.3,Germany,3.63,Hausbrauerei zur Sonne Bischberg,6.8,Bock - Hell / Maibock / Lentebock,500ml,500,4.6,Bock
Weiherer Weizenbock,2.3,Germany,3.63,Brauerei Kundmüller,6.8,Bock - Weizenbock,500ml,500,4.6,Bock
Buttenheimer Hopfenzupfer,2.3,Germany,3.52,St. GeorgenBräu,5.6,Märzen,500ml,500,4.6,Märzen
Tarwe,1.52,Belgium,3.31,Den Herberg,5.2,Wheat Beer - Witbier / Blanche,330ml,330,4.61,Wheat Beer
Apple,1.74,Belgium,3.49,Brouwerij Lindemans,3.5,Lambic - Fruit,Bottle 375ml,375,4.64,Lambic
Hopf Dunkle Weiße,2.33,Germany,3.53,Weißbierbrauerei Hopf,5.3,Wheat Beer - Dunkelweizen,500ml,500,4.66,Wheat Beer
Lager- keg A,140.1,Poland,3.45,WRCLW,4.1,Lager - Helles,30000ml,30000,4.67,Lager
Pszeniczny - keg A,140.1,Poland,3.49,WRCLW,5.0,Wheat Beer - Hefeweizen,30000ml,30000,4.67,Wheat Beer
Schops - keg A,140.1,Poland,3.44,WRCLW,5.0,Historical Beer - Other,30000ml,30000,4.67,Historical Beer
Wit,1.4,Belgium,3.55,Brouwerij Hoegaarden,4.9,Wheat Beer - Witbier / Blanche,300ml,300,4.67,Wheat Beer
Het Hoppige Hert India Pale Ale IPA,3.5,Netherlands,3.43,Bennebroecks,6.0,IPA - American,Bottle 750ml,750,4.67,IPA
Pils - keg A,140.1,Poland,3.38,WRCLW,5.0,Pilsner - German,30000ml,30000,4.67,Pilsner
Hop Hop Hoppy - keg A,140.8,Poland,3.52,Browar Stu Mostów,2.9,Grodziskie / Grätzer,30000ml,30000,4.69,Grodziskie / Grätzer
Rogalo,3.52,Czech Republic,3.29,Pivovar Rotor,3.9,Lager - Světlé (Czech Pale),Bottle 750ml,750,4.69,Lager
St. Bernardus Wit,1.55,Belgium,3.58,Brouwerij St.Bernardus,5.5,Wheat Beer - Witbier / Blanche,330ml,330,4.7,Wheat Beer
Barbar Blond,2.35,Belgium,3.49,Brasserie Lefebvre,8.0,Honey Beer,500ml,500,4.7,Honey Beer
Franziskaner Hefe Weisse,2.35,Germany,3.69,Spaten-Franziskaner-Löwenbräu-Gruppe,5.0,Wheat Beer - Hefeweizen,500ml,500,4.7,Wheat Beer
Kapittel Pater,1.55,Belgium,3.11,Leroy Breweries,6.0,Brown Ale - Belgian,330ml,330,4.7,Brown Ale
St. Bernardus Extra 4,1.55,Belgium,3.43,Brouwerij St.Bernardus,4.8,Belgian Enkel / Patersbier,330ml,330,4.7,Belgian Enkel / Patersbier
Adelheid V3,3.55,Belgium,3.72,Brouwerij de HopHemel,10.0,Barleywine - American,Bottle 750ml,750,4.73,Barleywine
Mongy Blonde,2.1,France,3.47,Brasserie Cambier,6.2,Belgian Blonde,Can 440ml,440,4.77,Belgian Blonde
Hopschepper,2.1,Belgium,3.48,Hopscheppers,7.0,IPA - Belgian,Can 440ml,440,4.77,IPA
Wieninger Weißbier Alkoholfrei,2.39,Germany,2.91,Privatbrauerei M.C. Wieninger,0.5,Non-Alcoholic - Wheat,500ml,500,4.78,Non-Alcoholic
Schimpf 1870 Jubi Märzen,2.39,Germany,3.48,Kronenbrauerei Schimpf,5.5,Märzen,500ml,500,4.78,Märzen
Hopf Die Alkoholfreie,2.39,Germany,3.15,Weißbierbrauerei Hopf,0.5,Non-Alcoholic - Wheat,500ml,500,4.78,Non-Alcoholic
Weltenburger Pils,2.39,Germany,3.29,Klosterbrauerei Weltenburg,4.9,Pilsner - German,500ml,500,4.78,Pilsner
Schönramer Weissbier,2.39,Germany,3.65,Private Landbrauerei Schönram,5.6,Wheat Beer - Hefeweizen,500ml,500,4.78,Wheat Beer
Weissbier,2.39,Germany,3.43,Freie Brau Union Bremen,5.5,Wheat Beer - Hefeweizen,500ml,500,4.78,Wheat Beer
Allgäuer Hell,2.39,Germany,3.51,Schäffler Bräu,4.9,Lager - Helles,500ml,500,4.78,Lager
Hausbier,2.39,Germany,3.39,Schäffler Bräu,5.4,Lager - Dark,500ml,500,4.78,Lager
Hefe-Weizen Alkoholfrei BIO,2.39,Germany,2.99,Riedenburger Brauhaus,0.5,Non-Alcoholic - Wheat,500ml,500,4.78,Non-Alcoholic
Wieninger Teisendorfer Hell,2.39,Germany,3.33,Privatbrauerei M.C. Wieninger,5.0,Lager - Helles,500ml,500,4.78,Lager
Wieninger Guidobald Export Dunkel,2.39,Germany,3.32,Privatbrauerei M.C. Wieninger,5.0,Lager - Munich Dunkel,500ml,500,4.78,Lager
Wieninger Guidobald Export Hell,2.39,Germany,3.47,Privatbrauerei M.C. Wieninger,5.3,Lager - Dortmunder / Export,500ml,500,4.78,Lager
Wieninger Weißbier Hell,2.39,Germany,3.45,Privatbrauerei M.C. Wieninger,5.3,Wheat Beer - Hefeweizen,500ml,500,4.78,Wheat Beer
Ur-Helles BIO,2.39,Germany,3.25,Riedenburger Brauhaus,4.8,Lager - Helles,500ml,500,4.78,Lager
Weihenstephaner Helles,2.39,Germany,3.67,Bayerische Staatsbrauerei Weihenstephan,4.8,Lager - Helles,500ml,500,4.78,Lager
Weihenstephaner Original Helles,2.39,Germany,3.61,Bayerische Staatsbrauerei Weihenstephan,5.1,Lager - Helles,500ml,500,4.78,Lager
Hopf Helle Weiße,2.39,Germany,3.6,Weißbierbrauerei Hopf,5.5,Wheat Beer - Hefeweizen,500ml,500,4.78,Wheat Beer
Münchner Hell,2.39,Germany,3.42,Hacker-Pschorr,5.0,Lager - Helles,500ml,500,4.78,Lager
Schimpf Hefeweizen Alkoholfrei,2.39,Germany,3.51,Kronenbrauerei Schimpf,5.0,Wheat Beer - Hefeweizen,500ml,500,4.78,Wheat Beer
Augustiner Dunkel,2.39,Germany,3.6,Augustiner-Bräu München,5.6,Lager - Munich Dunkel,500ml,500,4.78,Lager
Helles,2.39,Germany,3.33,Freie Brau Union Bremen,4.8,Lager - Helles,500ml,500,4.78,Lager
Ur-Helles Alkoholfrei BIO,2.39,Germany,2.94,Riedenburger Brauhaus,0.5,Non-Alcoholic - Lager,500ml,500,4.78,Non-Alcoholic
Original Maxl Helles,2.39,Germany,3.18,Maximilians-Brau Traunstein,4.8,Lager - Helles,500ml,500,4.78,Lager
Schimpf Weihnachtsbier,2.39,Germany,3.32,Kronenbrauerei Schimpf,5.2,Lager - Winter,500ml,500,4.78,Lager
Weltenburger Kloster Hell,2.39,Germany,3.39,Klosterbrauerei Weltenburg,4.9,Lager - Helles,500ml,500,4.78,Lager
Giesinger Radler,2.39,Germany,3.39,Giesinger Bräu,2.7,Shandy / Radler,500ml,500,4.78,Shandy / Radler
Landskron Winterhopfen Festbier,2.39,Germany,3.24,Landskron Brauerei Görlitz,5.3,Festbier,500ml,500,4.78,Festbier
Maxlrain Festbier Märzen,2.39,Germany,3.34,Schlossbrauerei Maxlrain,5.8,Märzen,500ml,500,4.78,Märzen
Schönramer Pils,2.39,Germany,3.48,Private Landbrauerei Schönram,5.0,Pilsner - German,500ml,500,4.78,Pilsner
Camba Jager Weisse,2.39,Germany,3.63,Camba Bavaria,5.2,Wheat Beer - Hopfenweisse,500ml,500,4.78,Wheat Beer
Weizen Doppelbock,2.39,Germany,3.75,Brauhaus Riegele,8.0,Bock - Weizendoppelbock,500ml,500,4.78,Bock
Tucher Nürnberger Christkindlesmarkt Bier,2.39,Germany,3.18,Tucher Bräu,5.7,Lager - Winter,500ml,500,4.78,Lager
Hefe Weissbier,2.39,Germany,3.55,Schäffler Bräu,5.2,Wheat Beer - Hefeweizen,500ml,500,4.78,Wheat Beer
Giesinger Münchner Hell,2.39,Germany,3.54,Giesinger Bräu,4.8,Lager - Helles,500ml,500,4.78,Lager
Flötzinger 1543 Hefe-Weisse,2.39,Germany,3.54,Flötzinger Bräu,5.5,Wheat Beer - Hefeweizen,500ml,500,4.78,Wheat Beer
Bernsteinweizen,2.39,Germany,3.48,Privatbrauerei Sander,5.3,Wheat Beer - Hefeweizen,500ml,500,4.78,Wheat Beer
Weltenburger Kloster Winter-Traum Märzen,2.39,Germany,3.29,Klosterbrauerei Weltenburg,5.4,Märzen,500ml,500,4.78,Märzen
Flötzinger Weihnachts-Bier,2.39,Germany,3.46,Flötzinger Bräu,5.4,Lager - Winter,500ml,500,4.78,Lager
Schimpf s'Höpfle BIO Alkoholfrei,2.39,Germany,3.36,Kronenbrauerei Schimpf,5.5,Non-Alcoholic - Other,500ml,500,4.78,Non-Alcoholic
Weltenburger Kloster Anno 1050 Märzen,2.39,Germany,3.51,Klosterbrauerei Weltenburg,5.5,Märzen,500ml,500,4.78,Märzen
Giesinger Untergiesinger Erhellung,2.39,Germany,3.58,Giesinger Bräu,5.3,Kellerbier / Zwickelbier,500ml,500,4.78,Kellerbier / Zwickelbier
Schimpf Hefe Hell,2.39,Germany,3.51,Kronenbrauerei Schimpf,5.0,Wheat Beer - Hefeweizen,500ml,500,4.78,Wheat Beer
Schimpf Halbe Spezial,2.39,Germany,3.35,Kronenbrauerei Schimpf,5.2,Lager - Dortmunder / Export,500ml,500,4.78,Lager
Schimpf Hefe Dunkel,2.39,Germany,3.36,Kronenbrauerei Schimpf,5.0,Wheat Beer - Dunkelweizen,500ml,500,4.78,Wheat Beer
Schimpf Hell,2.39,Germany,3.39,Kronenbrauerei Schimpf,5.0,Lager - Helles,500ml,500,4.78,Lager
Sam's Brown Ale (Alcohol Free),1.7,England,3.15,Samuel Smith,0.5,Non-Alcoholic - Other,Bottle 355ml,355,4.79,Non-Alcoholic
Kasteel Rubus Framboise,2.4,Belgium,3.57,Kasteel Brouwerij Vanhonsebrouck,7.0,Fruit Beer,Can 500ml,500,4.8,Fruit Beer
Hefe Weisse Alcohol Free,2.4,Germany,2.8,Paulaner Brauerei,0.5,Non-Alcoholic - Wheat,500ml,500,4.8,Non-Alcoholic
Hazy IPA,2.4,Poland,3.3,Sulimar - Browar Cornelius,6.5,IPA - New England / Hazy,Bottle 500ml,500,4.8,IPA
Malinowe,2.4,Poland,3.23,Browar Wielka Sowa,4.0,Fruit Beer,Bottle 500ml,500,4.8,Fruit Beer
Goody,2.4,Poland,3.74,Browar Birbant,4.0,Sour - Smoothie / Pastry,Can 500ml,500,4.8,Sour
Hertl Papas Weißheit,2.4,Germany,3.55,Braumanufaktur Hertl,5.1,Wheat Beer - Hefeweizen,500ml,500,4.8,Wheat Beer
Hertl Schwiegervaters Stolz,2.4,Germany,3.28,Braumanufaktur Hertl,4.9,Rauchbier,500ml,500,4.8,Rauchbier
Sowie Marcowe,2.4,Poland,3.35,Browar Wielka Sowa,6.3,Märzen,Bottle 500ml,500,4.8,Märzen
Schneider Weisse Helle Weisse Tap 1,2.4,Germany,3.61,Schneider Weisse G. Schneider & Sohn,4.9,Wheat Beer - Hefeweizen,500ml,500,4.8,Wheat Beer
Czas Wolny,2.4,Poland,,Browar Za Miastem,6.0,Rauchbier,Bottle 500ml,500,4.8,Rauchbier
Toyboy,2.4,Poland,3.63,Browar Birbant,5.2,IPA - Other,Can 500ml,500,4.8,IPA
Mahrs Heller Bock,2.4,Germany,3.57,Mahr's Bräu,6.8,Bock - Hell / Maibock / Lentebock,500ml,500,4.8,Bock
Golden Brown,3.6,Netherlands,3.53,Brouwerij Fusie,9.8,Belgian Strong Golden Ale,Bottle 750ml,750,4.8,Belgian Strong Golden Ale
Sowie Bezalkoholowe Mango Marakuja,2.4,Poland,3.53,Browar Wielka Sowa,0.5,Non-Alcoholic - Shandy / Radler,Bottle 500ml,500,4.8,Non-Alcoholic
Sowie Pils,2.4,Poland,3.3,Browar Wielka Sowa,4.5,Pilsner - Czech / Bohemian,Bottle 500ml,500,4.8,Pilsner
WKS Śląsk Wrocław Lager,2.4,Poland,3.4,WRCLW,4.2,Lager - Helles,Bottle 500ml,500,4.8,Lager
Andechs Cola Mix,2.4,Germany,,Klosterbrauerei Andechs,5.2,Old / Stock Ale,500ml,500,4.8,Old / Stock Ale
10 Rázná,2.4,Czech Republic,3.07,Radegast,4.1,Lager - Světlé (Czech Pale),500ml,500,4.8,Lager
Sowie Bezalkoholowe APA,2.4,Poland,3.47,Browar Wielka Sowa,0.5,Non-Alcoholic - Pale Ale,Bottle 500ml,500,4.8,Non-Alcoholic
Gouverneur Tripel,2.4,Netherlands,3.47,Lindeboom,8.2,Belgian Tripel,500ml,500,4.8,Belgian Tripel
Aecht Schlenkerla Rauchbier – Märzen  -  THT/BBE 10/24,2.4,Germany,3.48,"Schlenkerla (""Heller-Bräu"" Trum)",5.1,Rauchbier,500ml,500,4.8,Rauchbier
Jever low Alcohol,2.4,Germany,2.57,Friesisches Brauhaus zu Jever,0.3,Non-Alcoholic - Lager,500ml,500,4.8,Non-Alcoholic
Weihenstephaner Hefe Weissbier,2.4,Germany,3.78,Bayerische Staatsbrauerei Weihenstephan,5.4,Wheat Beer - Hefeweizen,500ml,500,4.8,Wheat Beer
Psst...It`s Your Weekend - Hazy    IPA,2.4,Poland,3.8,Browar PINTA,6.0,IPA - New England / Hazy,500ml,500,4.8,IPA
Brauherren Pils,2.4,Germany,3.39,Einbecker Brauhaus,4.9,Pilsner - German,500ml,500,4.8,Pilsner
Sowie Jasne Pełne,2.4,Poland,3.07,Browar Wielka Sowa,4.9,Lager - Pale,Bottle 500ml,500,4.8,Lager
11 Ratar,2.4,Czech Republic,3.17,Radegast,4.5,Pilsner - Czech / Bohemian,500ml,500,4.8,Pilsner
Radler Kers 2.0,1.45,Netherlands,3.22,Lindeboom,2.0,Shandy / Radler,300ml,300,4.83,Shandy / Radler
Octopus Blond (Blik),2.29,Netherlands,3.42,Stadshaven Brouwerij,53.0,Wheat Beer - Hefeweizen,473ml,473,4.84,Wheat Beer
Iguana Metabolizm BIO Bezalkoholowe,2.3,Poland,2.37,Piątkowy Browar Domowy,3.0,Non-Alcoholic - Other,Bottle 475ml,475,4.84,Non-Alcoholic
JUICY LUCY,1.6,Netherlands,3.64,Uiltje Brewing Company,5.5,IPA - New England / Hazy,330ml,330,4.85,IPA
St. Bernardus Pater 6,1.6,Belgium,3.55,Brouwerij St.Bernardus,6.7,Belgian Dubbel,330ml,330,4.85,Belgian Dubbel
Elixir Vitae Blond Ale,1.6,Spain,3.43,Cervesa Espiga,4.5,Gluten-Free,Can 330ml,330,4.85,Gluten-Free
Wit,1.6,Belgium,3.58,Brouwerij St.Bernardus,5.5,Wheat Beer - Witbier / Blanche,330ml,330,4.85,Wheat Beer
Veldensteiner Pils,1.6,Germany,2.97,Kaiser Bräu,4.9,Pilsner - German,330ml,330,4.85,Pilsner
Lite,1.6,Belgium,3.32,Brasserie d'Achouffe,4.0,Pale Ale - Belgian,330ml,330,4.85,Pale Ale
Placebo,2.14,Belgium,3.06,Brasserie Lupulus,0.4,Non-Alcoholic - Other,Can 440ml,440,4.86,Non-Alcoholic
Franziskaner Hefe Weisse Alc. Vrij,2.45,Germany,3.69,Spaten-Franziskaner-Löwenbräu-Gruppe,0.5,Wheat Beer - Hefeweizen,500ml,500,4.9,Wheat Beer
Weisse Unser Original TAP 7,2.45,Germany,3.66,Schneider Weisse G. Schneider & Sohn,5.4,Wheat Beer - Hefeweizen,500ml,500,4.9,Wheat Beer
Weihenstephaner Kristall Weissbier,2.45,Germany,3.68,Bayerische Staatsbrauerei Weihenstephan,5.4,Wheat Beer - Kristallweizen,500ml,500,4.9,Wheat Beer
Bräuweisse Hefeweizen,2.45,Germany,3.72,Ayinger Privatbrauerei,5.1,Wheat Beer - Hefeweizen,500ml,500,4.9,Wheat Beer
Weihenstephaner Hefeweissbier Dunkel,2.45,Germany,3.76,Bayerische Staatsbrauerei Weihenstephan,5.3,Wheat Beer - Dunkelweizen,500ml,500,4.9,Wheat Beer
Märzen,2.45,Germany,3.44,Camba Bavaria,5.8,Märzen,500ml,500,4.9,Märzen
Bockbier – MHD 08.06.2024,2.45,Germany,3.64,Brauerei Ott,6.8,Bock - Single / Traditional,500ml,500,4.9,Bock
Weihenstephaner Pils,2.45,Germany,3.57,Bayerische Staatsbrauerei Weihenstephan,5.1,Pilsner - German,500ml,500,4.9,Pilsner
Grapefruit IPA,3.69,United States,3.78,Fremont Brewing,6.5,IPA - American,Bottle 750ml,750,4.92,IPA
Cydr Miłosławski Półsłodki - keg zwrotny,148.8,Poland,3.42,Browar Fortuna,4.5,Cider - Sweet,30000ml,30000,4.96,Cider
Weltenburger Kloster Hell,2.49,Germany,3.45,Klosterbrauerei Weltenburg,5.6,Lager - Helles,500ml,500,4.98,Lager
Gold,2.49,Germany,3.38,Schäffler Bräu,5.2,Lager - Dortmunder / Export,500ml,500,4.98,Lager
Maibock,2.49,Germany,3.56,Ayinger Privatbrauerei,7.0,Bock - Hell / Maibock / Lentebock,500ml,500,4.98,Bock
Flötzinger Hell Alkoholfrei,2.49,Germany,2.84,Flötzinger Bräu,0.5,Non-Alcoholic - Lager,500ml,500,4.98,Non-Alcoholic
Holzhauser Weissbier Alkoholfrei,2.49,Germany,2.71,Holzhauser Brauereigasthaus,0.4,Non-Alcoholic - Wheat,500ml,500,4.98,Non-Alcoholic
Weihenstephaner Weissbier Hell,2.49,Germany,3.78,Bayerische Staatsbrauerei Weihenstephan,5.4,Wheat Beer - Hefeweizen,500ml,500,4.98,Wheat Beer
Weissbier Alkoholfrei,2.49,Germany,3.1,Schäffler Bräu,0.3,Non-Alcoholic - Wheat,500ml,500,4.98,Non-Alcoholic
Hell,2.49,Germany,3.4,Starnberger Brauhaus,4.8,Lager - Helles,500ml,500,4.98,Lager
Holzhauser Weissbier,2.49,Germany,3.29,Holzhauser Brauereigasthaus,4.9,Wheat Beer - Hefeweizen,500ml,500,4.98,Wheat Beer
Weihenstephaner Weissbier Alkoholfrei,2.49,Germany,2.83,Bayerische Staatsbrauerei Weihenstephan,0.5,Non-Alcoholic - Wheat,500ml,500,4.98,Non-Alcoholic
Störtebeker Winterbock,2.49,Germany,3.48,Störtebeker Braumanufaktur,6.8,Bock - Hell / Maibock / Lentebock,500ml,500,4.98,Bock
Pils,2.49,Germany,3.46,Brauerei Hummel,5.0,Pilsner - German,500ml,500,4.98,Pilsner
Kellerbier,2.49,Germany,3.51,Brauerei Hummel,4.9,Kellerbier / Zwickelbier,500ml,500,4.98,Kellerbier / Zwickelbier
Weltenburger Kloster Barock Dunkel,2.49,Germany,3.52,Klosterbrauerei Weltenburg,4.7,Lager - Munich Dunkel,500ml,500,4.98,Lager
Noise Trade,3.74,Hungary,3.85,Dealbreaker,7.5,IPA - Imperial / Double New England / Hazy,Bottle 750ml,750,4.99,IPA
König Ludwig Weissbier,2.5,Indonesia,3.51,PT Beverindo Indah Abadi,5.5,Wheat Beer - Hefeweizen,500ml,500,5.0,Wheat Beer
Stiftsgartenbier,2.5,Germany,3.53,"Schlenkerla (""Heller-Bräu"" Trum)",5.7,Historical Beer - Other,500ml,500,5.0,Historical Beer
Böckla,2.5,Germany,3.56,Brauerei Drei Kronen Memmelsdorf,6.3,Bock - Hell / Maibock / Lentebock,500ml,500,5.0,Bock
Schlenkerla Weichsel,2.5,Germany,3.82,"Schlenkerla (""Heller-Bräu"" Trum)",4.6,Rauchbier,500ml,500,5.0,Rauchbier
Starker Löwe,2.5,Germany,3.6,Zum Löwenbräu Adelsdorf - Neuhaus/Aisch,8.2,Bock - Doppelbock,500ml,500,5.0,Bock
Bockbier Hell,2.5,Germany,3.54,Günther-Bräu,7.5,Bock - Hell / Maibock / Lentebock,500ml,500,5.0,Bock
Free Crazy,2.5,Poland,3.18,Funky Fluid,0.5,Non-Alcoholic - IPA,500ml,500,5.0,Non-Alcoholic
Drei Kronen Orgelweisse,2.5,Germany,3.41,Brauerei Drei Kronen Memmelsdorf,5.1,Wheat Beer - Hefeweizen,500ml,500,5.0,Wheat Beer
Festbier,2.5,Germany,3.28,Kaiser Bräu,6.0,Märzen,500ml,500,5.0,Märzen
Augustiner Lagerbier Hell,2.5,Germany,3.64,Augustiner-Bräu München,5.2,Lager - Helles,500ml,500,5.0,Lager
Lagerbier,2.5,Germany,3.61,Brauerei Greifenklau,4.8,Lager - Helles,500ml,500,5.0,Lager
Natur Radler,2.5,Germany,3.35,Paulaner Brauerei,2.5,Shandy / Radler,500ml,500,5.0,Shandy / Radler
Lager Hell,2.5,Germany,3.5,Ayinger Privatbrauerei,4.9,Lager - Helles,500ml,500,5.0,Lager
Wintertraum,2.5,Germany,3.11,Brauhaus Leikeim,5.4,Lager - Winter,500ml,500,5.0,Lager
Lager Hell,2.5,Germany,,Private Landbrauerei Schönram,5.0,Lager - Helles,500ml,500,5.0,Lager
Hofbräu HB Pure,2.5,Germany,3.21,Staatliches Hofbräuhaus München,5.3,Lager - Helles,500ml,500,5.0,Lager
Mönchsambacher Lager,2.5,Germany,3.74,Brauerei Zehendner,5.5,Kellerbier / Zwickelbier,500ml,500,5.0,Kellerbier / Zwickelbier
Bayreuther Bock,2.5,Germany,3.51,Bayreuther Bierbrauerei,6.8,Bock - Single / Traditional,500ml,500,5.0,Bock
Simple & easy,2.5,Poland,3.51,Browar Nepomucen,0.5,Non-Alcoholic - IPA,500ml,500,5.0,Non-Alcoholic
Holzhauser Dunkles,2.5,Germany,3.27,Munich Brew Mafia,6.8,Smoked Beer,500ml,500,5.0,Smoked Beer
Schneider Weisse TAP 7,2.5,Germany,3.66,Schneider Weisse G. Schneider & Sohn,5.4,Wheat Beer - Hefeweizen,500ml,500,5.0,Wheat Beer
Hazy Delivery,2.5,Poland,3.74,Browar PINTA,6.0,IPA - New England / Hazy,500ml,500,5.0,IPA
La Trappe Epos,1.65,Netherlands,3.18,Bierbrouwerij De Koningshoeven,6.0,Non-Alcoholic - Pale Ale,330ml,330,5.0,Non-Alcoholic
Weihnachts-Festbier,2.5,Germany,3.23,Riedenburger Brauhaus,5.5,Festbier,500ml,500,5.0,Festbier
Winterbock,2.5,Germany,3.55,Ayinger Privatbrauerei,6.7,Bock - Doppelbock,500ml,500,5.0,Bock
Tap 5 Meine Hopfenweisse,2.5,United States,3.78,Brooklyn Brewery/ Schneider Weisse G. Schneider & Sohn,8.2,Wheat Beer - Hopfenweisse,500ml,500,5.0,Wheat Beer
Weihenstephaner Kellerbier,2.5,Germany,3.66,Bayerische Staatsbrauerei Weihenstephan,5.6,Kellerbier / Zwickelbier,500ml,500,5.0,Kellerbier / Zwickelbier
Blond 0.0,1.65,Belgium,2.73,Abbaye de Leffe,8.0,Non-Alcoholic - Other,330ml,330,5.0,Non-Alcoholic
Räuschla,2.5,Germany,3.56,Brauerei Knoblach Schammelsdorf,5.4,Märzen,500ml,500,5.0,Märzen
Stammberg-Bock,2.5,Germany,3.71,Brauerei Knoblach Schammelsdorf,7.2,Bock - Hell / Maibock / Lentebock,500ml,500,5.0,Bock
Blanche de Namur,1.25,Belgium,3.4,Brasserie du Bocq,4.5,Wheat Beer - Witbier / Blanche,Bottle 250ml,250,5.0,Wheat Beer
Maisel Maisel's Weisse Leicht,2.5,Germany,3.16,Brauerei Gebr. Maisel,3.1,Wheat Beer - Hefeweizen Light / Leicht,500ml,500,5.0,Wheat Beer
Cichy Wieczór,2.5,Poland,3.43,Browar Za Miastem,5.8,Roggenbier,Bottle 500ml,500,5.0,Roggenbier
Hertl Der Leisi Rotbier,2.5,Germany,3.3,Braumanufaktur Hertl,4.2,Lager - Rotbier,500ml,500,5.0,Lager
Saphir Bock,2.5,Germany,3.31,Kaiser Bräu,7.8,Bock - Doppelbock,500ml,500,5.0,Bock
Schlenkerla Rauchbier Urbock,2.5,Germany,3.74,"Schlenkerla (""Heller-Bräu"" Trum)",6.5,Rauchbier,500ml,500,5.0,Rauchbier
Schädelschbrengger Hell,2.5,Germany,3.27,Kaiser Bräu,5.1,Lager - Helles,500ml,500,5.0,Lager
1 na 100 Lite APA (Rye Beer),2.5,Poland,3.53,Browar Kormoran,1.0,Rye Beer,500ml,500,5.0,Rye Beer
Weissbier Resi - Leichtes Weissbier,2.5,Germany,3.3,Der Hirschbräu - Privatbrauerei Höss,4.7,Wheat Beer - Hefeweizen,500ml,500,5.0,Wheat Beer
Własne Sprawy,2.5,Poland,3.4,Browar Za Miastem,5.6,Pale Ale - American,Bottle 500ml,500,5.0,Pale Ale
Winterbier,2.5,Germany,3.33,St. GeorgenBräu,5.6,Festbier,500ml,500,5.0,Festbier
Communbräu Winterzoigl,2.5,Germany,3.16,Privatbrauerei Hösl,5.9,Historical Beer - Zoigl,500ml,500,5.0,Historical Beer
Magners Original Irish Cider,1.65,Ireland,3.3,Magners Irish Cider,4.5,Cider - Traditional / Apfelwein,330ml,330,5.0,Cider
EUROBOX Hungary - Maryensztadt/Nook Grape Sour,2.52,Poland,3.67,Browar NOOK/ Maryensztadt,7.8,Sour - Fruited,Can 500ml,500,5.04,Sour
Liqour 43 Infused,3.79,Netherlands,,Guilty Monkey Brewery,7.6,Belgian Quadrupel,Bottle 750ml,750,5.05,Belgian Quadrupel
Mad Callista,1.67,Germany,3.22,Craftwerk Brewing,3.9,Lager - IPL (India Pale Lager),330ml,330,5.06,Lager
Galibot | Verre 25 cl,3.8,France,3.58,Brasserie Galibot,6.0,IPA - American,Bottle 750ml,750,5.07,IPA
Saison Antoine,3.8,France,3.55,Sacrilège,5.4,Farmhouse Ale - Saison,Bottle 750ml,750,5.07,Farmhouse Ale
Hors Piste III Jasmin...,3.8,France,4.0,Ellipse,7.2,Historical Beer - Gruit / Ancient Herbed Ale,Bottle 750ml,750,5.07,Historical Beer
Dvouplošník,3.81,Czech Republic,3.3,Pivovar Rotor,4.3,Pilsner - Czech / Bohemian,Bottle 750ml,750,5.08,Pilsner
Kozel Premium Lager,2.55,Czech Republic,3.17,Pivovar Velké Popovice,4.6,Pilsner - Czech / Bohemian,500ml,500,5.1,Pilsner
Mongy Saison Bio,2.25,France,3.47,Brasserie Cambier,5.2,Farmhouse Ale - Saison,Can 440ml,440,5.11,Farmhouse Ale
Pils – FrauGruber,2.25,Germany,3.51,FrauGruber Brewing,4.8,Pilsner - German,Can 440ml,440,5.11,Pilsner
Roi De Coeur,2.25,Belgium,3.24,Brouwerij Het Nest,4.8,Blonde / Golden Ale - Other,Can 440ml,440,5.11,Blonde / Golden Ale
Grimbergen Blond,1.7,Belgium,3.49,Brouwerij Alken-Maes,6.7,Belgian Blonde,330ml,330,5.15,Belgian Blonde
Budvar Original Czech Imported Lager,1.7,Czech Republic,3.3,Budějovický Budvar,5.0,Pilsner - Czech / Bohemian,330ml,330,5.15,Pilsner
Augustijn Blond,1.7,Belgium,3.53,Brouwerij Van Steenberge,7.0,Belgian Blonde,330ml,330,5.15,Belgian Blonde
Oude Lambiek - PRE-ORDER ONLY,51.63,Belgium,3.58,Brouwerij Girardin,5.0,Lambic - Traditional,10000ml,10000,5.16,Lambic
Hiddenseer Weizen Alkoholfrei,2.59,Germany,3.11,Rügener Insel-Brauerei,5.0,Wheat Beer - Hefeweizen,500ml,500,5.18,Wheat Beer
Historisches Emmerbier BIO,2.59,Germany,3.27,Riedenburger Brauhaus,5.1,Specialty Grain,500ml,500,5.18,Specialty Grain
Premium Weissbier,2.59,Germany,3.69,Spaten-Franziskaner-Löwenbräu-Gruppe,5.0,Wheat Beer - Hefeweizen,500ml,500,5.18,Wheat Beer
Weizenbock Hell,2.59,Germany,3.87,Brauerei Gutmann,7.2,Bock - Weizenbock,500ml,500,5.18,Bock
Fassbrause Rhabarber,2.59,Germany,3.23,Vielanker Brauhaus,5.1,Non-Alcoholic - Other,500ml,500,5.18,Non-Alcoholic
Fassbrause Zitrone,2.59,Germany,3.29,Vielanker Brauhaus,5.1,Other,500ml,500,5.18,Other
Tilmans Cola Mix,2.59,Germany,3.65,Tilmans Biere,5.1,Lager - Helles,500ml,500,5.18,Lager
Hiddenseer Hell,2.59,Germany,3.42,Rügener Insel-Brauerei,5.3,Lager - Helles,500ml,500,5.18,Lager
Hiddenseer Pils,2.59,Germany,3.45,Rügener Insel-Brauerei,5.2,Pilsner - German,500ml,500,5.18,Pilsner
Fassbrause Johannisbeere,2.59,Germany,2.78,Vielanker Brauhaus,4.9,Non-Alcoholic - Shandy / Radler,500ml,500,5.18,Non-Alcoholic
Fassbrause Erdbeere,2.59,Germany,2.78,Vielanker Brauhaus,4.9,Non-Alcoholic - Shandy / Radler,500ml,500,5.18,Non-Alcoholic
Fassbrause Waldmeister,2.59,Germany,3.08,Vielanker Brauhaus,6.0,Other,500ml,500,5.18,Other
Hiddenseer Weizen,2.59,Germany,3.57,Rügener Insel-Brauerei,5.6,Wheat Beer - Hefeweizen,500ml,500,5.18,Wheat Beer
Weltenburger Helle Weisse,2.59,Germany,3.57,Klosterbrauerei Weltenburg,5.4,Wheat Beer - Hefeweizen,500ml,500,5.18,Wheat Beer
Kloster Andechs Weizenbock,2.59,Germany,3.74,Klosterbrauerei Andechs,7.0,Bock - Weizenbock,500ml,500,5.18,Bock
Hell,2.59,Germany,3.5,Auerbräu Rosenheimer Spezialitätenbrauerei,4.8,Lager - Helles,500ml,500,5.18,Lager
Fassbrause Original,2.59,Germany,3.23,Vielanker Brauhaus,6.0,Non-Alcoholic - Other,500ml,500,5.18,Non-Alcoholic
Kellerbier,2.59,Germany,3.45,Spaten-Franziskaner-Löwenbräu-Gruppe,5.2,Kellerbier / Zwickelbier,500ml,500,5.18,Kellerbier / Zwickelbier
Letnia Przygoda,2.6,Poland,3.6,Browar Za Miastem,4.0,IPA - Session,Bottle 500ml,500,5.2,IPA
12 Horka,2.6,Czech Republic,3.2,Radegast,5.1,Pilsner - Czech / Bohemian,500ml,500,5.2,Pilsner
Słoneczny Dzień,2.6,Poland,3.52,Browar Za Miastem,5.3,Wheat Beer - Fruited,Bottle 500ml,500,5.2,Wheat Beer
Freeky APA,2.6,Poland,3.37,Maryensztadt,0.5,Non-Alcoholic - Pale Ale,Bottle 500ml,500,5.2,Non-Alcoholic
Weiherer - OsW-Alt,2.6,Germany,3.39,Brauerei Kundmüller,4.2,Altbier - Traditional,500ml,500,5.2,Altbier
Wielka Szycha,2.6,Poland,3.28,ReCraft,5.0,Pilsner - Czech / Bohemian,Bottle 500ml,500,5.2,Pilsner
Andechs Weissbier Hell,2.6,Germany,3.71,Klosterbrauerei Andechs,5.0,Wheat Beer - Hefeweizen,500ml,500,5.2,Wheat Beer
Rittmayer Winter Weizen,2.6,Germany,3.44,Brauerei Rittmayer Hallerndorf,5.2,Wheat Beer - Hefeweizen,500ml,500,5.2,Wheat Beer
Bezalkoholowe Citrus IPA,2.6,Poland,3.34,ReCraft,0.5,Non-Alcoholic - IPA,Bottle 500ml,500,5.2,Non-Alcoholic
Piątek Wieczór,2.6,Poland,3.56,Browar Za Miastem,5.2,Pale Ale - New England / Hazy,Bottle 500ml,500,5.2,Pale Ale
Schwärzla,2.6,Germany,3.38,Brauerei Kundmüller,5.3,Stout - English,500ml,500,5.2,Stout
Mini Maxi IPA,2.6,Poland,3.42,Browar PINTA,0.5,Non-Alcoholic - IPA,Bottle 500ml,500,5.2,Non-Alcoholic
Langbräu Super Ale,2.6,Germany,3.36,Lang-Bräu,4.9,Blonde / Golden Ale - Other,500ml,500,5.2,Blonde / Golden Ale
Weiherer Grünhopfen-Pils,2.6,Germany,3.61,Brauerei Kundmüller,4.9,Pilsner - German,500ml,500,5.2,Pilsner
Weiherer Summer Ale,2.6,Germany,3.51,Brauerei Kundmüller,5.2,Pale Ale - Other,500ml,500,5.2,Pale Ale
Lager,2.6,Poland,3.45,WRCLW,4.1,Lager - Helles,Bottle 500ml,500,5.2,Lager
Diabelska Pszenica,2.6,Poland,3.5,ReCraft,5.1,Wheat Beer - Other,Can 500ml,500,5.2,Wheat Beer
Eichhorn Fränkisch Hell,2.6,Germany,3.47,Brauerei Eichhorn Forchheim,4.9,Lager - Helles,500ml,500,5.2,Lager
Osw - Alt,2.6,Germany,3.46,Brauerei Kundmüller,4.9,Kellerbier / Zwickelbier,500ml,500,5.2,Kellerbier / Zwickelbier
Weiherer - Grischbeerla,2.6,Germany,3.62,Brauerei Kundmüller,4.5,IPA - Session,500ml,500,5.2,IPA
Bezalkoholowy,2.6,Poland,3.25,WRCLW,0.5,Non-Alcoholic - IPA,Bottle 500ml,500,5.2,Non-Alcoholic
Mahrs Weisser Bock,2.6,Germany,3.6,Mahr's Bräu,7.2,Bock - Weizenbock,500ml,500,5.2,Bock
Bawarka,2.6,Poland,3.47,Browar PINTA,5.7,Wheat Beer - Hefeweizen,Bottle 500ml,500,5.2,Wheat Beer
Weizen: Alcohol Free,2.6,Germany,3.37,Flötzinger Bräu,0.5,Wheat Beer - Dunkelweizen,Bottle 500ml,500,5.2,Wheat Beer
Komes Strong Blonde,2.6,Poland,3.62,Browar Fortuna,7.5,Belgian Strong Golden Ale,Bottle 500ml,500,5.2,Belgian Strong Golden Ale
Weiherer Rolator Doppelbock,2.6,Germany,3.38,Brauerei Kundmüller,8.8,Bock - Doppelbock,500ml,500,5.2,Bock
Bock Dunkel,2.6,Germany,3.6,Brauerei Wagner Merkendorf,7.5,Bock - Single / Traditional,500ml,500,5.2,Bock
Mai-Ur-Bock,2.6,Germany,3.29,Einbecker Brauhaus,6.5,Bock - Hell / Maibock / Lentebock,500ml,500,5.2,Bock
Langbräu Lager,2.6,Germany,3.36,Lang-Bräu,4.5,Kellerbier / Zwickelbier,500ml,500,5.2,Kellerbier / Zwickelbier
Bock Hell,2.6,Germany,3.46,Brauerei Wagner Merkendorf,7.5,Bock - Single / Traditional,500ml,500,5.2,Bock
Black Mamba,3.9,France,3.65,Brasserie du Midi,6.5,IPA - Black / Cascadian Dark Ale,Bottle 750ml,750,5.2,IPA
Wywar Jozef II,2.6,Slovakia,3.26,Holíčsky pivovar Wywar,3.8,Lager - Světlé (Czech Pale),Can 500ml,500,5.2,Lager
Poczwórny,2.6,Poland,3.44,Browar Fortuna,10.0,Red Ale - Imperial / Double,Bottle 500ml,500,5.2,Red Ale
Święty Spokój,2.6,Poland,3.52,Browar Za Miastem,6.5,IPA - American,Bottle 500ml,500,5.2,IPA
Rauchbock,2.6,Brazil,3.5,Bamberg Bier/ Brauerei Kundmüller,7.0,Rauchbier,500ml,500,5.2,Rauchbier
Huppendorfer Weizenbock,2.6,Germany,3.73,Brauerei Gasthof Grasser,8.0,Bock - Weizenbock,500ml,500,5.2,Bock
Lemon Sparkler,2.6,Poland,3.48,Piwne Podziemie,4.9,Pilsner - Other,Can 500ml,500,5.2,Pilsner
Porter,2.6,Poland,3.83,Browar Fortuna,9.0,Porter - Baltic,Bottle 500ml,500,5.2,Porter
Grünhopfen Pils,2.6,Germany,3.61,Brauerei Kundmüller,4.9,Pilsner - German,500ml,500,5.2,Pilsner
Kehlengold,2.6,Germany,3.37,Brauerei Schanzenbräu,4.9,Kellerbier / Zwickelbier,500ml,500,5.2,Kellerbier / Zwickelbier
Hoppy Pils,2.6,Poland,3.6,ReCraft,5.0,Pilsner - Other,Can 500ml,500,5.2,Pilsner
Blond,1.72,Netherlands,3.67,Bierbrouwerij De Koningshoeven,6.5,Belgian Blonde,330ml,330,5.21,Belgian Blonde
Bruin,1.72,Belgium,3.38,Den Herberg,9.0,Brown Ale - Belgian,330ml,330,5.21,Brown Ale
Chouffe Lite,1.72,Belgium,3.32,Brasserie d'Achouffe,4.0,Pale Ale - Belgian,330ml,330,5.21,Pale Ale
Festa,2.3,Belgium,3.18,Galea Craft Beers,4.5,Belgian Blonde,Can 440ml,440,5.23,Belgian Blonde
Zillertal Bio Radler,2.3,Austria,3.5,Zillertal Bier,1.6,Shandy / Radler,Can 440ml,440,5.23,Shandy / Radler
American IPA - keg A,157.1,Poland,3.62,Browar Stu Mostów,6.8,IPA - American,30000ml,30000,5.24,IPA
Strawberry Berliner Weisse - keg A,157.1,Germany,3.61,BRLO/ Browar Stu Mostów,3.4,Sour - Fruited Berliner Weisse,30000ml,30000,5.24,Sour
Black IPA - keg A,157.1,Poland,3.59,Browar Stu Mostów,6.8,IPA - Black / Cascadian Dark Ale,30000ml,30000,5.24,IPA
Pale Ale - keg A,157.1,Poland,3.63,Browar Stu Mostów,5.1,Pale Ale - American,30000ml,30000,5.24,Pale Ale
Piedboeuf Bruin Foncée,3.95,Belgium,2.21,Brasserie Jupiler,1.1,Table Beer,Bottle 750ml,750,5.27,Table Beer
Pinta Mini Maxi IPA,2.64,Poland,3.42,Browar PINTA,0.5,Non-Alcoholic - IPA,500ml,500,5.28,Non-Alcoholic
Kristoffel Rosé,1.75,Belgium,3.31,Brouwerij Martens,4.2,Fruit Beer,330ml,330,5.3,Fruit Beer
Brasserie Du Bocq Deugniet,2.65,Belgium,3.53,Brasserie du Bocq,7.5,Belgian Strong Golden Ale,500ml,500,5.3,Belgian Strong Golden Ale
Blond,1.75,Belgium,3.53,Affligem Brouwerij,6.7,Belgian Blonde,330ml,330,5.3,Belgian Blonde
Augustijn Donker,1.75,Belgium,3.51,Brouwerij Van Steenberge,8.0,Belgian Dubbel,330ml,330,5.3,Belgian Dubbel
Kristoffel Wit,1.75,Belgium,3.33,Brouwerij Martens,5.0,Wheat Beer - Witbier / Blanche,330ml,330,5.3,Wheat Beer
Blond,1.75,Belgium,3.49,Brouwerij Alken-Maes,6.7,Belgian Blonde,330ml,330,5.3,Belgian Blonde
Kristoffel Bruin,1.75,Belgium,3.2,Brouwerij Martens,6.0,Brown Ale - Belgian,330ml,330,5.3,Brown Ale
Kristoffel Blond,1.75,Belgium,3.21,Brouwerij Martens,6.0,Belgian Blonde,330ml,330,5.3,Belgian Blonde
Pilsner - keg zwrotny,159.4,Poland,3.24,Browar Zamkowy Cieszyn,4.8,Pilsner - Czech / Bohemian,30000ml,30000,5.31,Pilsner
Turbolet,3.98,Czech Republic,3.38,Pivovar Rotor,4.8,Pilsner - Czech / Bohemian,Bottle 750ml,750,5.31,Pilsner
Oatis,3.99,United States,3.76,Ninkasi Brewing Company,7.0,Stout - Oatmeal,Bottle 750ml,750,5.32,Stout
Blond,3.99,Netherlands,3.31,Brother Beer,6.0,Belgian Blonde,Bottle 750ml,750,5.32,Belgian Blonde
Aventinus Eisbock (TAP 9),3.99,Germany,3.79,Schneider Weisse G. Schneider & Sohn,12.0,Bock - Eisbock,Bottle 750ml,750,5.32,Bock
Beelini,3.99,United States,3.83,Superstition Meadery,6.0,Mead - Session / Short,Bottle 750ml,750,5.32,Mead
Oozlefinch Real Beer,2.5,United States,3.5,Oozlefinch Beers & Blending,7.0,Bock - Hell / Maibock / Lentebock,Can 470ml,470,5.32,Bock
Ter Dolen tripel,2.0,Belgium,3.43,Brouwerij Mort Subite,6.5,Lambic - Kriek,Bottle 375ml,375,5.33,Lambic
1993,1.76,Hungary,3.35,Szent András Sörfőzde,4.9,Lager - Helles,330ml,330,5.33,Lager
Blackbird,4.03,Czech Republic,3.43,Pivovar Rotor,4.8,Lager - Tmavé (Czech Dark),Bottle 750ml,750,5.37,Lager
Dunkel,2.69,Germany,3.25,Vielanker Brauhaus,5.0,Lager - Munich Dunkel,500ml,500,5.38,Lager
Original Hell,2.69,Germany,3.23,Privatbrauerei Sander,4.8,Lager - Helles,500ml,500,5.38,Lager
Helles,2.69,Germany,3.27,Vielanker Brauhaus,4.9,Lager - Helles,500ml,500,5.38,Lager
Weiherer Festbier,2.69,Germany,3.56,Brauerei Kundmüller,5.6,Festbier,500ml,500,5.38,Festbier
Weizen,2.69,Germany,3.26,Vielanker Brauhaus,5.0,Wheat Beer - Hefeweizen,500ml,500,5.38,Wheat Beer
Flötzinger Weihnachts-Bock,2.69,Germany,3.5,Flötzinger Bräu,7.0,Bock - Hell / Maibock / Lentebock,500ml,500,5.38,Bock
Pilsener,2.69,Germany,3.12,Vielanker Brauhaus,4.8,Pilsner - German,500ml,500,5.38,Pilsner
Erdinger Schneeweiße,2.69,Germany,3.46,Erdinger Weissbräu,5.6,Wheat Beer - Hefeweizen,500ml,500,5.38,Wheat Beer
Schönramer Lager Hell,2.69,Germany,3.58,Private Landbrauerei Schönram,5.0,Lager - Helles,500ml,500,5.38,Lager
Golden Delicious,2.69,Belgium,3.41,Brouwerij Hof ten Dormaal/ Moon Gazer - Norfolk Brewhouse,7.0,Bière de Champagne / Bière Brut,500ml,500,5.38,Bière de Champagne / Bière Brut
Aventinus (TAP06),2.69,Germany,3.81,Schneider Weisse G. Schneider & Sohn,8.2,Bock - Weizendoppelbock,500ml,500,5.38,Bock
Sowie Pszeniczne z Mango i Marakują,2.7,Poland,3.3,Browar Wielka Sowa,4.9,Wheat Beer - Other,Bottle 500ml,500,5.4,Wheat Beer
Pils,2.7,Poland,3.38,WRCLW,5.0,Pilsner - German,Bottle 500ml,500,5.4,Pilsner
"Rothaus | Pils | 5,1%",2.7,Germany,3.47,Badische Staatsbrauerei Rothaus,5.1,Pilsner - German,500ml,500,5.4,Pilsner
Grischbeerla,2.7,Germany,3.62,Brauerei Kundmüller,4.5,IPA - Session,500ml,500,5.4,IPA
Fest Lagerbier,2.7,Poland,3.53,WRCLW,5.8,Festbier,Bottle 500ml,500,5.4,Festbier
Weiherer - Hopfenweizen,2.7,Germany,3.64,Brauerei Kundmüller,5.2,Wheat Beer - Hopfenweisse,500ml,500,5.4,Wheat Beer
"Rothaus | Hefeweizen | 5,4%",2.7,Germany,3.59,Badische Staatsbrauerei Rothaus,5.4,Wheat Beer - Hefeweizen,500ml,500,5.4,Wheat Beer
"Ayinger | Kellerbier | 4,9%",2.7,Germany,3.55,Ayinger Privatbrauerei,4.9,Kellerbier / Zwickelbier,500ml,500,5.4,Kellerbier / Zwickelbier
Pełen Luz,2.7,Poland,3.6,Browar Za Miastem,6.5,IPA - Black / Cascadian Dark Ale,Bottle 500ml,500,5.4,IPA
Owsiany Stout Bezglutenowe,2.7,Poland,3.31,Maryensztadt,4.5,Stout - Oatmeal,Bottle 500ml,500,5.4,Stout
Weiherer Rauchbock,2.7,Brazil,3.5,Bamberg Bier/ Brauerei Kundmüller,7.0,Rauchbier,500ml,500,5.4,Rauchbier
Przepięcie,2.7,Poland,3.32,Browar Wielka Sowa,3.8,Pale Ale - American,Bottle 500ml,500,5.4,Pale Ale
Dobrze Jest,2.7,Poland,3.56,Browar Za Miastem,5.6,IPA - White / Wheat,Bottle 500ml,500,5.4,IPA
Troubadour Westkust,2.7,Belgium,3.56,Brouwerij The Musketeers,8.6,IPA - Imperial / Double Black,Bottle 500ml,500,5.4,IPA
Pszeniczny,2.7,Poland,3.49,WRCLW,5.0,Wheat Beer - Hefeweizen,Bottle 500ml,500,5.4,Wheat Beer
Lager,2.7,Poland,3.63,Trzech Kumpli,5.3,Lager - Helles,Bottle 500ml,500,5.4,Lager
Pierwsza Pomoc,2.7,Poland,3.24,Browar PINTA,4.1,Pilsner - Other,Bottle 500ml,500,5.4,Pilsner
Graper,2.7,Poland,3.32,Browar Wielka Sowa,4.9,Grape Ale - Other,Bottle 500ml,500,5.4,Grape Ale
Hefeweisse,2.7,Germany,3.71,Hacker-Pschorr,5.5,Wheat Beer - Dunkelweizen,500ml,500,5.4,Wheat Beer
Induktor,2.7,Poland,3.59,Browar Wielka Sowa,5.8,IPA - New England / Hazy,Bottle 500ml,500,5.4,IPA
Bateria,2.7,Poland,3.45,Browar Wielka Sowa,4.9,Lager - IPL (India Pale Lager),Bottle 500ml,500,5.4,Lager
Flotzinger Weizen Alcohol Free,2.7,Germany,3.37,Flötzinger Bräu,5.3,Wheat Beer - Dunkelweizen,500ml,500,5.4,Wheat Beer
Free Ride,2.7,Poland,3.23,Browar Kingpin,0.5,Non-Alcoholic - IPA,Can 500ml,500,5.4,Non-Alcoholic
Amper,2.7,Poland,3.39,Browar Wielka Sowa,4.9,Pale Ale - American,Bottle 500ml,500,5.4,Pale Ale
Faza,2.7,Poland,3.47,Browar Wielka Sowa,5.6,IPA - Other,Bottle 500ml,500,5.4,IPA
Augsburger Herren Pils,1.79,Germany,3.31,Brauhaus Riegele,4.7,Pilsner - German,330ml,330,5.42,Pilsner
Pauwel Kwak,1.79,Belgium,3.76,Brouwerij Bosteels,8.4,Pale Ale - Belgian,330ml,330,5.42,Pale Ale
Brune / Bruin,1.79,Belgium,3.54,Abbaye de Leffe,6.5,Brown Ale - Belgian,330ml,330,5.42,Brown Ale
Apple,1.79,Denmark,3.3,Carlsberg Group,4.5,Cider - Sweet,330ml,330,5.42,Cider
Extra hořká 11°,4.07,Czech Republic,3.51,Pivovar Mazák,4.4,Pilsner - Czech / Bohemian,Bottle 750ml,750,5.43,Pilsner
Pils,2.39,Germany,3.51,FrauGruber Brewing,4.8,Pilsner - German,Can 440ml,440,5.43,Pilsner
Snurkijzer,2.4,Belgium,3.5,Inkbiegel,6.5,Belgian Blonde,Can 440ml,440,5.45,Belgian Blonde
Kasteel XTRA,1.8,Belgium,3.28,Kasteel Brouwerij Vanhonsebrouck,4.5,Belgian Blonde,330ml,330,5.45,Belgian Blonde
Strandgaper,1.8,Netherlands,3.46,Brouwerij Puuro/ JD Brewery/ Strieper Craft Beer Company,8.9,Stout - Imperial / Double,330ml,330,5.45,Stout
Blanche De Bruxelles,1.8,Belgium,3.54,Brasserie Lefebvre,4.5,Wheat Beer - Witbier / Blanche,330ml,330,5.45,Wheat Beer
La Trappe Dubbel,1.8,Netherlands,3.63,Bierbrouwerij De Koningshoeven,7.0,Belgian Dubbel,330ml,330,5.45,Belgian Dubbel
"Bayreuther Hell 0,33L",1.8,Germany,3.52,Bayreuther Bierbrauerei,4.9,Lager - Helles,330ml,330,5.45,Lager
Saison Dupont,1.8,Belgium,3.68,Brasserie Dupont,6.5,Farmhouse Ale - Saison,330ml,330,5.45,Farmhouse Ale
Kapittel Dubbel,1.8,Belgium,3.25,Leroy Breweries,7.5,Belgian Dubbel,330ml,330,5.45,Belgian Dubbel
Sint Bernardus Pater 6,1.8,Belgium,3.55,Brouwerij St.Bernardus,6.7,Belgian Dubbel,330ml,330,5.45,Belgian Dubbel
Budweiser Budvar,1.8,Czech Republic,3.3,Budějovický Budvar,5.0,Pilsner - Czech / Bohemian,330ml,330,5.45,Pilsner
Driving Home For Christmas,1.8,Norway,2.89,LERVIG,0.5,Non-Alcoholic - Other,Can 330ml,330,5.45,Non-Alcoholic
"Krug Hell 0,33 L",1.8,Germany,3.47,Krug-Bräu,4.8,Lager - Helles,330ml,330,5.45,Lager
Kriekenlambiek - PRE-ORDER ONLY,54.58,Belgium,3.63,Brouwerij Girardin,5.0,Lambic - Kriek,10000ml,10000,5.46,Lambic
Humlesovs,4.1,Denmark,3.55,To Øl,6.0,IPA - New England / Hazy,Bottle 750ml,750,5.47,IPA
Un Peu Beaucoup BIO,4.1,France,3.74,Effet Papillon,6.0,IPA - New England / Hazy,Bottle 750ml,750,5.47,IPA
Delirium Tremens - one-way-keg,164.3,Belgium,3.85,Delirium - Huyghe Brewery,8.5,Belgian Strong Golden Ale,30000ml,30000,5.48,Belgian Strong Golden Ale
Delirium Nocturnum - one-way-keg,164.6,Belgium,3.76,Delirium - Huyghe Brewery,8.5,Belgian Strong Dark Ale,30000ml,30000,5.49,Belgian Strong Dark Ale
Weizen Alcoholvrij,1.65,Netherlands,2.89,Gulpener Bierbrouwerij,0.3,Non-Alcoholic - Wheat,300ml,300,5.5,Non-Alcoholic
Pinkus Hefe Weizen,2.75,Germany,3.42,Brauerei Pinkus Müller,5.0,Wheat Beer - Hefeweizen,500ml,500,5.5,Wheat Beer
Tripel,1.65,Netherlands,3.64,Hertog Jan,8.5,Belgian Tripel,300ml,300,5.5,Belgian Tripel
Tryskáč,4.15,Czech Republic,3.4,Pivovar Rotor,5.0,Pale Ale - American,Bottle 750ml,750,5.53,Pale Ale
Schwarzwald Weisse Hefe-Weizen,1.83,Germany,3.56,Privatbrauerei Waldhaus,5.6,Wheat Beer - Hefeweizen,330ml,330,5.55,Wheat Beer
Delirium Red - one-way-keg,166.9,Belgium,3.58,Delirium - Huyghe Brewery,8.0,Fruit Beer,30000ml,30000,5.56,Fruit Beer
Jantar,4.17,Czech Republic,3.4,Pivovar Mazák,4.6,Lager - Polotmavé (Czech Amber),Bottle 750ml,750,5.56,Lager
Saison Dupont Cuvée Dry Hopping,2.45,Belgium,3.67,Brasserie Dupont,6.5,Farmhouse Ale - Saison,Can 440ml,440,5.57,Farmhouse Ale
Märzen,2.79,Germany,3.42,Hoppebräu,5.9,Märzen,500ml,500,5.58,Märzen
Köstritzer Pale Ale,2.79,Germany,3.47,Köstritzer Schwarzbierbrauerei,6.5,Pale Ale - English,500ml,500,5.58,Pale Ale
Ruhige Kugel Alkoholfreies Mehrkornzwickl,2.79,Germany,3.37,Hoppebräu,0.4,Non-Alcoholic - Lager,500ml,500,5.58,Non-Alcoholic
Helles,2.79,Germany,3.36,Hoppebräu,4.9,Lager - Helles,500ml,500,5.58,Lager
Tripel,2.79,Belgium,3.75,Brouwerij St.Bernardus,8.0,Belgian Tripel,500ml,500,5.58,Belgian Tripel
Sander Pale Ale,2.79,Spain,3.64,Sanders Craftbeer,6.5,Pale Ale - American,500ml,500,5.58,Pale Ale
König Ludwig Festtags-Bier,2.79,Germany,3.35,König Ludwig Schlossbrauerei Kaltenberg,5.6,Lager - Winter,500ml,500,5.58,Lager
Pędzący Flaming,2.8,Poland,3.44,Miastolas,5.2,Pilsner - Other,Bottle 500ml,500,5.6,Pilsner
Weissbier,2.8,Germany,3.67,Familienbrauerei Jacob,5.3,Wheat Beer - Hefeweizen,500ml,500,5.6,Wheat Beer
Korbinian Doppelbock,2.8,Germany,3.78,Bayerische Staatsbrauerei Weihenstephan,7.4,Bock - Doppelbock,500ml,500,5.6,Bock
A ja Pale Ale,2.8,Poland,3.5,Browar PINTA,5.0,Pale Ale - American,Bottle 500ml,500,5.6,Pale Ale
Weissbier Resi Helles Weissbier,2.8,Germany,3.34,Privatbrauerei Hösl,5.3,Wheat Beer - Hefeweizen,500ml,500,5.6,Wheat Beer
Weissbier Resi Dunkles Weissbier,2.8,Germany,3.21,Privatbrauerei Hösl,5.1,Wheat Beer - Dunkelweizen,500ml,500,5.6,Wheat Beer
Vitus Weizenbock,2.8,Germany,3.84,Bayerische Staatsbrauerei Weihenstephan,7.7,Bock - Weizenbock,500ml,500,5.6,Bock
Le Serpent qui Danse BIO,4.2,France,3.88,Effet Papillon,8.0,Porter - Baltic,Bottle 750ml,750,5.6,Porter
Schuppenboer Rum Barrel Aged Winter 2023,4.2,Belgium,3.69,Brouwerij Het Nest,10.0,Belgian Tripel,Bottle 750ml,750,5.6,Belgian Tripel
Buzz Free,2.8,Poland,3.5,Moczybroda,0.5,Non-Alcoholic - Sour,Can 500ml,500,5.6,Non-Alcoholic
Hazy APA,2.8,Poland,3.71,ReCraft,4.2,Pale Ale - New England / Hazy,Bottle 500ml,500,5.6,Pale Ale
Pszeniczne,2.8,Poland,3.33,Browar Zamkowy Cieszyn,5.4,Wheat Beer - Hefeweizen,Bottle 500ml,500,5.6,Wheat Beer
Rothaus Hefeweizen,2.8,Germany,3.59,Badische Staatsbrauerei Rothaus,5.4,Wheat Beer - Hefeweizen,500ml,500,5.6,Wheat Beer
vanderGhinste Roodbruin,1.4,Belgium,3.66,Omer Vander Ghinste,5.5,Sour - Flanders Oud Bruin,Bottle 250ml,250,5.6,Sour
Faro,1.4,Belgium,3.47,Brouwerij Lindemans,4.5,Lambic - Faro,Bottle 250ml,250,5.6,Lambic
Sesyjna APA Bezglutenowe,2.8,Poland,3.42,Maryensztadt,4.1,Gluten-Free,Bottle 500ml,500,5.6,Gluten-Free
Speciale Belge,1.4,Belgium,3.36,Brouwerij Palm,5.2,Pale Ale - Belgian,Bottle 250ml,250,5.6,Pale Ale
Non Alcoholic Berliner Weisse,2.8,Poland,3.54,Browar Stu Mostów,0.5,Non-Alcoholic - Sour,Bottle 500ml,500,5.6,Non-Alcoholic
Shelter.,2.8,Poland,3.58,Moon Lark Brewery,5.2,Pilsner - German,Can 500ml,500,5.6,Pilsner
Van Honsebrouck Kasteel Tripel,1.85,Belgium,3.63,Kasteel Brouwerij Vanhonsebrouck,11.0,Belgian Tripel,330ml,330,5.61,Belgian Tripel
Cero Lager 0.0,1.85,Mexico,2.69,Grupo Modelo,5.7,Non-Alcoholic - Lager,330ml,330,5.61,Non-Alcoholic
Extra Pilsner,1.85,Belgium,3.27,Duvel Moortgat,5.2,Pilsner - Other,330ml,330,5.61,Pilsner
La Trappe Nillis,1.85,Netherlands,3.04,Bierbrouwerij De Koningshoeven,6.0,Non-Alcoholic - Other,330ml,330,5.61,Non-Alcoholic
Cornet Oaked,1.85,Belgium,3.61,Brouwerij De Hoorn,8.5,Belgian Strong Golden Ale,330ml,330,5.61,Belgian Strong Golden Ale
Kapittel Blond,1.85,Belgium,3.25,Leroy Breweries,6.5,Belgian Blonde,330ml,330,5.61,Belgian Blonde
Vedett Extra Pilsner,1.85,Belgium,3.27,Duvel Moortgat,5.2,Pilsner - Other,330ml,330,5.61,Pilsner
Fagnes Griottes,1.85,Belgium,2.98,Brasserie des Fagnes,4.8,Fruit Beer,330ml,330,5.61,Fruit Beer
Neverending Haze,2.0,United States,3.59,Stone Brewing,4.0,IPA - Session,355ml,355,5.63,IPA
ŽiWell Jedenástka,4.22,Slovakia,3.21,Piešťanský pivovar ŽiWELL,4.3,Lager - Pale,Bottle 750ml,750,5.63,Lager
Gronckel Blond,1.86,Belgium,3.39,Vrijstaat Vanmol Brewing,6.5,Belgian Blonde,330ml,330,5.64,Belgian Blonde
Wywar Martin,4.24,Slovakia,3.32,Holíčsky pivovar Wywar,4.8,Pilsner - Czech / Bohemian,Bottle 750ml,750,5.65,Pilsner
Wywar Pilsner Mängel,4.24,Slovakia,3.37,Holíčsky pivovar Wywar,4.7,Pilsner - Czech / Bohemian,Bottle 750ml,750,5.65,Pilsner
Sawtooth Ale,2.49,United States,3.52,Left Hand Brewing Company,5.3,Bitter - Extra Special / Strong (ESB),Can 440ml,440,5.66,Bitter
Gouverneur Blond,1.7,Netherlands,3.45,Lindeboom,6.5,Belgian Blonde,300ml,300,5.67,Belgian Blonde
"Budels Malt 0,0%",1.7,Netherlands,2.43,Budelse Brouwerij,4.5,Non-Alcoholic - Lager,300ml,300,5.67,Non-Alcoholic
Karakter,1.7,Netherlands,3.51,Hertog Jan,7.5,Belgian Strong Dark Ale,300ml,300,5.67,Belgian Strong Dark Ale
Chiemsee Hell,2.5,Germany,3.41,Camba Bavaria,5.0,Lager - Helles,Can 440ml,440,5.68,Lager
Belle-Fleur,1.88,Belgium,3.63,Brouwerij De Dochter van de Korenaar,6.0,IPA - Belgian,330ml,330,5.7,IPA
Aventinus Weizendoppelbock (TAP6),2.85,Germany,3.81,Schneider Weisse G. Schneider & Sohn,8.2,Bock - Weizendoppelbock,500ml,500,5.7,Bock
Zillertal Weissbier,2.85,Austria,3.55,Zillertal Bier,5.0,Wheat Beer - Hefeweizen,500ml,500,5.7,Wheat Beer
Zunft Trunk Dunkel Kellerbier,2.85,Germany,3.53,Hausbrauerei zur Sonne Bischberg,5.3,Kellerbier / Zwickelbier,500ml,500,5.7,Kellerbier / Zwickelbier
Staffelsee Gold,2.85,Germany,3.59,Brauerei Karg,5.8,Wheat Beer - Hopfenweisse,500ml,500,5.7,Wheat Beer
Cucooler Than You Think - keg A,114.0,Poland,3.79,Browar Stu Mostów,4.5,Sour - Fruited Gose,20000ml,20000,5.7,Sour
Störtebeker Bernstein-Weizen,2.85,Germany,3.43,Störtebeker Braumanufaktur,5.3,Wheat Beer - Hefeweizen,500ml,500,5.7,Wheat Beer
Schneider Weisse Aventinus TAP 6,2.85,Germany,3.81,Schneider Weisse G. Schneider & Sohn,8.2,Bock - Weizendoppelbock,500ml,500,5.7,Bock
Andechser Weissbier Hell,2.85,Germany,3.71,Klosterbrauerei Andechs,5.5,Wheat Beer - Hefeweizen,500ml,500,5.7,Wheat Beer
Irish Cider,3.25,Ireland,,Magners Irish Cider,5.3,Cider - Traditional / Apfelwein,568ml,568,5.72,Cider
Wywar Nealko,2.86,Slovakia,2.84,Holíčsky pivovar Wywar,0.5,Non-Alcoholic - Other,Can 500ml,500,5.72,Non-Alcoholic
Nillis,1.89,Netherlands,3.04,Bierbrouwerij De Koningshoeven,8.0,Non-Alcoholic - Other,330ml,330,5.73,Non-Alcoholic
Naughty Napoleon,4.3,Belgium,3.69,Brouwerij 't Verzet,15.0,Stout - Imperial / Double,Bottle 750ml,750,5.73,Stout
Oude Lambiek - 1 Year Old,28.68,Belgium,3.68,Brouwerij Kestemont,6.0,Lambic - Traditional,5000ml,5000,5.74,Lambic
Cold Gold,1.9,Ethiopia,3.09,Habesha Breweries,5.0,Lager - Pale,Can 330ml,330,5.76,Lager
Urfass,1.9,Germany,3.24,Arcobräu Gräfliches Brauhaus,5.2,Lager - Helles,330ml,330,5.76,Lager
Zwicklbier,1.9,Germany,3.43,Arcobräu Gräfliches Brauhaus,5.2,Kellerbier / Zwickelbier,330ml,330,5.76,Kellerbier / Zwickelbier
Tripel,1.9,Belgium,3.66,Affligem Brouwerij,9.0,Belgian Tripel,330ml,330,5.76,Belgian Tripel
La Trappe Tripel,1.9,Netherlands,3.75,Bierbrouwerij De Koningshoeven,8.0,Belgian Tripel,330ml,330,5.76,Belgian Tripel
Dinkelbier,1.9,Germany,3.51,Brauerei Rittmayer Hallerndorf,5.6,Festbier,330ml,330,5.76,Festbier
Dulle Griet,1.9,Belgium,3.29,Scheldebrouwerij,6.5,Belgian Dubbel,330ml,330,5.76,Belgian Dubbel
Flaschlbier,1.9,Germany,3.43,Familienbrauerei Jacob,4.9,Lager - Helles,330ml,330,5.76,Lager
Lamme Goedzak,1.9,Belgium,3.56,Scheldebrouwerij,7.0,Belgian Blonde,330ml,330,5.76,Belgian Blonde
Dinkel Malz,1.9,Germany,2.99,Riedenburger Brauhaus,0.5,Malt Beer,330ml,330,5.76,Malt Beer
Pater 6 Dubbel,1.9,Belgium,3.55,Brouwerij St.Bernardus,6.7,Belgian Dubbel,330ml,330,5.76,Belgian Dubbel
Punk IPA,1.9,Scotland,3.71,BrewDog,5.2,IPA - American,330ml,330,5.76,IPA
Vedett Extra White,1.9,Belgium,3.51,Duvel Moortgat,4.7,Wheat Beer - Witbier / Blanche,330ml,330,5.76,Wheat Beer
Isid'or,1.9,Netherlands,3.75,Bierbrouwerij De Koningshoeven,7.5,Belgian Strong Golden Ale,330ml,330,5.76,Belgian Strong Golden Ale
Brigand,1.9,Belgium,3.5,Kasteel Brouwerij Vanhonsebrouck,9.0,Belgian Strong Golden Ale,330ml,330,5.76,Belgian Strong Golden Ale
Becher Jean Paul Bier,1.9,Germany,3.19,Becher Bräu,5.5,Lager - Munich Dunkel,330ml,330,5.76,Lager
Alkoholfrei,1.9,Germany,2.94,Riedenburger Brauhaus,0.5,Non-Alcoholic - Lager,330ml,330,5.76,Non-Alcoholic
Alkoholfrei,1.9,Germany,3.43,Brauerei Gebr. Maisel,0.5,Non-Alcoholic - IPA,330ml,330,5.76,Non-Alcoholic
"Original Helles 0,33l",1.9,Germany,3.61,Bayerische Staatsbrauerei Weihenstephan,5.1,Lager - Helles,330ml,330,5.76,Lager
"Hefeweißbier 0,33l",1.9,Germany,3.78,Bayerische Staatsbrauerei Weihenstephan,5.4,Wheat Beer - Hefeweizen,330ml,330,5.76,Wheat Beer
Maisel & Friends West Coast IPA,1.9,Germany,3.63,Brauerei Gebr. Maisel,6.6,IPA - American,330ml,330,5.76,IPA
Somersby Winter Cider,1.9,Denmark,3.28,Carlsberg Group,4.5,Cider - Herbed / Spiced / Hopped,330ml,330,5.76,Cider
Coastal IPA,1.9,Ireland,3.54,Rye River Brewing Company,5.2,IPA - American,330ml,330,5.76,IPA
Zillertal Zeller Hell,1.9,Austria,3.33,Zillertal Bier,4.7,Lager - Helles,330ml,330,5.76,Lager
Meinel Naturradler Grapefruit,1.9,Germany,3.53,Meinel Bräu,2.4,Shandy / Radler,330ml,330,5.76,Shandy / Radler
Elvis Juice,1.9,Scotland,3.69,BrewDog,6.5,IPA - Fruited,330ml,330,5.76,IPA
Maisel & Friends Pale Ale Alkoholfrei,1.9,Germany,3.43,Brauerei Gebr. Maisel,0.5,Non-Alcoholic - IPA,330ml,330,5.76,Non-Alcoholic
Meinel Naturradler Zitrone,1.9,Germany,3.53,Meinel Bräu,2.4,Shandy / Radler,330ml,330,5.76,Shandy / Radler
1664 Blanc Beer,1.9,France,3.48,Kronenbourg Brewery,5.0,Wheat Beer - Witbier / Blanche,330ml,330,5.76,Wheat Beer
Gouveneur Blond,2.89,Netherlands,3.45,Lindeboom,6.5,Belgian Blonde,500ml,500,5.78,Belgian Blonde
Störtebeker Nordik Porter,2.89,Germany,3.56,Störtebeker Braumanufaktur,9.1,Bock - Eisbock,500ml,500,5.78,Bock
Pinta Pierwsza Pomoc,2.89,Poland,3.24,Browar PINTA,4.3,Pilsner - Other,500ml,500,5.78,Pilsner
Störtebeker Pazifik-Ale,2.89,Germany,3.62,Störtebeker Braumanufaktur,6.5,IPA - American,500ml,500,5.78,IPA
Störtebeker Scotch-Ale,2.89,Germany,2.88,Störtebeker Braumanufaktur,9.0,Scotch Ale / Wee Heavy,500ml,500,5.78,Scotch Ale / Wee Heavy
Weizen,2.9,Germany,3.58,Weißtaubenbräu UG,5.5,Wheat Beer - Hefeweizen,500ml,500,5.8,Wheat Beer
Das Kriminelle Helle,2.9,Germany,3.54,Munich Brew Mafia,5.0,Lager - Helles,500ml,500,5.8,Lager
Zwickl Plus,2.9,Germany,3.53,Munich Brew Mafia,4.8,Kellerbier / Zwickelbier,500ml,500,5.8,Kellerbier / Zwickelbier
Aecht Schlenkerla Urbock,2.9,Germany,3.74,"Schlenkerla (""Heller-Bräu"" Trum)",6.5,Rauchbier,500ml,500,5.8,Rauchbier
Mutti's Sonnenschein,2.9,Germany,3.4,Braumanufaktur Hertl,4.9,Lager - Helles,500ml,500,5.8,Lager
Weihenstephaner Festbier (2024),2.9,Germany,3.72,Bayerische Staatsbrauerei Weihenstephan,5.8,Märzen,500ml,500,5.8,Märzen
Hefe Weisse 33cl,2.9,Germany,3.67,Paulaner Brauerei,5.5,Wheat Beer - Hefeweizen,500ml,500,5.8,Wheat Beer
Hamburger Deich,2.9,Germany,3.76,BillBrew,5.0,Lager - Helles,500ml,500,5.8,Lager
Imperial Stout,2.9,Poland,3.8,Browar Fortuna,12.0,Stout - Russian Imperial,Bottle 500ml,500,5.8,Stout
Schofferhofer Juicy Pineapple,2.9,Germany,3.67,Radeberger Gruppe,3.2,Shandy / Radler,Can 500ml,500,5.8,Shandy / Radler
Pinkish Sound System,2.9,Poland,3.66,Piwne Podziemie,7.5,IPA - Imperial / Double New England / Hazy,Can 500ml,500,5.8,IPA
Schofferhofer Grapefruit Radler,2.9,Germany,3.58,Radeberger Gruppe,2.5,Shandy / Radler,Can 500ml,500,5.8,Shandy / Radler
Winter Weisse,2.9,Germany,3.57,Familienbrauerei Jacob,5.3,Wheat Beer - Dunkelweizen,500ml,500,5.8,Wheat Beer
Der Leisi,2.9,Germany,3.3,Braumanufaktur Hertl,4.2,Lager - Rotbier,500ml,500,5.8,Lager
Trzeźwy Markiz,2.9,Poland,3.26,Browar Jedlinka,0.5,Non-Alcoholic - IPA,Bottle 500ml,500,5.8,Non-Alcoholic
Słodowy,2.9,Poland,3.36,Browar Trójmiejski Lubrow,5.2,Lager - Vienna,Can 500ml,500,5.8,Lager
Weizen-Bock Doppelbock,2.9,Germany,3.49,Riedenburger Brauhaus,7.8,Bock - Weizendoppelbock,500ml,500,5.8,Bock
Winter Gold,2.9,Germany,3.32,Familienbrauerei Jacob,5.3,Lager - Winter,500ml,500,5.8,Lager
Bay Ale,2.55,Ireland,3.38,Galway Bay Brewery,4.4,Red Ale - Irish,Can 440ml,440,5.8,Red Ale
Full Sail,2.55,Ireland,3.55,Galway Bay Brewery,5.8,IPA - American,Can 440ml,440,5.8,IPA
Pils,2.9,Poland,3.46,Trzech Kumpli,4.4,Pilsner - Czech / Bohemian,Can 500ml,500,5.8,Pilsner
Porter Malinowy,2.9,Poland,3.8,Browar Fortuna,8.5,Porter - Baltic,Bottle 500ml,500,5.8,Porter
Schwiegermutters Rache,2.9,Germany,3.12,Braumanufaktur Hertl,0.5,Non-Alcoholic - Wheat,500ml,500,5.8,Non-Alcoholic
Vice Bier,2.9,Germany,3.4,Munich Brew Mafia,5.2,Wheat Beer - Hefeweizen,500ml,500,5.8,Wheat Beer
Weihnachts-Festbier,2.9,Germany,3.43,Brauerei Josef Greif,5.5,Festbier,500ml,500,5.8,Festbier
Porter Bałtycki Bourbon Oak,2.9,Poland,3.79,Browar Fortuna,9.0,Porter - Baltic,Bottle 500ml,500,5.8,Porter
Oaked Stout,2.9,Netherlands,3.39,Lindeboom,7.5,Stout - American,500ml,500,5.8,Stout
Schwiegervater's Stolz,2.9,Germany,3.28,Braumanufaktur Hertl,4.9,Rauchbier,500ml,500,5.8,Rauchbier
Bergbock Hell,2.9,Germany,3.43,Klosterbrauerei Andechs,6.9,Bock - Hell / Maibock / Lentebock,500ml,500,5.8,Bock
Kellerbier,2.9,Germany,3.51,Hacker-Pschorr,5.5,Kellerbier / Zwickelbier,500ml,500,5.8,Kellerbier / Zwickelbier
Ostara,2.55,Ireland,3.58,Galway Bay Brewery,5.0,Stout - Irish Dry,Can 440ml,440,5.8,Stout
Bean & Citrus Spritz,2.9,Poland,3.66,Piwne Podziemie,6.6,IPA - New England / Hazy,Can 500ml,500,5.8,IPA
Papa´s Weißheit,2.9,Germany,3.55,Braumanufaktur Hertl,5.1,Wheat Beer - Hefeweizen,500ml,500,5.8,Wheat Beer
Free Yellow,2.9,Poland,3.59,Browar Kingpin,0.5,Non-Alcoholic - Other,Can 500ml,500,5.8,Non-Alcoholic
Whiskey-Weisse,2.9,Germany,2.82,Privatbrauerei Hösl,5.6,Wheat Beer - Hefeweizen,500ml,500,5.8,Wheat Beer
Gueuze,1.45,Belgium,3.41,Brouwerij Lindemans,5.0,Lambic - Gueuze,Bottle 250ml,250,5.8,Lambic
Session Cold IPA,2.9,Poland,3.6,ReCraft,5.5,IPA - Cold,Can 500ml,500,5.8,IPA
Porter Bałtycki Płatki Dębowe,2.9,Poland,3.87,Browar Fortuna,9.0,Porter - Baltic,Bottle 500ml,500,5.8,Porter
Omas Betthupferl,2.9,Germany,3.33,Braumanufaktur Hertl,6.5,Bock - Single / Traditional,500ml,500,5.8,Bock
Weiherer Zapfenduster,2.9,Brazil,3.53,Bamberg Bier/ Brauerei Kundmüller,8.5,Stout - Imperial / Double,500ml,500,5.8,Stout
Hefe Weizen,2.9,Germany,3.7,Brauerei Zehendner,5.5,Wheat Beer - Hefeweizen,500ml,500,5.8,Wheat Beer
Superside OLIM-PIA,2.9,Hungary,3.34,Yeast Side,6.0,Stout - Milk / Sweet,500ml,500,5.8,Stout
Opas Liebling Kellerbier,2.9,Germany,3.33,Braumanufaktur Hertl,4.8,Kellerbier / Zwickelbier,500ml,500,5.8,Kellerbier / Zwickelbier
Hertl Schwiegermutters Rache,2.9,Germany,3.12,Braumanufaktur Hertl,0.5,Non-Alcoholic - Wheat,500ml,500,5.8,Non-Alcoholic
Schammelsdorfer Lagerbier ungespundet,2.9,Germany,3.51,Brauerei Knoblach Schammelsdorf,5.3,Kellerbier / Zwickelbier,500ml,500,5.8,Kellerbier / Zwickelbier
Hopsbant Fresh IPA,2.9,Poland,3.69,Browar Birbant,6.7,IPA - American,Bottle 500ml,500,5.8,IPA
Weissbier Alkoholfrei,2.9,Germany,2.9,Erdinger Weissbräu,0.5,Non-Alcoholic - Wheat,Bottle 500ml,500,5.8,Non-Alcoholic
Althea,2.55,Ireland,3.56,Galway Bay Brewery,4.8,IPA - Session,Can 440ml,440,5.8,IPA
Samotny Jeździec,2.9,Poland,3.56,Browar Dziki Wschód,4.5,Gluten-Free,Bottle 500ml,500,5.8,Gluten-Free
Irish Red Ale Nitro,2.55,Ireland,3.3,O'Hara's Brewery,4.3,Red Ale - Irish,Can 440ml,440,5.8,Red Ale
Eichhorn - Winterfestbier,2.9,Germany,3.44,Braumanufaktur Hertl,5.7,Festbier,500ml,500,5.8,Festbier
Barley Wine,2.9,Poland,3.75,Browar Fortuna,12.0,Barleywine - English,Bottle 500ml,500,5.8,Barleywine
Hazy Morning Hazy APA,2.9,Poland,3.6,Browar PINTA,4.4,Pale Ale - New England / Hazy,Bottle 500ml,500,5.8,Pale Ale
Tai Lager,2.9,Poland,3.55,Browar Jedlinka,5.0,Lager - Other,Bottle 500ml,500,5.8,Lager
Milkołak,2.9,Poland,3.57,ReCraft,5.2,Stout - Milk / Sweet,Bottle 500ml,500,5.8,Stout
"Budels Malty Dark 0,0%",1.75,Netherlands,2.47,Budelse Brouwerij,3.6,Non-Alcoholic - Lager,300ml,300,5.83,Non-Alcoholic
Blond Alcoholvrij,1.75,Belgium,3.53,Affligem Brouwerij,6.7,Belgian Blonde,300ml,300,5.83,Belgian Blonde
Faro,1.46,Belgium,3.15,Brouwerij Boon,5.0,Lambic - Faro,Bottle 250ml,250,5.84,Lambic
Dispatcher,2.92,Czech Republic,3.48,Axiom Brewery,4.5,Pilsner - Czech / Bohemian,Can 500ml,500,5.84,Pilsner
Patronus,2.92,Czech Republic,3.47,Sibeeria,3.8,Lager - Světlé (Czech Pale),Can 500ml,500,5.84,Lager
Pinta A Ja Pale Ale,2.92,Poland,3.5,Browar PINTA,5.0,Pale Ale - American,500ml,500,5.84,Pale Ale
Duc De Montagne Low Alcohol Cider,4.4,Belgium,3.2,Stassen,1.1,Cider - Traditional / Apfelwein,Bottle 750ml,750,5.87,Cider
Camba Chiemsee Hell Helles,2.59,Germany,3.41,Camba Bavaria,5.0,Lager - Helles,Can 440ml,440,5.89,Lager
Weltenburger Kloster Helle Weisse,2.95,Germany,3.57,Klosterbrauerei Weltenburg,5.4,Wheat Beer - Hefeweizen,500ml,500,5.9,Wheat Beer
Engel Naturradler Alkoholfrei & Naturtrüb,2.95,Germany,3.21,Biermanufaktur ENGEL,0.5,Non-Alcoholic - Shandy / Radler,500ml,500,5.9,Non-Alcoholic
"Weihenstephaner | Hefeweissbier Dunkel | 5,3%",2.95,Germany,3.76,Bayerische Staatsbrauerei Weihenstephan,5.3,Wheat Beer - Dunkelweizen,500ml,500,5.9,Wheat Beer
"Weihenstephaner | Hefeweissbier | 5,4%",2.95,Germany,3.78,Bayerische Staatsbrauerei Weihenstephan,5.4,Wheat Beer - Hefeweizen,500ml,500,5.9,Wheat Beer
"Weihenstephaner | Original Helles | 5,1%",2.95,Germany,3.61,Bayerische Staatsbrauerei Weihenstephan,5.1,Lager - Helles,500ml,500,5.9,Lager
Weizen,2.95,Germany,3.55,"Schlenkerla (""Heller-Bräu"" Trum)",5.2,Rauchbier,500ml,500,5.9,Rauchbier
Ijsbock,2.95,Netherlands,3.55,Gulpener Bierbrouwerij,10.3,Bock - Eisbock,500ml,500,5.9,Bock
Zillertal Weissbier Dunkel,2.95,Austria,3.43,Zillertal Bier,5.0,Wheat Beer - Dunkelweizen,500ml,500,5.9,Wheat Beer
Brauhaus Tegernsee Tegernseer Hell,2.95,Germany,3.63,Herzoglich Bayerisches Brauhaus Tegernsee,4.8,Lager - Helles,500ml,500,5.9,Lager
Weihenstephaner Korbinian,2.95,Germany,3.78,Bayerische Staatsbrauerei Weihenstephan,7.4,Bock - Doppelbock,500ml,500,5.9,Bock
Aecht Schlenkerla Rauchbier Märzen,2.95,Germany,3.48,"Schlenkerla (""Heller-Bräu"" Trum)",5.1,Rauchbier,500ml,500,5.9,Rauchbier
Engel Hefeweizen,2.95,Germany,3.52,Biermanufaktur ENGEL,5.2,Wheat Beer - Hefeweizen,500ml,500,5.9,Wheat Beer
Weihenstephaner Vitus,2.95,Germany,3.84,Bayerische Staatsbrauerei Weihenstephan,7.7,Bock - Weizenbock,500ml,500,5.9,Bock
1 na 100 Pigwowiec I Miod (Table Beer),2.95,Poland,3.43,Browar Kormoran,1.0,Table Beer,500ml,500,5.9,Table Beer
Schneider Weisse Hopfenweisse Tap 5,2.95,United States,3.78,Brooklyn Brewery/ Schneider Weisse G. Schneider & Sohn,8.2,Wheat Beer - Hopfenweisse,500ml,500,5.9,Wheat Beer
"Erdinger | Weissbier | 5,3%",2.95,Germany,3.65,Erdinger Weissbräu,5.3,Wheat Beer - Hefeweizen,500ml,500,5.9,Wheat Beer
Benediktiner Hell,2.95,Germany,3.39,Benediktiner Weissbräu,5.0,Lager - Helles,500ml,500,5.9,Lager
Cold Gold Lager,1.95,Ethiopia,3.09,Habesha Breweries,5.0,Lager - Pale,330ml,330,5.91,Lager
Schol,1.95,Belgium,2.98,Scheldebrouwerij,0.4,Non-Alcoholic - Pale Ale,330ml,330,5.91,Non-Alcoholic
Sailors' Lager,1.95,Netherlands,3.3,Stadshaven Brouwerij,4.9,Lager - Other,330ml,330,5.91,Lager
Fruitage,1.95,Belgium,3.5,Brouwerij Rodenbach,3.9,Fruit Beer,330ml,330,5.91,Fruit Beer
Weissbier 0.0,1.95,Germany,2.84,Paulaner Brauerei,4.7,Non-Alcoholic - Wheat,330ml,330,5.91,Non-Alcoholic
Maisel & Friends IPA,1.95,Germany,3.48,Brauerei Gebr. Maisel,6.3,IPA - American,330ml,330,5.91,IPA
Puur Biologisch Blond,1.95,Netherlands,3.33,Bierbrouwerij De Koningshoeven,4.5,Pale Ale - Belgian,330ml,330,5.91,Pale Ale
Averbode Extra,1.95,Belgium,3.28,Huisbrouwerij Averbode,4.8,Belgian Enkel / Patersbier,330ml,330,5.91,Belgian Enkel / Patersbier
Triporteur from Heaven,1.95,Belgium,3.55,BOMBrewery,6.2,Belgian Blonde,330ml,330,5.91,Belgian Blonde
Herkenrode Noctis,1.95,Belgium,3.39,Brouwerij Cornelissen,7.0,Brown Ale - Belgian,330ml,330,5.91,Brown Ale
St. Louis Premium Kriek,1.95,Belgium,3.4,Kasteel Brouwerij Vanhonsebrouck,4.0,Lambic - Kriek,330ml,330,5.91,Lambic
Blanche De Bruxelles Witbier,1.95,Belgium,3.54,Brasserie Lefebvre,4.5,Wheat Beer - Witbier / Blanche,330ml,330,5.91,Wheat Beer
Belhamel,1.95,Netherlands,3.57,Brouwerij In De Nacht,11.0,Barleywine - Other,330ml,330,5.91,Barleywine
Sako Bogaerden Imperial White,1.95,Belgium,3.38,Brouwerij-Stokerij Sako,7.5,Wheat Beer - Witbier / Blanche,330ml,330,5.91,Wheat Beer
Van Eecke Kapittel Watou Pater,1.95,Belgium,3.11,Leroy Breweries,6.0,Brown Ale - Belgian,330ml,330,5.91,Brown Ale
Bombardér,4.43,Czech Republic,3.52,Pivovar Rotor,6.0,IPA - American,Bottle 750ml,750,5.91,IPA
Witte Trappist,1.95,Netherlands,3.6,Bierbrouwerij De Koningshoeven,5.5,Wheat Beer - Witbier / Blanche,330ml,330,5.91,Wheat Beer
Embroidered badge ‘Het Huis van de Geuze',4.43,United States,4.15,Wunderkammer Bier,5.2,Wild Ale - American,Bottle 750ml,750,5.91,Wild Ale
Herkenrode Cister,1.95,Belgium,3.41,Brouwerij Cornelissen,6.5,Belgian Blonde,330ml,330,5.91,Belgian Blonde
Van Honsebrouck Kasteel Rouge,1.95,Belgium,3.58,Kasteel Brouwerij Vanhonsebrouck,8.0,Fruit Beer,330ml,330,5.91,Fruit Beer
La Trappe Wit,1.95,Netherlands,3.6,Bierbrouwerij De Koningshoeven,5.5,Wheat Beer - Witbier / Blanche,330ml,330,5.91,Wheat Beer
Sako Monnik Bosbier,1.95,Belgium,3.3,Brouwerij-Stokerij Sako,8.5,Belgian Tripel,330ml,330,5.91,Belgian Tripel
Ename Pater,1.95,Belgium,3.45,Brouwerij Roman,5.5,Belgian Enkel / Patersbier,330ml,330,5.91,Belgian Enkel / Patersbier
Timmermans Lambicus Blanche,1.96,Belgium,3.47,Brewery John Martin & Brewery Timmermans,4.5,Lambic - Traditional,330ml,330,5.94,Lambic
Nemesis,1.99,United States,3.84,Founders Brewing Co.,11.2,Barleywine - American,335ml,335,5.94,Barleywine
Timmermans Lambicus Pêche Cardamome,1.96,Belgium,3.56,Brewery John Martin & Brewery Timmermans,4.0,Lambic - Fruit,330ml,330,5.94,Lambic
Timmermans Faro,1.96,Belgium,3.45,Brewery John Martin & Brewery Timmermans,4.0,Lambic - Faro,330ml,330,5.94,Lambic
Timmermans Lambicus Kriek Black Pepper,1.96,Belgium,3.54,Brewery John Martin & Brewery Timmermans,4.0,Lambic - Kriek,330ml,330,5.94,Lambic
Timmermans Lambicus Framboise Hibiscus,1.96,Belgium,3.56,Brewery John Martin & Brewery Timmermans,4.0,Lambic - Framboise,330ml,330,5.94,Lambic
Timmermans Kriek Retro,1.96,Belgium,3.42,Brewery John Martin & Brewery Timmermans,4.5,Lambic - Kriek,330ml,330,5.94,Lambic
Wywar Ján,4.46,Slovakia,3.26,Holíčsky pivovar Wywar,5.2,Lager - Polotmavé (Czech Amber),Bottle 750ml,750,5.95,Lager
Faro 22/08/2020,1.49,Belgium,3.67,Brouwerij Lindemans,4.5,Lambic - Faro,Bottle 250ml,250,5.96,Lambic
Gueuze 29/05/2020,1.49,Belgium,3.41,Brouwerij Lindemans,5.0,Lambic - Gueuze,Bottle 250ml,250,5.96,Lambic
Draught Pint,2.99,Ireland,3.77,Guinness,4.2,Stout - Irish Dry,500ml,500,5.98,Stout
BIO Schildkröten Weizen,2.99,Germany,3.44,Finne Brauerei,5.2,Wheat Beer - Hefeweizen,500ml,500,5.98,Wheat Beer
Start Drinking Purple,2.99,United States,3.7,Abnormal Beer Co.,6.2,Sour - Fruited Berliner Weisse,Can 500ml,500,5.98,Sour
Hertl Opa's Liebling Kellerbier,2.99,Germany,3.33,Braumanufaktur Hertl,4.8,Kellerbier / Zwickelbier,500ml,500,5.98,Kellerbier / Zwickelbier
Hertl Mutti's Sonnenschein Helles,2.99,Germany,3.4,Braumanufaktur Hertl,4.9,Lager - Helles,500ml,500,5.98,Lager
BrewDog Wingman Session IPA,2.99,United States,3.38,Wingman Brewing,5.8,IPA - Session,500ml,500,5.98,IPA
Weiherer Schwärzla Stout,2.99,Germany,3.38,Brauerei Kundmüller,5.3,Stout - English,500ml,500,5.98,Stout
Rauchbier – Erle,2.99,Germany,3.48,"Schlenkerla (""Heller-Bräu"" Trum)",5.1,Rauchbier,500ml,500,5.98,Rauchbier
Pinkus Jubilate,2.99,Germany,3.23,Brauerei Pinkus Müller,5.5,Lager - Munich Dunkel,500ml,500,5.98,Lager
Aecht Schlenkerla Weichsel Rotbier,2.99,Germany,3.82,"Schlenkerla (""Heller-Bräu"" Trum)",4.6,Rauchbier,500ml,500,5.98,Rauchbier
Wieninger PD Impulsator Doppelbock,2.99,Germany,3.38,Privatbrauerei M.C. Wieninger,4.9,Kellerbier / Zwickelbier,500ml,500,5.98,Kellerbier / Zwickelbier
Rauchbier – Weizen,2.99,Germany,3.55,"Schlenkerla (""Heller-Bräu"" Trum)",5.2,Rauchbier,500ml,500,5.98,Rauchbier
Hertl Papa's Weißheit Weißbier,2.99,Germany,3.55,Braumanufaktur Hertl,5.1,Wheat Beer - Hefeweizen,500ml,500,5.98,Wheat Beer
Bitter Blond,2.99,Netherlands,3.28,Zeeuwse Zatte,5.4,Belgian Blonde,500ml,500,5.98,Belgian Blonde
Weiherer OSw-Alt Altbier,2.99,Germany,3.39,Brauerei Kundmüller,4.2,Altbier - Traditional,500ml,500,5.98,Altbier
Samurai Rebellion,3.0,Poland,3.52,Raduga,5.7,IPA - Other,Bottle 500ml,500,6.0,IPA
For A Good Time Just Add Beer,4.5,United States,3.85,Fifth Frame Brewing Co.,8.5,IPA - Imperial / Double New England / Hazy,Bottle 750ml,750,6.0,IPA
Wintervrund,1.8,Netherlands,3.34,Gulpener Bierbrouwerij,8.5,Winter Ale,300ml,300,6.0,Winter Ale
Zillertal Märzen,3.0,Austria,3.29,Zillertal Bier,5.1,Märzen,500ml,500,6.0,Märzen
Grapefruit Radler,3.0,Germany,3.58,Radeberger Gruppe,2.5,Shandy / Radler,Can 500ml,500,6.0,Shandy / Radler
Gouverneur Weizen,1.8,Netherlands,3.5,Lindeboom,5.4,Wheat Beer - Hefeweizen,300ml,300,6.0,Wheat Beer
Modern Drinking West Coast IPA,3.0,Poland,3.66,Browar PINTA,6.5,IPA - American,Bottle 500ml,500,6.0,IPA
Grupa G6+,3.0,Poland,3.91,Przetwórnia Chmielu,2.7,Grodziskie / Grätzer,Can 500ml,500,6.0,Grodziskie / Grätzer
Mini Maxi Limoncello,3.0,Poland,3.99,Browar PINTA,0.5,Non-Alcoholic - Sour,Bottle 500ml,500,6.0,Non-Alcoholic
Zillertal Weißbier Dunkel,3.0,Austria,3.43,Zillertal Bier,5.0,Wheat Beer - Dunkelweizen,500ml,500,6.0,Wheat Beer
Range,3.0,Poland,3.46,Browar Nepomucen,5.0,Pale Ale - American,Bottle 500ml,500,6.0,Pale Ale
Hertl - Oma's Betthupferl,3.0,Germany,3.33,Braumanufaktur Hertl,6.5,Bock - Single / Traditional,500ml,500,6.0,Bock
Save Water Drink Beer,4.5,United States,3.78,Last Wave Brewing Co.,4.5,Sour - Fruited,Bottle 750ml,750,6.0,Sour
Beer It's not just for breakfast anywhere,4.5,United States,3.51,Rochester Mills Production Brewery & Taproom,5.2,Stout - Milk / Sweet,Bottle 750ml,750,6.0,Stout
ManBlanc,3.0,Poland,3.68,Browar Trójmiejski Lubrow,5.3,Pilsner - Other,Can 500ml,500,6.0,Pilsner
Atak Chmielu,3.0,Poland,3.55,Browar PINTA,6.1,IPA - American,Bottle 500ml,500,6.0,IPA
Paradoxe,4.5,France,4.0,Ellipse,5.0,Sour - Other,Bottle 750ml,750,6.0,Sour
Poco Loco,3.0,Poland,3.57,Moczybroda,3.5,Sour - Fruited,Bottle 500ml,500,6.0,Sour
Wycieczka,3.0,Poland,3.58,Przetwórnia Chmielu,5.5,Lager - Vienna,Can 500ml,500,6.0,Lager
Weizen,3.0,Germany,3.34,Brauhaus Leikeim,5.4,Wheat Beer - Hefeweizen,500ml,500,6.0,Wheat Beer
Żeby Nie Było Niczego,3.0,Poland,3.21,Browar Artezan,0.5,Non-Alcoholic - IPA,Can 500ml,500,6.0,Non-Alcoholic
Precel 2024,3.0,Poland,3.74,Przetwórnia Chmielu,5.9,Märzen,Can 500ml,500,6.0,Märzen
Pinta Bawarka,3.0,Poland,3.47,Browar PINTA,5.7,Wheat Beer - Hefeweizen,500ml,500,6.0,Wheat Beer
Zillertal Weißbier Hell,3.0,Austria,3.55,Zillertal Bier,5.0,Wheat Beer - Hefeweizen,500ml,500,6.0,Wheat Beer
Dubbel,1.98,Belgium,3.53,Brouwerij De Halve Maan,7.5,Belgian Dubbel,330ml,330,6.0,Belgian Dubbel
Juicy Sour Japan Cherry,3.0,Poland,3.48,ReCraft,4.1,Sour - Fruited,Can 500ml,500,6.0,Sour
Mini Maxi Tropicale,3.0,Poland,3.46,Browar PINTA,0.5,Non-Alcoholic - Sour,Bottle 500ml,500,6.0,Non-Alcoholic
Will Work For Beer,4.5,United States,3.82,Johnson City Brewing Company,8.2,IPA - Imperial / Double New England / Hazy,Bottle 750ml,750,6.0,IPA
Eichhorn Winterfestbier,3.0,Germany,,Braumanufaktur Hertl,5.5,Festbier,500ml,500,6.0,Festbier
Wet Hop'5 Desitka,3.0,Poland,3.78,Browar Trójmiejski Lubrow,4.4,Lager - Other,Can 500ml,500,6.0,Lager
Lager Niemiecki,3.0,Poland,3.63,Trzech Kumpli,5.3,Lager - Helles,Bottle 500ml,500,6.0,Lager
MC Farmer,3.0,Poland,3.47,ReCraft,6.0,IPA - American,Bottle 500ml,500,6.0,IPA
Lentebock,1.8,Netherlands,3.3,Gulpener Bierbrouwerij,6.5,Bock - Hell / Maibock / Lentebock,300ml,300,6.0,Bock
Rodenbach,1.5,Belgium,3.45,Brouwerij Rodenbach,5.2,Sour - Flanders Red Ale,Bottle 250ml,250,6.0,Sour
Sailor's Lager,1.99,Netherlands,3.3,Stadshaven Brouwerij,4.9,Lager - Other,330ml,330,6.03,Lager
Ur-Bock Hell,1.99,Germany,3.11,Einbecker Brauhaus,6.5,Bock - Hell / Maibock / Lentebock,330ml,330,6.03,Bock
Flensburger Winterbock,1.99,Germany,3.36,Flensburger Brauerei Emil Petersen,7.0,Bock - Single / Traditional,330ml,330,6.03,Bock
Epos,1.99,Netherlands,3.18,Bierbrouwerij De Koningshoeven,4.0,Non-Alcoholic - Pale Ale,330ml,330,6.03,Non-Alcoholic
San Miguel Especial,1.99,Spain,3.14,Grupo Mahou-San Miguel,4.5,Lager - Pale,330ml,330,6.03,Lager
Energibajer,1.99,Denmark,3.28,Mikkeller,0.3,Non-Alcoholic - Lager,330ml,330,6.03,Non-Alcoholic
Hopfenstopfer Citra Ale,1.99,Germany,3.57,Häffner Bräu - Hopfenstopfer,5.1,Pale Ale - American,330ml,330,6.03,Pale Ale
Ff Lekker Met Je Bek In Het Zonnetje,1.99,Netherlands,3.43,Uiltje Brewing Company,3.6,IPA - Session,330ml,330,6.03,IPA
ÜberQuell Bambule,1.99,Germany,3.46,ÜberQuell Brauwerkstätten,4.8,Pilsner - German,330ml,330,6.03,Pilsner
Peroni Nastro Azzurro,1.99,Italy,3.17,Birra Peroni,5.1,Lager - Pale,330ml,330,6.03,Lager
Schönramer Pils 330ml,1.99,Germany,3.48,Private Landbrauerei Schönram,5.0,Pilsner - German,330ml,330,6.03,Pilsner
Drink'in The Sun,1.99,Denmark,3.24,Mikkeller,0.3,Non-Alcoholic - Wheat,330ml,330,6.03,Non-Alcoholic
Maneblusser Wit,1.99,Belgium,3.43,Brouwerij Het Anker,5.4,Wheat Beer - Witbier / Blanche,330ml,330,6.03,Wheat Beer
Winterbock,1.99,Germany,3.32,Einbecker Brauhaus,7.5,Bock - Doppelbock,330ml,330,6.03,Bock
Duvel,1.99,Belgium,3.72,Duvel Moortgat,8.5,Belgian Strong Golden Ale,330ml,330,6.03,Belgian Strong Golden Ale
Ur-Bock Dunkel,1.99,Germany,3.27,Einbecker Brauhaus,6.5,Bock - Single / Traditional,330ml,330,6.03,Bock
La Trappe Epos,1.99,Netherlands,3.18,Bierbrouwerij De Koningshoeven,10.0,Non-Alcoholic - Pale Ale,330ml,330,6.03,Non-Alcoholic
Dakhaas Witzen,2.0,Netherlands,3.41,Maximus Brouwerij,5.5,Wheat Beer - American Pale Wheat,330ml,330,6.06,Wheat Beer
Brewdog Post Punk,2.0,Scotland,3.54,BrewDog,5.4,IPA - Fruited,330ml,330,6.06,IPA
De Molen Bar & Bok,2.0,Netherlands,3.45,Brouwerij de Molen,6.2,Bock - Single / Traditional,330ml,330,6.06,Bock
Zwaanzinnig White Ale,2.0,Netherlands,3.37,Bird Brewery,4.5,Wheat Beer - Witbier / Blanche,330ml,330,6.06,Wheat Beer
Bolleke,2.0,Belgium,3.34,Brouwerij De Koninck,5.2,Pale Ale - Belgian,330ml,330,6.06,Pale Ale
Première (Rood),2.0,Belgium,3.72,Bières de Chimay,7.0,Belgian Dubbel,330ml,330,6.06,Belgian Dubbel
Kriek,2.0,Belgium,3.53,Brouwerij Boon,4.0,Lambic - Kriek,330ml,330,6.06,Lambic
Redhead Ale,2.0,Netherlands,3.25,Stadshaven Brouwerij,5.8,Red Ale - Other,330ml,330,6.06,Red Ale
Extra White,2.0,Belgium,3.51,Duvel Moortgat,4.7,Wheat Beer - Witbier / Blanche,330ml,330,6.06,Wheat Beer
Westmalle Trappist Tripel,2.0,Belgium,3.81,Brouwerij der Trappisten van Westmalle,6.0,Belgian Tripel,330ml,330,6.06,Belgian Tripel
Omer VanderGhinste Blauw Export,2.0,Belgium,3.12,Omer Vander Ghinste,5.2,Lager - Dortmunder / Export,330ml,330,6.06,Lager
Val-Dieu Blond,2.0,Belgium,3.45,Brasserie de l'Abbaye du Val-Dieu,6.0,Belgian Blonde,330ml,330,6.06,Belgian Blonde
Maneblusser,2.0,Belgium,3.46,Brouwerij Het Anker,5.8,Belgian Blonde,330ml,330,6.06,Belgian Blonde
Glücksbringer - Malzbier Limo,2.0,Germany,3.57,orca brau,0.5,Non-Alcoholic - Shandy / Radler,330ml,330,6.06,Non-Alcoholic
Sportzot,2.0,Belgium,2.76,Brouwerij De Halve Maan,0.4,Non-Alcoholic - Pale Ale,330ml,330,6.06,Non-Alcoholic
Ondergronds,2.0,Belgium,3.32,Brouwerij Kompel,6.0,Brown Ale - Belgian,330ml,330,6.06,Brown Ale
Westmalle Trappist Extra,2.0,Belgium,3.46,Brouwerij der Trappisten van Westmalle,4.8,Belgian Enkel / Patersbier,330ml,330,6.06,Belgian Enkel / Patersbier
Bovengronds,2.0,Belgium,3.43,Brouwerij Kompel,6.0,Belgian Blonde,330ml,330,6.06,Belgian Blonde
Wipers Times Blond,2.0,Belgium,3.52,Brouwerij Kazematten,6.2,Belgian Blonde,330ml,330,6.06,Belgian Blonde
Irish Dry Stout,2.0,Ireland,3.31,O'Hara's Brewery,4.3,Red Ale - Irish,330ml,330,6.06,Red Ale
Gulden Draak 9000 Quadrupel,2.0,Belgium,3.82,Brouwerij Van Steenberge,10.5,Belgian Quadrupel,330ml,330,6.06,Belgian Quadrupel
Goudale Ambrée,2.0,France,3.41,Brasserie Goudale - Les Brasseurs de Gayant,7.2,Farmhouse Ale - Bière de Garde,330ml,330,6.06,Farmhouse Ale
Bambule Pils,2.0,Germany,3.46,ÜberQuell Brauwerkstätten,4.8,Pilsner - German,330ml,330,6.06,Pilsner
St. Bernardus Tripel,2.0,Belgium,3.75,Brouwerij St.Bernardus,8.0,Belgian Tripel,Bottle 330ml,330,6.06,Belgian Tripel
Born to be free,2.0,Germany,3.51,orca brau,0.5,Non-Alcoholic - Shandy / Radler,330ml,330,6.06,Non-Alcoholic
Othmar Rauch,2.0,Netherlands,3.09,Ootmarsummer Bierbrouwerij Heupink & Co,6.2,Rauchbier,330ml,330,6.06,Rauchbier
Allgäu Stoff,2.0,Germany,3.28,ABK (Aktienbrauerei Kaufbeuren),4.9,Lager - Helles,330ml,330,6.06,Lager
Sigma,2.0,Belgium,3.74,Brouwerij Alvinne,8.0,Sour - Other,330ml,330,6.06,Sour
"Hell 0,33l",2.0,Germany,3.25,Brauerei Rittmayer Hallerndorf,4.9,Lager - Helles,330ml,330,6.06,Lager
Pils Alkoholfrei,2.0,Germany,3.28,Brauerei Wiethaler,4.9,Pilsner - German,330ml,330,6.06,Pilsner
St. Bernardus Prior 8,2.0,Belgium,3.7,Brouwerij St.Bernardus,8.0,Belgian Dubbel,330ml,330,6.06,Belgian Dubbel
Plop! Landbier Hell,2.0,Germany,3.39,Brauerei Rittmayer Hallerndorf,4.9,Lager - Helles,330ml,330,6.06,Lager
Hefe Weisse,3.05,Germany,3.68,Hacker-Pschorr,5.5,Wheat Beer - Hefeweizen,500ml,500,6.1,Wheat Beer
Schneider Hopfenweisse TAP 5,3.05,United States,3.78,Brooklyn Brewery/ Schneider Weisse G. Schneider & Sohn,8.2,Wheat Beer - Hopfenweisse,500ml,500,6.1,Wheat Beer
Staropramen,3.05,Czech Republic,3.17,Pivovary Staropramen,5.0,Pilsner - Czech / Bohemian,500ml,500,6.1,Pilsner
Andechser Hell Lager,3.05,Germany,3.56,Klosterbrauerei Andechs,4.8,Lager - Helles,500ml,500,6.1,Lager
Herren Pils,3.05,Germany,3.44,Keesmann Bräu,4.8,Pilsner - German,500ml,500,6.1,Pilsner
Meinen HopfenWeisse TAP 5,3.05,United States,3.78,Brooklyn Brewery/ Schneider Weisse G. Schneider & Sohn,8.2,Wheat Beer - Hopfenweisse,500ml,500,6.1,Wheat Beer
Upside Dawn Golden,2.69,United States,3.26,Athletic Brewing Company,0.5,Non-Alcoholic - Other,Can 440ml,440,6.11,Non-Alcoholic
Cali Creamin' Vanilla Cream,2.69,United States,3.79,Mother Earth Brewing Company,5.0,Cream Ale,Can 440ml,440,6.11,Cream Ale
BrewDog x Bären-Bräu Hauptstadt Pils,2.69,Germany,3.12,Berliner Bären-Bräu,5.0,Pilsner - German,Can 440ml,440,6.11,Pilsner
Mosh Pit Juicy,2.69,United States,3.69,Surly Brewing Company,5.5,Pale Ale - American,Can 440ml,440,6.11,Pale Ale
Berliner Bären-Bräu,2.69,Estonia,2.88,BrewDog,0.5,Non-Alcoholic - IPA,Can 440ml,440,6.11,Non-Alcoholic
Cali Creamin' Peaches & Cream,2.69,United States,3.81,Mother Earth Brewing Company,5.0,Cream Ale,Can 440ml,440,6.11,Cream Ale
Mosh Pit Hazy,2.69,United States,3.95,Surly Brewing Company,7.2,IPA - New England / Hazy,Can 440ml,440,6.11,IPA
Social Drink,2.7,Romania,3.31,Bereta Brewing Co.,4.9,Lager - Helles,Can 440ml,440,6.14,Lager
Hopwater Citra,2.7,Belgium,4.25,Siren Craft Brew,6.5,Lambic - Traditional,Can 440ml,440,6.14,Lambic
Hopwater Idaho 7,2.7,Belgium,4.25,Siren Craft Brew,6.5,Lambic - Traditional,Can 440ml,440,6.14,Lambic
Draught 0.0,2.7,Ireland,3.2,Guinness,4.2,Non-Alcoholic - Porter / Stout,Can 440ml,440,6.14,Non-Alcoholic
Pinta Hazy Morning,3.07,Poland,3.6,Browar PINTA,4.4,Pale Ale - New England / Hazy,500ml,500,6.14,Pale Ale
Bappelsin,2.03,Sweden,3.33,Morgondagens Bryggeri,5.5,Sour - Fruited Berliner Weisse,Can 330ml,330,6.15,Sour
Blond,1.85,Belgium,3.58,Abbaye de Leffe,6.6,Belgian Blonde,300ml,300,6.17,Belgian Blonde
Corona Extra,2.19,Mexico,3.13,Grupo Modelo,4.6,Lager - Mexican,355ml,355,6.17,Lager
Venloosch Wit,1.85,Netherlands,3.34,Lindeboom,5.2,Wheat Beer - Witbier / Blanche,300ml,300,6.17,Wheat Beer
IPA  Biologisch,1.85,Netherlands,3.37,Gulpener Bierbrouwerij,6.0,Lager - IPL (India Pale Lager),300ml,300,6.17,Lager
Budels Ongefilterd,1.85,Netherlands,3.15,Budelse Brouwerij,5.0,Kellerbier / Zwickelbier,300ml,300,6.17,Kellerbier / Zwickelbier
Weiherer Hopfenweizen,3.09,Germany,3.64,Brauerei Kundmüller,5.2,Wheat Beer - Hopfenweisse,500ml,500,6.18,Wheat Beer
Weiherer/Cervejaria Bamberg Rauchbock,3.09,Brazil,3.5,Bamberg Bier/ Brauerei Kundmüller,7.0,Rauchbier,500ml,500,6.18,Rauchbier
Helles Vollbier,3.1,Germany,3.58,Brauerei Greifenklau,4.7,Lager - Helles,500ml,500,6.2,Lager
Labirytm,3.1,Poland,3.5,Browar Nepomucen,4.8,Pale Ale - American,Bottle 500ml,500,6.2,Pale Ale
Last Summer,3.1,Poland,3.49,Raduga,4.6,Wheat Beer - Fruited,Bottle 500ml,500,6.2,Wheat Beer
Tea Essence,3.1,Poland,3.52,Raduga,5.7,IPA - American,Bottle 500ml,500,6.2,IPA
Keller,3.1,Germany,3.46,Brauerei Kundmüller,4.9,Kellerbier / Zwickelbier,500ml,500,6.2,Kellerbier / Zwickelbier
Taree'uux,3.1,Poland,3.69,Browar Dziki Wschód,4.5,Sour - Tomato / Vegetable Gose,Can 500ml,500,6.2,Sour
Why Lager?,3.1,Poland,3.23,Magic Road,4.5,Rye Beer,Bottle 500ml,500,6.2,Rye Beer
Pils,3.1,Poland,3.27,Browar Harpagan,4.7,Pilsner - Czech / Bohemian,Bottle 500ml,500,6.2,Pilsner
Kiwibonga,3.1,Poland,3.58,Moczybroda,3.5,Sour - Fruited,Bottle 500ml,500,6.2,Sour
Czaj Apacza,3.1,Poland,3.55,Browar Dziki Wschód,5.0,Pale Ale - American,Bottle 500ml,500,6.2,Pale Ale
Citrus APA Unplugged,3.1,Poland,3.46,Trzech Kumpli,5.0,Non-Alcoholic - Pale Ale,Bottle 500ml,500,6.2,Non-Alcoholic
Lager Wiedeński,3.1,Poland,3.51,Trzech Kumpli,5.0,Lager - Vienna,Bottle 500ml,500,6.2,Lager
Charlotte,3.1,Poland,3.48,Browar Nepomucen,4.9,Fruit Beer,Bottle 500ml,500,6.2,Fruit Beer
Organic Pils,3.1,Poland,3.55,ReCraft,4.8,Pilsner - Other,Can 500ml,500,6.2,Pilsner
Juicy Sour Graviola x Gruszka,3.1,Poland,3.33,ReCraft,4.2,Sour - Fruited,Can 500ml,500,6.2,Sour
Bloesem Van De Westhoek,3.1,Belgium,,Brouwerij Westkwartier,7.0,Belgian Blonde,Can 500ml,500,6.2,Belgian Blonde
Double IPA,3.1,Poland,3.51,Browar Zamkowy Cieszyn,8.0,IPA - Imperial / Double,Bottle 500ml,500,6.2,IPA
Nektar Bogów,3.1,Poland,3.72,Moczybroda,3.5,Sour - Fruited,Bottle 500ml,500,6.2,Sour
Schlenkerla Rauchbier Marzen,3.1,Germany,3.48,"Schlenkerla (""Heller-Bräu"" Trum)",5.1,Rauchbier,500ml,500,6.2,Rauchbier
Porter Bałtycki,3.1,Poland,3.62,Browar Zamkowy Cieszyn,9.8,Porter - Baltic,Bottle 500ml,500,6.2,Porter
Rastafarianin,3.1,Poland,3.55,Moczybroda,5.5,IPA - New England / Hazy,Bottle 500ml,500,6.2,IPA
"Ein Hallertau, Bitte! 2024",3.1,Poland,3.69,Browar PINTA,5.5,Pilsner - German,Can 500ml,500,6.2,Pilsner
Light Sour Delicious,3.1,Poland,3.81,Moczybroda,3.5,Sour - Fruited,Bottle 500ml,500,6.2,Sour
Kuchlbauer Aloysius,3.1,Germany,3.56,Weissbierbrauer Kuchlbauer,7.2,Bock - Weizenbock,500ml,500,6.2,Bock
Tytanowe Jajo,3.1,Poland,3.46,Browar Dziki Wschód,3.5,IPA - Session,Bottle 500ml,500,6.2,IPA
Leon,3.1,Poland,3.56,Raduga,5.8,IPA - New England / Hazy,Bottle 500ml,500,6.2,IPA
Kriek Max,1.55,Belgium,3.49,Omer Vander Ghinste,3.5,Lambic - Kriek,Bottle 250ml,250,6.2,Lambic
Hefeberg's Golden,3.1,Poland,3.51,Piwne Podziemie,4.9,Wheat Beer - Hefeweizen,Bottle 500ml,500,6.2,Wheat Beer
Trzebnica Pszeniczne,3.1,Poland,3.47,Browar Cztery Ściany,4.6,Wheat Beer - Hefeweizen,Bottle 500ml,500,6.2,Wheat Beer
Poperings Hommelbier,1.55,Belgium,3.45,Leroy Breweries,7.5,Belgian Strong Golden Ale,Bottle 250ml,250,6.2,Belgian Strong Golden Ale
Westmalle Dubbel,2.05,Belgium,3.69,Brouwerij der Trappisten van Westmalle,7.0,Belgian Dubbel,330ml,330,6.21,Belgian Dubbel
ZeeZuiper Tripel,2.05,Belgium,3.66,Scheldebrouwerij,8.0,Belgian Tripel,330ml,330,6.21,Belgian Tripel
Brewdog Wingman,2.05,Scotland,3.46,BrewDog,4.3,IPA - Session,330ml,330,6.21,IPA
Gulden Draak Classic Strong Ale,2.05,Belgium,3.77,Brouwerij Van Steenberge,10.5,Belgian Strong Dark Ale,330ml,330,6.21,Belgian Strong Dark Ale
Kapittel Prior,2.05,Belgium,3.45,Leroy Breweries,9.0,Belgian Strong Dark Ale,330ml,330,6.21,Belgian Strong Dark Ale
Blonden Os,2.05,Belgium,3.41,Bourgogne des Flandres,6.5,Belgian Blonde,330ml,330,6.21,Belgian Blonde
IJwit,2.06,Netherlands,3.68,Brouwerij 't IJ,6.5,Wheat Beer - Witbier / Blanche,330ml,330,6.24,Wheat Beer
Finesse,2.06,Belgium,3.56,Brouwerij De Dochter van de Korenaar,8.5,Belgian Tripel,330ml,330,6.24,Belgian Tripel
Gronckel Tripel,2.06,Belgium,3.52,Vrijstaat Vanmol Brewing,9.0,Belgian Tripel,330ml,330,6.24,Belgian Tripel
Double IPA,2.75,Ireland,3.56,O'Hara's Brewery,7.5,IPA - Imperial / Double,Can 440ml,440,6.25,IPA
Draught 0.0,2.75,Ireland,3.2,Guinness,6.5,Non-Alcoholic - Porter / Stout,Can 440ml,440,6.25,Non-Alcoholic
Adriaen Brouwer Tripel,2.75,Belgium,3.58,Brouwerij Roman,9.0,Belgian Tripel,Can 440ml,440,6.25,Belgian Tripel
Schneider Weisse Aventinus Eisbock,2.75,Germany,3.79,Schneider Weisse G. Schneider & Sohn,12.0,Bock - Eisbock,Can 440ml,440,6.25,Bock
Trailblazer,4.7,France,4.05,Hoppy Road,11.1,Stout - Imperial / Double,Bottle 750ml,750,6.27,Stout
Brokilde Blonde,4.7,Denmark,3.38,To Øl,6.0,Blonde / Golden Ale - Other,Bottle 750ml,750,6.27,Blonde / Golden Ale
Buenaveza Salt & Lime Lager,2.23,United States,3.4,Stone Brewing,4.7,Lager - Mexican,Can 355ml,355,6.28,Lager
How To Spell Fun,3.14,Poland,3.42,Maltgarden,4.9,Lager - Mexican,Can 500ml,500,6.28,Lager
Coastal Ipa,3.14,Netherlands,3.53,Dutch Bargain,5.8,IPA - American,500ml,500,6.28,IPA
aU Ungespundet Naturtrüb,3.15,Germany,3.58,Mahr's Bräu,5.2,Kellerbier / Zwickelbier,500ml,500,6.3,Kellerbier / Zwickelbier
Tucher Nürnberger Rotbier,3.15,Germany,3.43,Tucher Bräu,5.5,Lager - Rotbier,500ml,500,6.3,Lager
Wywar Lager,2.08,Slovakia,3.27,Holíčsky pivovar Wywar,4.7,Lager - American,330ml,330,6.3,Lager
Zeeuwse Bierselectie Zeeuws Buukschuuvertje,2.99,Netherlands,3.5,Brouwerij 't Meuleneind,12.5,Belgian Quadrupel,473ml,473,6.32,Belgian Quadrupel
Crew Republic Drunken Sailor,2.09,Germany,3.58,CREW Republic,6.4,IPA - American,330ml,330,6.33,IPA
Ratsherrn Pilsener alkoholfrei,2.09,Germany,3.01,Feldschlösschen Dresden,5.2,Pilsner - German,330ml,330,6.33,Pilsner
Altes Mädchen Jubiläums-Zwickel,2.09,Germany,3.32,Ratsherrn Brauerei,5.2,Kellerbier / Zwickelbier,330ml,330,6.33,Kellerbier / Zwickelbier
Alster,2.09,Germany,3.17,Ratsherrn Brauerei,2.5,Shandy / Radler,330ml,330,6.33,Shandy / Radler
ÜberQuell Bambule Pils,2.09,Germany,3.46,ÜberQuell Brauwerkstätten,4.8,Pilsner - German,330ml,330,6.33,Pilsner
Pilsener,2.09,Germany,3.2,Ratsherrn Brauerei,4.9,Pilsner - German,330ml,330,6.33,Pilsner
Speziator Dunkel,2.09,Germany,3.51,Brauhaus Riegele,7.5,Bock - Doppelbock,330ml,330,6.33,Bock
Texels Skuumkoppe,1.9,Netherlands,3.62,Texelse Bierbrouwerij,6.0,Wheat Beer - Dunkelweizen,Bottle 300ml,300,6.33,Wheat Beer
Crew Republic Jackpot Hazy IPA,2.09,Germany,3.55,CREW Republic,5.0,IPA - New England / Hazy,330ml,330,6.33,IPA
Hohenthanner Tannen Pils,2.09,Germany,3.33,Hohenthanner Schlossbrauerei,5.0,Pilsner - German,330ml,330,6.33,Pilsner
Rothaus Tannenzäpfle Pils,2.09,Germany,3.47,Badische Staatsbrauerei Rothaus,5.1,Pilsner - German,330ml,330,6.33,Pilsner
Hopfenstopfer Incredible Pale Ale,2.09,Germany,3.55,Häffner Bräu - Hopfenstopfer,6.1,IPA - American,330ml,330,6.33,IPA
Hell Alkoholfrei,2.09,Germany,2.88,Privatbrauerei Waldhaus,0.5,Non-Alcoholic - Lager,330ml,330,6.33,Non-Alcoholic
Draught 0.0,2.79,Ireland,3.2,Guinness,4.8,Non-Alcoholic - Porter / Stout,Can 440ml,440,6.34,Non-Alcoholic
La Trappe Nillis,2.1,Netherlands,3.04,Bierbrouwerij De Koningshoeven,8.0,Non-Alcoholic - Other,330ml,330,6.36,Non-Alcoholic
Nillis Alcoholvrij Trappistenbier,2.1,Netherlands,3.04,Bierbrouwerij De Koningshoeven,6.0,Non-Alcoholic - Other,330ml,330,6.36,Non-Alcoholic
Morpheus Wit,2.1,Belgium,3.26,Brouwerij Alvinne,5.5,Wheat Beer - Witbier / Blanche,330ml,330,6.36,Wheat Beer
Winter Zjef 2022,2.1,Belgium,3.63,'t Paenhuys,13.0,Stout - Belgian,330ml,330,6.36,Stout
Rosse Pitte,2.1,Belgium,3.25,Pater Pitte,5.9,IPA - Belgian,330ml,330,6.36,IPA
De Molen Ale & Hop,2.1,Netherlands,3.32,Brouwerij de Molen,3.5,IPA - New England / Hazy,330ml,330,6.36,IPA
St. Bernardus Tripel,2.1,Netherlands,3.3,Walhalla Brouwerij & Proeflokaal,4.4,Wheat Beer - Witbier / Blanche,330ml,330,6.36,Wheat Beer
LeFort,2.1,Belgium,3.62,Omer Vander Ghinste,9.0,Belgian Strong Dark Ale,330ml,330,6.36,Belgian Strong Dark Ale
Horendol Oaked Tripel,2.1,Belgium,3.37,Local Taste / Angus Bier,7.0,Belgian Dubbel,330ml,330,6.36,Belgian Dubbel
Fagnes Brune,2.1,Belgium,3.4,Brasserie des Fagnes,7.5,Belgian Dubbel,330ml,330,6.36,Belgian Dubbel
Witheer,2.1,Belgium,3.36,Scheldebrouwerij,5.0,Wheat Beer - Witbier / Blanche,330ml,330,6.36,Wheat Beer
Hofbräu Pure,2.1,Germany,3.21,Staatliches Hofbräuhaus München,5.3,Lager - Helles,330ml,330,6.36,Lager
Augustus Weizendoppelbock,2.1,Germany,3.75,Brauhaus Riegele,8.0,Bock - Weizendoppelbock,330ml,330,6.36,Bock
Great White Witbier,2.1,Netherlands,3.37,Stadshaven Brouwerij,5.3,Wheat Beer - Other,330ml,330,6.36,Wheat Beer
La Trappe Quadrupel,2.1,Netherlands,3.91,Bierbrouwerij De Koningshoeven,10.0,Belgian Quadrupel,330ml,330,6.36,Belgian Quadrupel
Zwarte Zjef,2.1,Belgium,3.38,'t Paenhuys,13.0,Stout - Other,330ml,330,6.36,Stout
Tante Nonneke,2.1,Belgium,3.2,Klootzakske,0.5,Non-Alcoholic - Pale Ale,330ml,330,6.36,Non-Alcoholic
King Mule IPA,2.1,Belgium,3.25,Brouwerij Cornelissen,5.7,IPA - Belgian,330ml,330,6.36,IPA
Zillertal Schwarzes,2.1,Austria,3.33,Zillertal Bier,5.2,Schwarzbier,330ml,330,6.36,Schwarzbier
Cuvée 800 Pale Ale,2.1,Belgium,3.51,Brasserie de l'Abbaye du Val-Dieu,5.5,Pale Ale - Belgian,330ml,330,6.36,Pale Ale
Reinaert Amber,2.1,Belgium,3.45,De Proefbrouwerij,7.0,Belgian Strong Golden Ale,330ml,330,6.36,Belgian Strong Golden Ale
Blanche de Liège Witbier,2.1,Belgium,3.36,Brasserie de l'Abbaye du Val-Dieu,4.9,Wheat Beer - Witbier / Blanche,330ml,330,6.36,Wheat Beer
Rochefort 6,2.1,Belgium,3.71,Abbaye Notre-Dame de Saint-Rémy,7.5,Belgian Dubbel,330ml,330,6.36,Belgian Dubbel
Braupakt Blonde Ale,2.1,Germany,3.65,Bayerische Staatsbrauerei Weihenstephan,6.5,Blonde / Golden Ale - Other,330ml,330,6.36,Blonde / Golden Ale
Herberg Tripel,2.1,Belgium,3.59,Hallelujah Brewery,7.0,IPA - White / Wheat,330ml,330,6.36,IPA
Omega,2.1,Belgium,3.66,Brouwerij Alvinne,6.0,Sour - Other,330ml,330,6.36,Sour
Local Taste Juniper,2.1,Belgium,3.37,Local Taste / Angus Bier,7.0,Belgian Dubbel,330ml,330,6.36,Belgian Dubbel
A Bull Called Billy Summer Edition,2.1,Belgium,3.46,'t Paenhuys,8.0,Belgian Tripel,330ml,330,6.36,Belgian Tripel
Kasteel Xtra,2.1,Belgium,3.28,Kasteel Brouwerij Vanhonsebrouck,4.5,Belgian Blonde,330ml,330,6.36,Belgian Blonde
Fagnes Blonde,2.1,Belgium,3.46,Brasserie des Fagnes,7.5,Belgian Blonde,330ml,330,6.36,Belgian Blonde
Stoute Pitte,2.1,Belgium,3.46,Pater Pitte,8.0,Belgian Strong Dark Ale,330ml,330,6.36,Belgian Strong Dark Ale
Wipers Times Dubbel,2.1,Belgium,3.34,Brouwerij Kazematten,5.0,Belgian Dubbel,330ml,330,6.36,Belgian Dubbel
Omer vander Ghinste Rouge Max,2.1,Belgium,3.42,Omer Vander Ghinste,8.0,Fruit Beer,330ml,330,6.36,Fruit Beer
Rood Dubbel,2.1,Belgium,3.72,Bières de Chimay,7.0,Belgian Dubbel,330ml,330,6.36,Belgian Dubbel
Gouveneur Tripel,3.19,Netherlands,3.47,Lindeboom,8.2,Belgian Tripel,500ml,500,6.38,Belgian Tripel
Sowie Porter Bałtycki,3.2,Poland,3.59,Browar Wielka Sowa,9.3,Porter - Imperial / Double Baltic,Bottle 500ml,500,6.4,Porter
Schneider Weiss Low Alcohol Tap 3,3.2,Germany,,Bavarian Outback Brewing Company,7.5,Wheat Beer - Hefeweizen,500ml,500,6.4,Wheat Beer
Kriek,1.6,Belgium,3.57,Brouwerij Lindemans,3.5,Lambic - Kriek,Bottle 250ml,250,6.4,Lambic
Alembikowe,3.2,Poland,3.43,Magic Road,4.4,Pilsner - Other,Can 500ml,500,6.4,Pilsner
Shropshire Gold,3.2,England,3.47,Salopian Brewery,3.8,Bitter - Session / Ordinary,Bottle 500ml,500,6.4,Bitter
Syreni Śpiew,3.2,Poland,3.4,Browar Dziki Wschód,4.0,IPA - Session,Bottle 500ml,500,6.4,IPA
IPA Unplugged,3.2,Poland,3.58,Trzech Kumpli,0.5,Non-Alcoholic - IPA,Bottle 500ml,500,6.4,Non-Alcoholic
Porter Sherry Oloroso,3.2,Poland,3.84,Browar Fortuna,9.0,Porter - Baltic,Bottle 500ml,500,6.4,Porter
St Feuillien Saison,4.8,Belgium,3.55,Brasserie St-Feuillien,6.5,Farmhouse Ale - Saison,Bottle 750ml,750,6.4,Farmhouse Ale
Hell: Alcohol Free,3.2,Germany,,Flötzinger Bräu,0.5,Lager - Helles,Bottle 500ml,500,6.4,Lager
Meggyes sör,3.2,Hungary,3.34,Szent András Sörfőzde,3.7,Fruit Beer,500ml,500,6.4,Fruit Beer
Hegemon,3.2,Poland,3.49,Magic Road,4.4,Pilsner - Other,Can 500ml,500,6.4,Pilsner
Óarany,3.2,Hungary,3.39,Szent András Sörfőzde,4.9,Lager - Vienna,500ml,500,6.4,Lager
Drink And Stay Sober Ø,3.2,Czech Republic,3.59,Rodinný Pivovar Zichovec,0.5,Non-Alcoholic - IPA,500ml,500,6.4,Non-Alcoholic
Blanche de Namur Rosée,1.6,Belgium,3.12,Brasserie du Bocq,3.4,Wheat Beer - Fruited,Bottle 250ml,250,6.4,Wheat Beer
Król Lata,3.2,Poland,3.57,Browar PINTA,4.0,Wheat Beer - Witbier / Blanche,Bottle 500ml,500,6.4,Wheat Beer
Schneider Weisse Tap 3 Mein Alkoholfreies,3.2,Germany,2.89,Schneider Weisse G. Schneider & Sohn,0.3,Non-Alcoholic - Wheat,500ml,500,6.4,Non-Alcoholic
TRZEBNICA Pils,3.2,Poland,3.49,Browar Cztery Ściany,4.7,Pilsner - German,Bottle 500ml,500,6.4,Pilsner
Psze Koźlak,3.2,Poland,3.51,Browar PINTA,6.7,Bock - Weizenbock,Can 500ml,500,6.4,Bock
Aecht Rauchbier Weizen,3.2,Germany,3.55,"Schlenkerla (""Heller-Bräu"" Trum)",5.4,Rauchbier,500ml,500,6.4,Rauchbier
Winter Stout NITRO,3.2,Poland,3.61,Browar Stu Mostów,6.1,Stout - Other,Bottle 500ml,500,6.4,Stout
Hell,3.2,Germany,3.39,Benediktiner Weissbräu,5.0,Lager - Helles,500ml,500,6.4,Lager
Geist,3.2,Poland,3.74,Browar Kingpin,4.7,Sour - Traditional Gose,Can 500ml,500,6.4,Sour
Brzoskwiniowa Melba,3.2,Poland,3.7,Moczybroda,3.5,Sour - Fruited,Can 500ml,500,6.4,Sour
Kellerbier,3.2,Germany,3.68,Brauerei Greifenklau,4.9,Kellerbier / Zwickelbier,500ml,500,6.4,Kellerbier / Zwickelbier
Dziewczyna Szamana,3.2,Poland,3.23,Browar Dziki Wschód,5.6,Fruit Beer,Bottle 500ml,500,6.4,Fruit Beer
Ernst,3.2,Poland,3.64,Funky Fluid,5.2,Pilsner - German,Can 500ml,500,6.4,Pilsner
Hopstrike - keg A,128.4,Poland,4.07,Browar Stu Mostów,8.0,IPA - Imperial / Double New England / Hazy,20000ml,20000,6.42,IPA
Delight is Right - keg A,128.4,Poland,3.5,Browar Stu Mostów,5.6,Cream Ale,20000ml,20000,6.42,Cream Ale
Balanced Glance - keg A,128.4,Poland,3.93,Browar Stu Mostów,6.2,IPA - New England / Hazy,20000ml,20000,6.42,IPA
Mrija,4.82,Czech Republic,3.73,Pivovar Rotor,7.5,Stout - Russian Imperial,Bottle 750ml,750,6.43,Stout
Blond,2.13,Belgium,3.67,Brouwerij De Halve Maan,6.0,Belgian Blonde,330ml,330,6.45,Belgian Blonde
Verzet Super NoAH,2.13,Belgium,3.29,Brouwerij 't Verzet,4.9,Belgian Blonde,Bottle 330ml,330,6.45,Belgian Blonde
Moray IPA (0.4),2.29,Netherlands,3.42,Stadshaven Brouwerij,53.0,Wheat Beer - Hefeweizen,355ml,355,6.45,Wheat Beer
Gonza,3.24,Czech Republic,3.46,Axiom Brewery,5.5,Pale Ale - Other,Can 500ml,500,6.48,Pale Ale
Blonde Doree,2.14,Belgium,3.55,Bières de Chimay,4.8,Belgian Enkel / Patersbier,330ml,330,6.48,Belgian Enkel / Patersbier
23310 Prior 8,2.14,Belgium,3.7,Brouwerij St.Bernardus,8.0,Belgian Dubbel,330ml,330,6.48,Belgian Dubbel
Dubbel,1.95,Belgium,3.54,Abbaye de Leffe,6.5,Brown Ale - Belgian,300ml,300,6.5,Brown Ale
West Indies Porter,3.25,Ireland,3.57,Guinness,6.0,Porter - Other,500ml,500,6.5,Porter
Quadrupel,2.99,Netherlands,3.42,Brouwerij De Hopweegschaal,8.6,Belgian Quadrupel,460ml,460,6.5,Belgian Quadrupel
Hopfenweizen,3.25,Germany,3.64,Brauerei Kundmüller,5.2,Wheat Beer - Hopfenweisse,500ml,500,6.5,Wheat Beer
Irish Red,3.25,Ireland,3.3,O'Hara's Brewery,4.3,Red Ale - Irish,500ml,500,6.5,Red Ale
"Budels Radler 0,0%",1.95,Netherlands,2.72,Budelse Brouwerij,7.0,Non-Alcoholic - Shandy / Radler,300ml,300,6.5,Non-Alcoholic
Engel Volksfestbier,3.25,Germany,3.23,Biermanufaktur ENGEL,5.5,Festbier,500ml,500,6.5,Festbier
Gouverneur Dubbel,1.95,Netherlands,3.28,Lindeboom,6.5,Belgian Dubbel,300ml,300,6.5,Belgian Dubbel
Blond Vleugje Vlierbloesem,1.95,Netherlands,3.49,Gulpener Bierbrouwerij,6.0,Blonde / Golden Ale - Other,300ml,300,6.5,Blonde / Golden Ale
Märzen,3.25,Germany,3.48,"Schlenkerla (""Heller-Bräu"" Trum)",5.1,Rauchbier,500ml,500,6.5,Rauchbier
Punk AF Alcohol Free IPA Blik SB,2.15,Scotland,2.88,BrewDog,0.5,Non-Alcoholic - IPA,330ml,330,6.52,Non-Alcoholic
Texels Zeebries Blond,2.15,Netherlands,3.47,Texelse Bierbrouwerij,5.0,Belgian Blonde,330ml,330,6.52,Belgian Blonde
Gentse Tripel,2.15,Belgium,3.56,Brouwerij Van Steenberge,8.0,Belgian Tripel,330ml,330,6.52,Belgian Tripel
Dubbel Brune Bruin,2.15,Belgium,3.54,Abbaye de Leffe,6.5,Brown Ale - Belgian,330ml,330,6.52,Brown Ale
Pils,2.15,Germany,3.33,Schäffler Bräu,4.9,Pilsner - German,330ml,330,6.52,Pilsner
Braupakt,2.15,Germany,3.65,Bayerische Staatsbrauerei Weihenstephan,6.5,Blonde / Golden Ale - Other,330ml,330,6.52,Blonde / Golden Ale
Vedett Extra Pils / Extra Blond,2.15,Belgium,3.27,Duvel Moortgat,5.2,Pilsner - Other,330ml,330,6.52,Pilsner
Rubbens Dubbel,2.15,Belgium,3.26,Stokerij Brouwerij Rubbens,7.0,Belgian Dubbel,330ml,330,6.52,Belgian Dubbel
Pinta Atak Chmielu,3.26,Poland,3.55,Browar PINTA,6.1,IPA - American,500ml,500,6.52,IPA
Petrus Blond,2.15,Belgium,3.35,Brouwerij De Brabandere,6.5,Belgian Blonde,330ml,330,6.52,Belgian Blonde
Kapittel Tripel Abt,2.15,Belgium,3.53,Leroy Breweries,10.0,Belgian Tripel,330ml,330,6.52,Belgian Tripel
Wolf 7,2.15,Belgium,3.53,Brouwerij Wolf,7.4,Belgian Strong Golden Ale,330ml,330,6.52,Belgian Strong Golden Ale
Mongy IPA,2.45,France,3.61,Brasserie Cambier,6.8,IPA - American,Bottle 375ml,375,6.53,IPA
Mannenliefde,2.16,Netherlands,3.46,Oedipus Brewing,6.0,Farmhouse Ale - Saison,330ml,330,6.55,Farmhouse Ale
BrewDog Crazy Monk,2.89,Germany,3.45,BrewDog Deutschland,5.0,Lager - Helles,Can 440ml,440,6.57,Lager
Mit Ohne Alkoholfreies Weizen,3.29,Germany,3.3,Tilmans Biere,5.0,Non-Alcoholic - Wheat,500ml,500,6.58,Non-Alcoholic
Lervig No Worries Mango,2.17,Norway,3.27,LERVIG,0.5,Non-Alcoholic - IPA,330ml,330,6.58,Non-Alcoholic
Lervig No Worries,2.17,Norway,3.19,LERVIG,0.5,Non-Alcoholic - IPA,330ml,330,6.58,Non-Alcoholic
Duckstein Weizen Hopfenfruchtig,3.29,Germany,3.43,Holsten-Brauerei AG,5.3,Wheat Beer - Hefeweizen,500ml,500,6.58,Wheat Beer
Lervig No Worries Radler,2.17,Norway,2.82,LERVIG,0.5,Non-Alcoholic - Shandy / Radler,330ml,330,6.58,Non-Alcoholic
Lervig No Worries Fyr Opp!,2.17,Norway,3.17,LERVIG,0.5,Non-Alcoholic - IPA,330ml,330,6.58,Non-Alcoholic
Tilmans Der Weizen,3.29,Germany,3.6,Tilmans Biere,6.0,Wheat Beer - Hefeweizen,500ml,500,6.58,Wheat Beer
Warsaw Dream,3.29,Poland,3.73,Funky Fluid,6.4,IPA - New England / Hazy,Can 500ml,500,6.58,IPA
Gold-Pils,3.29,Germany,3.39,Privatbrauerei Fässla Bamberg,5.5,Pilsner - German,500ml,500,6.58,Pilsner
Lervig No Worries Pineapple,2.17,Norway,3.12,LERVIG,0.5,Non-Alcoholic - IPA,330ml,330,6.58,Non-Alcoholic
Duckstein Rotblond Original,3.29,Germany,3.27,Holsten-Brauerei AG,4.9,Altbier - Traditional,500ml,500,6.58,Altbier
Tilmans Mit Øhne,3.29,Germany,3.3,Tilmans Biere,8.0,Non-Alcoholic - Wheat,500ml,500,6.58,Non-Alcoholic
Lagerbier,3.29,Germany,3.43,Privatbrauerei Fässla Bamberg,5.5,Lager - Amber / Red,500ml,500,6.58,Lager
Der Weizen,3.29,Germany,3.6,Tilmans Biere,6.0,Wheat Beer - Hefeweizen,500ml,500,6.58,Wheat Beer
Tilmans Das Helle,3.29,Germany,3.65,Tilmans Biere,5.1,Lager - Helles,500ml,500,6.58,Lager
Lervig No Worries Grapefruit,2.17,Norway,3.25,LERVIG,0.5,Non-Alcoholic - IPA,330ml,330,6.58,Non-Alcoholic
Keizer Augustus,2.9,Netherlands,3.75,Brouwerij Rodanum,10.0,Belgian Strong Golden Ale,Can 440ml,440,6.59,Belgian Strong Golden Ale
Chiemsee Wit,2.9,Germany,3.41,Camba Bavaria,4.8,Wheat Beer - Witbier / Blanche,Can 440ml,440,6.59,Wheat Beer
Chiemsee Hopla,2.9,Germany,3.44,Camba Bavaria,5.1,Lager - IPL (India Pale Lager),Can 440ml,440,6.59,Lager
Chiemsee Pale,2.9,Germany,3.64,Camba Bavaria,5.3,Pale Ale - Other,Can 440ml,440,6.59,Pale Ale
"Hazy Jane - NEIPA 0,44l",2.9,Scotland,3.67,BrewDog,5.0,IPA - New England / Hazy,Can 440ml,440,6.59,IPA
Chiemsee Dark - Black Lager,2.9,Germany,3.53,Camba Bavaria,5.6,Schwarzbier,Can 440ml,440,6.59,Schwarzbier
Petit Blanc Sprau White IPA,3.3,Poland,3.64,ReCraft,5.5,IPA - White / Wheat,Can 500ml,500,6.6,IPA
Ostoja,3.3,Poland,3.67,Przetwórnia Chmielu,5.0,Porter - English,Can 500ml,500,6.6,Porter
Strawberry Berliner Weisse,3.3,Germany,3.61,BRLO/ Browar Stu Mostów,3.4,Sour - Fruited Berliner Weisse,Bottle 500ml,500,6.6,Sour
Draught,3.3,Ireland,3.77,Guinness,4.2,Stout - Irish Dry,Can 500ml,500,6.6,Stout
Darwin's Origin,3.3,England,3.55,Salopian Brewery,4.3,Bitter - Best,Bottle 500ml,500,6.6,Bitter
Hop Twister,3.3,England,3.65,Salopian Brewery,4.5,Blonde / Golden Ale - English,Bottle 500ml,500,6.6,Blonde / Golden Ale
Bombelek z Zerówki,3.3,Poland,3.71,Browar Artezan,6.0,Non-Alcoholic - Sour,Can 500ml,500,6.6,Non-Alcoholic
Porter Bałtycki,3.3,Poland,3.65,Browar Kingpin,7.5,Porter - Baltic,Bottle 500ml,500,6.6,Porter
Motor Oil Christmas,4.95,Netherlands,3.88,Moersleutel Craft Brewery,12.0,Stout - Russian Imperial,Bottle 750ml,750,6.6,Stout
Poma Ranczo,3.3,Poland,3.42,Browar Dziki Wschód,5.5,IPA - Other,Bottle 500ml,500,6.6,IPA
Oracle,3.3,England,3.63,Salopian Brewery,4.0,Blonde / Golden Ale - English,Bottle 500ml,500,6.6,Blonde / Golden Ale
American IPA,3.3,Poland,3.62,Browar Stu Mostów,6.8,IPA - American,Bottle 500ml,500,6.6,IPA
Loko,3.3,Poland,3.51,Browar Birbant,4.5,Pilsner - New Zealand,Can 500ml,500,6.6,Pilsner
Chocolate Stout NITRO,3.3,Poland,3.69,Browar Stu Mostów,5.7,Stout - Milk / Sweet,Bottle 500ml,500,6.6,Stout
Aecht Rauchbier Märzen,3.3,Germany,3.48,"Schlenkerla (""Heller-Bräu"" Trum)",5.1,Rauchbier,500ml,500,6.6,Rauchbier
Tropical Gose,3.3,Poland,3.89,Browar Stu Mostów,3.5,Sour - Fruited Gose,Bottle 500ml,500,6.6,Sour
Brain Smasher,3.3,Poland,3.62,Moczybroda,7.0,IPA - Imperial / Double,Bottle 500ml,500,6.6,IPA
Ciemność Widzę,3.3,Poland,3.63,Moczybroda,5.4,Stout - Milk / Sweet,Bottle 500ml,500,6.6,Stout
Harfa,3.3,Poland,3.63,Przetwórnia Chmielu,4.5,Stout - Irish Dry,Can 500ml,500,6.6,Stout
Tardif de Bourgogne Sprau White IPA,3.3,Poland,3.79,ReCraft,5.5,IPA - White / Wheat,Can 500ml,500,6.6,IPA
St. Feuillien Grisette Bio Blond,1.65,Belgium,3.06,Brasserie St-Feuillien,5.5,Gluten-Free,Bottle 250ml,250,6.6,Gluten-Free
Blanche de Bruxelles,4.95,Belgium,3.54,Brasserie Lefebvre,4.5,Wheat Beer - Witbier / Blanche,Bottle 750ml,750,6.6,Wheat Beer
Saison Dupont Biologique,4.95,Belgium,3.42,Brasserie Dupont,5.5,Farmhouse Ale - Saison,Bottle 750ml,750,6.6,Farmhouse Ale
Premiere,4.95,Belgium,3.72,Bières de Chimay,7.0,Belgian Dubbel,Bottle 750ml,750,6.6,Belgian Dubbel
"Benediktiner | Weissbier | 5,4%",3.3,Germany,3.56,Benediktiner Weissbräu,5.4,Wheat Beer - Hefeweizen,500ml,500,6.6,Wheat Beer
Porter Bałtycki NITRO,3.3,Poland,3.81,WRCLW,7.3,Porter - Baltic,Bottle 500ml,500,6.6,Porter
Lemon Dream,3.3,England,3.55,Salopian Brewery,4.5,Blonde / Golden Ale - Other,Bottle 500ml,500,6.6,Blonde / Golden Ale
Ufo,4.95,Czech Republic,3.57,Pivovar Rotor,5.6,IPA - New England / Hazy,Bottle 750ml,750,6.6,IPA
Blanche De Namur Witbier,1.65,Belgium,3.4,Brasserie du Bocq,4.5,Wheat Beer - Witbier / Blanche,Bottle 250ml,250,6.6,Wheat Beer
Everyday Life,3.32,Czech Republic,3.45,Sibeeria,5.1,Pilsner - Czech / Bohemian,Can 500ml,500,6.64,Pilsner
Hohenthanner Tannen Hell,2.19,Germany,3.41,Hohenthanner Schlossbrauerei,5.0,Lager - Helles,330ml,330,6.64,Lager
Speziator Hell,2.19,Germany,3.45,Brauhaus Riegele,8.5,Bock - Doppelbock,330ml,330,6.64,Bock
Maisel & Friends Hell New Bavarian Lager,2.19,Germany,3.49,Brauerei Gebr. Maisel,5.3,Lager - IPL (India Pale Lager),330ml,330,6.64,Lager
Kriek,2.19,Belgium,3.5,Ter Dolen,4.5,Fruit Beer,330ml,330,6.64,Fruit Beer
Maisel & Friends Pale Ale,2.19,Germany,3.56,Brauerei Gebr. Maisel,5.2,Pale Ale - American,330ml,330,6.64,Pale Ale
WOO,2.19,Austria,3.48,Brauhaus Bevog,0.3,Non-Alcoholic - IPA,Can 330ml,330,6.64,Non-Alcoholic
Gaffel Wiess,2.19,Germany,3.37,Privatbrauerei Gaffel Becker,4.9,Kölsch,330ml,330,6.64,Kölsch
PURE Bitter-Orange,2.19,Germany,3.36,Riedenburger Brauhaus,0.15,Non-Alcoholic - Shandy / Radler,330ml,330,6.64,Non-Alcoholic
Great White (Blik),2.19,Netherlands,3.37,Stadshaven Brouwerij,5.3,Wheat Beer - Other,330ml,330,6.64,Wheat Beer
King Jo,2.92,France,3.56,The Piggy Brewing Company,6.0,Brown Ale - English,Can 440ml,440,6.64,Brown Ale
Pils,2.19,Germany,3.01,Landgang Brauerei,5.0,Pilsner - German,330ml,330,6.64,Pilsner
Sako 2 Year Oude Lambiek Adelaar,19.92,Belgium,3.77,Brouwerij-Stokerij Sako,6.5,Lambic - Gueuze,3000ml,3000,6.64,Lambic
Celebrator,2.19,Germany,3.76,Ayinger Privatbrauerei,6.7,Bock - Doppelbock,330ml,330,6.64,Bock
Blanc 1664 Witbier,2.19,France,3.48,Kronenbourg Brewery,5.0,Wheat Beer - Witbier / Blanche,330ml,330,6.64,Wheat Beer
PURE Rhabarber-Cassis,2.19,Germany,3.34,Riedenburger Brauhaus,5.7,Non-Alcoholic - Other,330ml,330,6.64,Non-Alcoholic
Natural Ginger,1.66,Hungary,3.68,Mad Scientist,6.1,"Small (0,25l - 0,375l)",Bottle 250ml,250,6.64,"Small (0,25l"
Pink Tonic,1.66,Hungary,3.68,Mad Scientist,6.1,Pale Ale - New England / Hazy,Bottle 250ml,250,6.64,Pale Ale
Kingfisher,2.19,India,2.98,United Breweries,5.0,Lager - Pale,330ml,330,6.64,Lager
Welde Citra Helles,2.19,Germany,3.54,Welde Braumanufaktur,5.2,Lager - Helles,330ml,330,6.64,Lager
Bairisch Pils,2.19,Germany,3.57,Ayinger Privatbrauerei,5.3,Pilsner - German,330ml,330,6.64,Pilsner
Alkoholfrei BIO,2.19,Germany,2.94,Riedenburger Brauhaus,0.5,Non-Alcoholic - Lager,330ml,330,6.64,Non-Alcoholic
Helles,2.19,Germany,3.4,Ratsherrn Brauerei,5.1,Lager - Helles,330ml,330,6.64,Lager
Timmermans Oude Lambiek,33.2,Belgium,3.67,Brewery John Martin & Brewery Timmermans,5.5,Lambic - Traditional,5000ml,5000,6.64,Lambic
High Five,4.99,Netherlands,3.3,Brewery 22Four,6.7,Sour - Fruited,Bottle 750ml,750,6.65,Sour
Maisel & Friends Chocolate Bock,4.99,Germany,3.6,Brauerei Gebr. Maisel,7.5,Bock - Single / Traditional,Bottle 750ml,750,6.65,Bock
Maisel & Friends Bavarian Ale,4.99,Germany,3.57,Brauerei Gebr. Maisel,7.1,Bock - Weizenbock,Bottle 750ml,750,6.65,Bock
Big Love,4.99,United States,3.89,Almanac Beer Company,9.0,IPA - Imperial / Double New England / Hazy,Bottle 750ml,750,6.65,IPA
Maisel & Friends Indian Ale,4.99,Germany,3.63,Brauerei Gebr. Maisel,7.3,IPA - English,Bottle 750ml,750,6.65,IPA
Coffee Bender,4.99,United States,3.91,Surly Brewing Company,5.1,Brown Ale - American,Bottle 750ml,750,6.65,Brown Ale
Baubas Cognac Barrel Aged,4.99,Netherlands,4.29,Kaapse Brouwers,13.0,Porter - Imperial / Double Baltic,Bottle 750ml,750,6.65,Porter
"Budels Witte Parel 0,0%",2.0,Netherlands,2.69,Budelse Brouwerij,2.2,Non-Alcoholic - Wheat,300ml,300,6.67,Non-Alcoholic
Hete Klinke,2.2,Belgium,3.37,Klootzakske,6.9,Belgian Blonde,330ml,330,6.67,Belgian Blonde
Moray IPA,2.2,Netherlands,3.42,Stadshaven Brouwerij,5.5,IPA - Other,330ml,330,6.67,IPA
Cider Non Alcoholic,2.2,France,3.2,Galipette Cidre,8.0,Non-Alcoholic - Cider / Perry,330ml,330,6.67,Non-Alcoholic
Val-Dieu Blonde,2.2,Belgium,3.45,Brasserie de l'Abbaye du Val-Dieu,6.0,Belgian Blonde,330ml,330,6.67,Belgian Blonde
Traditional Blond,2.2,Belgium,2.73,Force Majeure,0.4,Non-Alcoholic - Other,330ml,330,6.67,Non-Alcoholic
Innerfox Tripel,2.2,Belgium,3.47,FoxTown Beer Crew,8.3,Belgian Tripel,330ml,330,6.67,Belgian Tripel
Witheer Witbier,2.2,Belgium,3.36,Scheldebrouwerij,5.0,Wheat Beer - Witbier / Blanche,330ml,330,6.67,Wheat Beer
Lager,2.2,Spain,3.21,Ocean Beer,4.8,Lager - Pale,330ml,330,6.67,Lager
Toetëlèr Amber Tripel,2.2,Belgium,3.41,Brouwerij Den Toetëlèr,8.5,Belgian Tripel,330ml,330,6.67,Belgian Tripel
St. Feuillien Blond,2.2,Belgium,3.49,Brasserie St-Feuillien,7.5,Belgian Strong Golden Ale,Bottle 330ml,330,6.67,Belgian Strong Golden Ale
Super Noah,2.2,Belgium,3.29,Brouwerij 't Verzet,4.9,Belgian Blonde,330ml,330,6.67,Belgian Blonde
Big Bangin' IPA,2.2,Ireland,3.56,Rye River Brewing Company,7.1,IPA - American,330ml,330,6.67,IPA
Weiss Ass,2.2,Belgium,3.42,Brouwerij Palm,5.41,IPA - White / Wheat,330ml,330,6.67,IPA
Lupulin Monster,2.2,Belgium,3.59,Enigma,7.0,IPA - Belgian,330ml,330,6.67,IPA
Goud,2.2,Belgium,3.48,Brouwerij Wilderen,6.2,Belgian Blonde,330ml,330,6.67,Belgian Blonde
Gouden Carolus Hopsinjoor,2.2,Belgium,3.59,Brouwerij Het Anker,8.0,IPA - Belgian,330ml,330,6.67,IPA
Gouden Carolus Tripel,2.2,Belgium,3.82,Brouwerij Het Anker,9.0,Belgian Tripel,330ml,330,6.67,Belgian Tripel
Doree,2.2,Belgium,3.55,Bières de Chimay,4.8,Belgian Enkel / Patersbier,330ml,330,6.67,Belgian Enkel / Patersbier
Kasteel Rouge,2.2,Belgium,3.58,Kasteel Brouwerij Vanhonsebrouck,8.0,Fruit Beer,330ml,330,6.67,Fruit Beer
Van Eecke Kapittel Watou Blond,2.2,Belgium,3.25,Leroy Breweries,6.5,Belgian Blonde,330ml,330,6.67,Belgian Blonde
Kempisch Vuur Tripel,2.2,Belgium,3.42,Brouwerij Pirlot,7.5,Belgian Tripel,330ml,330,6.67,Belgian Tripel
Seef Bier,2.2,Belgium,3.53,Antwerpse Brouw Compagnie,6.5,Belgian Blonde,330ml,330,6.67,Belgian Blonde
High Wire,2.2,England,3.65,Magic Rock Brewing,5.5,Pale Ale - American,330ml,330,6.67,Pale Ale
Piranha Tripel,2.2,Netherlands,3.53,Stadshaven Brouwerij,8.5,Belgian Tripel,330ml,330,6.67,Belgian Tripel
St. Feuillien Quadrupel,2.2,Belgium,3.75,Brasserie St-Feuillien,11.0,Belgian Quadrupel,330ml,330,6.67,Belgian Quadrupel
Maneblusser Mechels Blond,2.2,Belgium,3.46,Brouwerij Het Anker,5.8,Belgian Blonde,330ml,330,6.67,Belgian Blonde
IXO Horia Bio,2.2,France,3.32,Ixo,4.5,Blonde / Golden Ale - Other,330ml,330,6.67,Blonde / Golden Ale
Klootzakske,2.2,Belgium,3.39,Klootzakske,7.5,Belgian Tripel,330ml,330,6.67,Belgian Tripel
Bersalis Tripel,2.2,Belgium,3.59,Oud Beersel,9.5,Belgian Tripel,330ml,330,6.67,Belgian Tripel
Phi,2.2,Belgium,3.81,Brouwerij Alvinne,8.0,Sour - Other,330ml,330,6.67,Sour
Hell,2.2,Germany,3.49,Brauerei Gebr. Maisel,5.3,Lager - IPL (India Pale Lager),330ml,330,6.67,Lager
Pale Ale,2.2,Germany,3.56,Brauerei Gebr. Maisel,5.2,Pale Ale - American,330ml,330,6.67,Pale Ale
Ename Blond,2.2,Belgium,3.45,Brouwerij Roman,6.6,Belgian Blonde,330ml,330,6.67,Belgian Blonde
Tripel,2.2,Belgium,3.65,Abbaye de Leffe,8.5,Belgian Tripel,330ml,330,6.67,Belgian Tripel
LeFort Tripel,2.2,Belgium,3.72,Omer Vander Ghinste,8.5,Belgian Tripel,330ml,330,6.67,Belgian Tripel
Chouffe Soleil,2.2,Belgium,3.56,Brasserie d'Achouffe,6.0,Belgian Blonde,330ml,330,6.67,Belgian Blonde
West Coast IPA,2.2,Germany,3.63,Brauerei Gebr. Maisel,6.6,IPA - American,330ml,330,6.67,IPA
Wintervrund Winterbier,2.0,Netherlands,3.34,Gulpener Bierbrouwerij,8.5,Winter Ale,300ml,300,6.67,Winter Ale
Van Honsebrouck Kasteel Xtra,2.2,Belgium,3.28,Kasteel Brouwerij Vanhonsebrouck,4.5,Belgian Blonde,330ml,330,6.67,Belgian Blonde
IPA,2.2,Germany,3.56,Brauerei Gebr. Maisel,5.2,Pale Ale - American,330ml,330,6.67,Pale Ale
Martha Sexy Blond,2.2,Belgium,3.51,The Brew Society,8.0,Belgian Strong Golden Ale,330ml,330,6.67,Belgian Strong Golden Ale
Lammsbräu Radler,2.2,Germany,3.17,Neumarkter Lammsbräu,2.5,Shandy / Radler,330ml,330,6.67,Shandy / Radler
Cuvée Jerome,2.2,Belgium,3.41,Brewery De Meester,7.5,Belgian Blonde,330ml,330,6.67,Belgian Blonde
Karmeliet Tripel,2.2,Belgium,3.99,Brouwerij Bosteels,8.4,Belgian Tripel,Bottle 330ml,330,6.67,Belgian Tripel
Triple,2.2,Belgium,3.6,Brasserie Lupulus,8.5,Belgian Tripel,330ml,330,6.67,Belgian Tripel
Fruit&Kruid Blond,2.2,Netherlands,3.44,Brouwerij de Molen,6.2,Belgian Blonde,330ml,330,6.67,Belgian Blonde
Op&Top Pale Ale,2.2,Netherlands,3.42,Brouwerij de Molen,4.5,Pale Ale - American,330ml,330,6.67,Pale Ale
Ename Dubbel,2.2,Belgium,3.35,Brouwerij Roman,6.6,Belgian Dubbel,330ml,330,6.67,Belgian Dubbel
Berry White,2.2,Belgium,3.37,Bierfirma Ultima,5.5,Fruit Beer,330ml,330,6.67,Fruit Beer
St-Barbara Salvatoris,2.2,Belgium,3.58,Brouwerij Kompel,8.5,Belgian Strong Golden Ale,330ml,330,6.67,Belgian Strong Golden Ale
Bruin,2.2,Belgium,3.72,Bières de Chimay,7.0,Belgian Dubbel,330ml,330,6.67,Belgian Dubbel
Brewdog Hazy Jane,2.2,Scotland,3.67,BrewDog,5.0,IPA - New England / Hazy,Can 330ml,330,6.67,IPA
"Budels Radler 2,2%",2.0,Netherlands,2.76,Budelse Brouwerij,2.2,Shandy / Radler,300ml,300,6.67,Shandy / Radler
Cuvée Devillé,2.2,Belgium,3.59,Hallelujah Brewery,7.0,IPA - White / Wheat,330ml,330,6.67,IPA
SchuppenBoer Tripel,2.2,Belgium,3.53,Brouwerij Het Nest,8.0,Belgian Tripel,330ml,330,6.67,Belgian Tripel
St. Feuillien Tripel,2.2,Belgium,3.66,Brasserie St-Feuillien,8.5,Belgian Tripel,330ml,330,6.67,Belgian Tripel
Dubbel,2.2,Netherlands,3.63,Bierbrouwerij De Koningshoeven,7.0,Belgian Dubbel,330ml,330,6.67,Belgian Dubbel
Viven Chocolate Stout,2.94,Belgium,3.52,Beerdevelopment Viven,8.0,Stout - Other,Can 440ml,440,6.68,Stout
Embrasse,2.21,Belgium,3.69,Brouwerij De Dochter van de Korenaar,9.0,Belgian Strong Dark Ale,330ml,330,6.7,Belgian Strong Dark Ale
Franziskaner Royal,3.35,Germany,3.67,Spaten-Franziskaner-Löwenbräu-Gruppe,6.0,Wheat Beer - Dunkelweizen,500ml,500,6.7,Wheat Beer
Rotes Lager,2.95,Germany,3.6,FUERST WIACEK,5.0,Lager - Rotbier,Can 440ml,440,6.7,Lager
Cali Creamin' Orange Creamsicle,2.95,United States,3.86,Mother Earth Brewing Company,5.0,Cream Ale,Can 440ml,440,6.7,Cream Ale
Lagerbier,2.95,Sweden,3.35,Apex Brewing Company,5.6,Kellerbier / Zwickelbier,Can 440ml,440,6.7,Kellerbier / Zwickelbier
IPA,2.95,United States,3.75,Stone Brewing,6.9,IPA - American,Can 440ml,440,6.7,IPA
Chiemsee HopLa – Dry Hopped Lager,2.95,Germany,3.44,Camba Bavaria,5.4,Lager - IPL (India Pale Lager),Can 440ml,440,6.7,Lager
Devil's Fruit,2.39,Netherlands,3.42,Stadshaven Brouwerij,53.0,Wheat Beer - Hefeweizen,355ml,355,6.73,Wheat Beer
California IPA,2.39,United States,3.47,Sierra Nevada Brewing Co.,4.6,IPA - Session,355ml,355,6.73,IPA
Pils,2.22,Belgium,3.15,Brouwerij Kompel,4.1,Pilsner - Other,330ml,330,6.73,Pilsner
Hefeweizen,3.19,Netherlands,3.32,Trots Rotterdams Bier,5.4,Wheat Beer - Hefeweizen,473ml,473,6.74,Wheat Beer
The Garden Uvala,2.97,Croatia,3.54,The Garden Brewery,3.5,Sour - Other,Can 440ml,440,6.75,Sour
Original Dunkles Lager,2.23,Germany,3.34,Brauerei Lemke,5.4,Lager - Vienna,330ml,330,6.76,Lager
Jan De Lichte,3.2,Belgium,3.63,Brouwerij De Glazen Toren,7.0,Wheat Beer - Witbier / Blanche,473ml,473,6.77,Wheat Beer
Zeeuwse Bierselectie Zeeuws Schuumkopje,3.2,Netherlands,3.19,Versplus BV,4.7,Wheat Beer - Witbier / Blanche,473ml,473,6.77,Wheat Beer
N'ice,3.39,Belgium,3.66,Brasserie d'Achouffe,10.0,Winter Ale,500ml,500,6.78,Winter Ale
Weizen,3.39,Netherlands,3.3,Brother Beer,6.0,Wheat Beer - Hefeweizen,500ml,500,6.78,Wheat Beer
Glüh Weizen,2.24,Netherlands,3.22,Gebrouwen Door Vrouwen,6.3,Spiced / Herbed Beer,330ml,330,6.79,Spiced / Herbed Beer
Fuerst Wiacek She Wants More Red Ale (Batch 24),2.99,Germany,3.51,FUERST WIACEK,4.8,Red Ale - Other,Can 440ml,440,6.8,Red Ale
BrewDog Hazy Jane New England IPA,2.99,United States,3.69,Great Dane Pub & Brewing Company,6.0,IPA - New England / Hazy,Can 440ml,440,6.8,IPA
Franziskaner | Weissbier Naturtrüb | 5%,3.4,Germany,3.69,Spaten-Franziskaner-Löwenbräu-Gruppe,5.0,Wheat Beer - Hefeweizen,500ml,500,6.8,Wheat Beer
Amora Mist,3.4,Poland,3.69,Browar Dziki Wschód,5.0,IPA - New England / Hazy,Bottle 500ml,500,6.8,IPA
Grapefruit Supreme,2.99,United States,3.68,Surly Brewing Company,4.5,Sour - Fruited,Can 440ml,440,6.8,Sour
Pastel,3.4,Poland,3.65,Browar Kingpin,4.9,IPA - New England / Hazy,Can 500ml,500,6.8,IPA
Sourtime Mirabelka Limonka,3.4,Poland,3.65,Maryensztadt,5.0,Sour - Fruited,Bottle 500ml,500,6.8,Sour
Sauna Session ZERO Birch Ale,2.99,Estonia,2.84,Tanker Brewery,0.4,Non-Alcoholic - Other,Can 440ml,440,6.8,Non-Alcoholic
Fuerst Wiacek Rotes Lager,2.99,Germany,3.6,FUERST WIACEK,5.0,Lager - Rotbier,Can 440ml,440,6.8,Lager
Pijże,3.4,Poland,3.83,Browar Nepomucen/ Weźże Krafta,5.2,Pale Ale - New England / Hazy,Bottle 500ml,500,6.8,Pale Ale
It's Only Berliner Weisse,3.4,Poland,3.55,Magic Road,3.7,Sour - Berliner Weisse,Bottle 500ml,500,6.8,Sour
Kwas Jota,3.4,Poland,3.58,Browar PINTA,4.0,Sour - Fruited,Bottle 500ml,500,6.8,Sour
Jack Mangow,3.4,Poland,3.62,Moczybroda,7.0,IPA - Imperial / Double,Bottle 500ml,500,6.8,IPA
D'r Letste Koele,3.4,Belgium,3.91,Brouwerij Kompel,9.5,Belgian Strong Dark Ale,500ml,500,6.8,Belgian Strong Dark Ale
Maitre Corbeau,5.1,France,3.88,ZooBrew Brasserie Animale,10.6,Stout - Russian Imperial,Bottle 750ml,750,6.8,Stout
Tropical Sour #2,3.4,Poland,3.72,Piwne Podziemie,0.5,Non-Alcoholic - Sour,Bottle 500ml,500,6.8,Non-Alcoholic
Delirium Christmas,2.99,Belgium,3.76,Delirium - Huyghe Brewery,10.0,Winter Ale,Can 440ml,440,6.8,Winter Ale
Superdelic Session Sprau,3.4,Poland,3.57,ReCraft,4.5,IPA - New England / Hazy,Can 500ml,500,6.8,IPA
Brewdog Hazy Jane Dose,2.99,Scotland,3.67,BrewDog,5.0,IPA - New England / Hazy,Can 440ml,440,6.8,IPA
Mandarin,3.4,Poland,3.6,Browar Kingpin,7.3,IPA - American,Bottle 500ml,500,6.8,IPA
Now & Then,3.4,Poland,3.76,Maryensztadt,5.8,IPA - New England / Hazy,Bottle 500ml,500,6.8,IPA
Fuerst Wiacek Berliner Landbier,2.99,Germany,3.44,FUERST WIACEK/ Lost and Grounded Brewers,5.0,Lager - Helles,Can 440ml,440,6.8,Lager
Appel,1.7,Belgium,3.49,Brouwerij Lindemans,3.5,Lambic - Fruit,Bottle 250ml,250,6.8,Lambic
Vermont IPA,3.4,Poland,3.51,ReCraft,5.9,IPA - New England / Hazy,Bottle 500ml,500,6.8,IPA
Nelson Session Sprau,3.4,Poland,3.58,ReCraft,4.5,IPA - New England / Hazy,Can 500ml,500,6.8,IPA
Blanche de Namur Apple,1.7,Belgium,3.24,Brasserie du Bocq,3.4,Wheat Beer - Fruited,Bottle 250ml,250,6.8,Wheat Beer
Fuerst Wiacek Pilsner,2.99,Germany,3.53,FUERST WIACEK,5.0,Pilsner - German,Can 440ml,440,6.8,Pilsner
Misty,3.4,Poland,3.78,Trzech Kumpli,5.5,IPA - New England / Hazy,Bottle 500ml,500,6.8,IPA
Oude Lambiek - 2 Year Old,33.98,Belgium,3.68,Brouwerij Kestemont,6.0,Lambic - Traditional,5000ml,5000,6.8,Lambic
Engel Hefeweizen Dunkel,3.4,Germany,3.38,Biermanufaktur ENGEL,5.0,Wheat Beer - Dunkelweizen,500ml,500,6.8,Wheat Beer
Fuerst Wiacek Festbier,2.99,Germany,3.56,FUERST WIACEK,5.5,Festbier,Can 440ml,440,6.8,Festbier
Franziskaner | Weissbier Dunkel | 5%,3.4,Germany,3.59,Spaten-Franziskaner-Löwenbräu-Gruppe,5.0,Wheat Beer - Dunkelweizen,500ml,500,6.8,Wheat Beer
Ripper,3.4,Poland,3.8,Browar Kingpin,5.0,Pilsner - Other,Can 500ml,500,6.8,Pilsner
Nexus,3.4,Poland,3.58,Browar Dziki Wschód,5.5,IPA - Other,Bottle 500ml,500,6.8,IPA
Swiekes Black Out,2.25,Belgium,3.84,Bierfirma Swiekes,8.8,Belgian Strong Dark Ale,330ml,330,6.82,Belgian Strong Dark Ale
Bar & Bok Bock,2.25,Netherlands,3.45,Brouwerij de Molen,6.2,Bock - Single / Traditional,330ml,330,6.82,Bock
Jandrain-Jandrenouille III Gravity,2.25,Belgium,3.52,Brasserie de Jandrain-Jandrenouille,7.5,Belgian Strong Golden Ale,330ml,330,6.82,Belgian Strong Golden Ale
Jandrain-Jandrenouille V Cense,2.25,Belgium,3.53,Brasserie de Jandrain-Jandrenouille,7.0,Farmhouse Ale - Saison,330ml,330,6.82,Farmhouse Ale
Rattle & Rum,3.0,Scotland,3.69,BrewDog,7.4,Stout - English,Can 440ml,440,6.82,Stout
Mongy Triple,2.25,France,3.6,Brasserie Cambier,8.0,Belgian Tripel,330ml,330,6.82,Belgian Tripel
Metsän Henki,2.25,Finland,3.06,Fiskarsin Panimo,4.5,Gluten-Free,330ml,330,6.82,Gluten-Free
Dorée (Goud),2.25,Belgium,3.55,Bières de Chimay,4.8,Belgian Enkel / Patersbier,330ml,330,6.82,Belgian Enkel / Patersbier
Jandrain-Jandrenouille IV Saison,2.25,Belgium,3.64,Brasserie de Jandrain-Jandrenouille,6.5,Farmhouse Ale - Saison,Bottle 330ml,330,6.82,Farmhouse Ale
Gouden Carolus Ambrio,2.25,Belgium,3.55,Brouwerij Het Anker,8.0,Belgian Strong Dark Ale,330ml,330,6.82,Belgian Strong Dark Ale
Grasshopper,2.25,Finland,3.43,ETKO Brewing,6.0,Pale Ale - Other,330ml,330,6.82,Pale Ale
La Trappe Bockbier,2.25,Netherlands,3.52,Bierbrouwerij De Koningshoeven,7.0,Bock - Single / Traditional,330ml,330,6.82,Bock
Brugse Zot Blond,2.25,Belgium,3.67,Brouwerij De Halve Maan,6.0,Belgian Blonde,330ml,330,6.82,Belgian Blonde
Ghost,3.0,Scotland,3.56,Fierce Beer,0.5,Non-Alcoholic - Pale Ale,Can 440ml,440,6.82,Non-Alcoholic
Blond,2.25,Belgium,3.36,Stanneman,6.0,Belgian Blonde,330ml,330,6.82,Belgian Blonde
Dubbel Bruin Alcoholvrij,2.25,Belgium,3.54,Abbaye de Leffe,6.5,Brown Ale - Belgian,330ml,330,6.82,Brown Ale
Blanche de Namur Rosee – Witbier,2.25,Belgium,3.12,Brasserie du Bocq,3.4,Wheat Beer - Fruited,330ml,330,6.82,Wheat Beer
Octopus Blond 0.4,2.25,Netherlands,3.25,Stadshaven Brouwerij,6.0,Alcoholarm,330ml,330,6.82,Alcoholarm
Moray IPA 0.4,2.25,Netherlands,3.25,Stadshaven Brouwerij,0.4,Alcoholarm,330ml,330,6.82,Alcoholarm
Devil's Fruit,2.25,Netherlands,3.34,Stadshaven Brouwerij,3.8,Fruit Beer,330ml,330,6.82,Fruit Beer
De Molen Vuur & Vlam,2.25,Netherlands,3.58,Brouwerij de Molen,6.2,IPA - American,330ml,330,6.82,IPA
Rothaus Schwarzwald Zäpfle,2.25,Germany,3.48,Badische Staatsbrauerei Rothaus,5.1,Kellerbier / Zwickelbier,330ml,330,6.82,Kellerbier / Zwickelbier
Blauw,2.25,Belgium,3.9,Bières de Chimay,9.0,Belgian Strong Dark Ale,330ml,330,6.82,Belgian Strong Dark Ale
Mongy Session IPA,2.25,France,3.65,Brasserie Cambier,4.0,IPA - Session,330ml,330,6.82,IPA
Wit,2.25,Netherlands,2.94,Lowlander Beer,8.5,Non-Alcoholic - Wheat,330ml,330,6.82,Non-Alcoholic
Ypra,2.25,Belgium,3.47,Omer Vander Ghinste,6.0,Belgian Blonde,330ml,330,6.82,Belgian Blonde
Jandrain-Jandrenouille VI Wheat,2.25,Belgium,3.52,Brasserie de Jandrain-Jandrenouille,6.0,Wheat Beer - Witbier / Blanche,330ml,330,6.82,Wheat Beer
"Duvel 6,66",2.25,Belgium,3.61,Duvel Moortgat,6.66,Belgian Blonde,330ml,330,6.82,Belgian Blonde
Peres trappistes Rouge,2.25,Belgium,3.79,Bières de Chimay,7.0,Belgian Dubbel,330ml,330,6.82,Belgian Dubbel
Witkap Pater Special,2.25,Belgium,3.33,Brouwerij Slaghmuylder,5.5,Pale Ale - Belgian,330ml,330,6.82,Pale Ale
Barbe Noël,2.25,Belgium,3.42,Brouwerij Verhaeghe,7.2,Winter Ale,330ml,330,6.82,Winter Ale
Tempelier Strong Amber,2.25,Belgium,3.51,Brouwerij Corsendonk,7.5,Pale Ale - Belgian,330ml,330,6.82,Pale Ale
Soup IPA,3.0,Spain,3.94,Garage Beer Co.,6.0,IPA - New England / Hazy,Can 440ml,440,6.82,IPA
D'Achouffe La Chouffe,2.25,Belgium,3.82,Brasserie d'Achouffe,8.0,Belgian Strong Golden Ale,330ml,330,6.82,Belgian Strong Golden Ale
Swiekes Tripppel,2.25,Belgium,3.53,Bierfirma Swiekes,8.5,Belgian Tripel,330ml,330,6.82,Belgian Tripel
Rothaus Pils Tannen Zapfle,2.25,Germany,3.47,Badische Staatsbrauerei Rothaus,5.1,Pilsner - German,330ml,330,6.82,Pilsner
La Trappe Witte Trappist,2.25,Netherlands,3.6,Bierbrouwerij De Koningshoeven,5.5,Wheat Beer - Witbier / Blanche,330ml,330,6.82,Wheat Beer
Gauloise Blond,2.25,Belgium,3.4,Brasserie du Bocq,6.3,Belgian Blonde,330ml,330,6.82,Belgian Blonde
Pokerface,2.25,Belgium,3.37,Brouwerij Het Nest,5.5,Wheat Beer - Witbier / Blanche,330ml,330,6.82,Wheat Beer
Klophop Fresh Hop,2.25,Netherlands,3.34,vandeStreek bier,5.0,Lager - Pale,330ml,330,6.82,Lager
Wywar Born To Lose,5.12,Slovakia,3.5,Holíčsky pivovar Wywar,5.0,Red Ale - American Amber / Red,Bottle 750ml,750,6.83,Red Ale
Wywar Cascade APA,5.12,Slovakia,3.44,Holíčsky pivovar Wywar,5.2,Pale Ale - American,Bottle 750ml,750,6.83,Pale Ale
Grand Prestige,2.05,Netherlands,3.81,Hertog Jan,10.0,Barleywine - Other,Bottle 300ml,300,6.83,Barleywine
Oude Gueuze,5.12,Belgium,3.68,Brouwerij De Troch,5.5,Lambic - Gueuze,Bottle 750ml,750,6.83,Lambic
Dubbel,2.05,Belgium,3.45,Affligem Brouwerij,6.8,Belgian Dubbel,300ml,300,6.83,Belgian Dubbel
Wywar Porch Punker,5.13,Slovakia,3.52,Holíčsky pivovar Wywar,4.8,Pale Ale - American,Bottle 750ml,750,6.84,Pale Ale
Wywar Mad Blondie,5.13,Slovakia,3.5,Holíčsky pivovar Wywar,4.5,Blonde / Golden Ale - American,Bottle 750ml,750,6.84,Blonde / Golden Ale
Stárka,5.13,Czech Republic,3.61,Pivovar Mazák,5.0,Lager - Světlé (Czech Pale),Bottle 750ml,750,6.84,Lager
NEPA DDH El DOrado / Simcoe / Mosaic,5.13,France,3.82,Popihn,5.5,Pale Ale - New England / Hazy,Bottle 750ml,750,6.84,Pale Ale
Session IPA,2.26,Sweden,3.48,Poppels Bryggeri,4.2,IPA - Session,330ml,330,6.85,IPA
Lush,3.43,United States,3.89,Fremont Brewing,7.0,IPA - American,500ml,500,6.86,IPA
Deugniet Strong Golden Ale,5.15,Belgium,3.53,Brasserie du Bocq,7.5,Belgian Strong Golden Ale,Bottle 750ml,750,6.87,Belgian Strong Golden Ale
Free Cloudy,3.45,Poland,3.48,Funky Fluid,0.5,Non-Alcoholic - IPA,500ml,500,6.9,Non-Alcoholic
Kompaan Sticky Fingers,3.45,Netherlands,3.42,KOMPAAN Dutch Craft Beer Company,7.0,Bock - Single / Traditional,500ml,500,6.9,Bock
Pohjala Must Kuld Porter,3.45,Estonia,3.76,Põhjala,7.8,Porter - Other,500ml,500,6.9,Porter
Engel Bock Hell,3.45,Germany,3.33,Biermanufaktur ENGEL,7.2,Bock - Single / Traditional,500ml,500,6.9,Bock
Tjiftjaf,2.28,Netherlands,3.44,Butcher’s Tears,5.2,Pale Ale - Other,330ml,330,6.91,Pale Ale
Colaweizen,2.28,Hungary,3.15,MONYO Brewing Co.,2.7,Wheat Beer - Other,330ml,330,6.91,Wheat Beer
Jule Malt - 2022,4.5,Denmark,3.74,To Øl,13.0,Stout - Imperial / Double Milk,Bottle 650ml,650,6.92,Stout
Wędzony Porter Bałtycki - keg,138.5,Poland,4.01,Trzech Kumpli,10.1,Porter - Smoked,20000ml,20000,6.92,Porter
Pinta Modern Drinking,3.46,Poland,3.66,Browar PINTA,6.5,IPA - American,500ml,500,6.92,IPA
Zichovec Vánočka,5.2,Czech Republic,3.66,Rodinný Pivovar Zichovec,5.5,IPA - Session,Bottle 750ml,750,6.93,IPA
Draught 0.0 Alcohol Free Stout,3.05,Ireland,3.2,Guinness,4.8,Non-Alcoholic - Porter / Stout,Can 440ml,440,6.93,Non-Alcoholic
Galway Bay Bay Ale,3.05,United States,3.39,Dick's Brewing Company,5.2,Red Ale - Irish,Can 440ml,440,6.93,Red Ale
PURE Holunder-Ingwer,2.29,Germany,3.1,Riedenburger Brauhaus,0.5,Non-Alcoholic - Shandy / Radler,330ml,330,6.94,Non-Alcoholic
Giesinger Punk IPA,2.29,Germany,3.66,Giesinger Bräu,5.7,IPA - American,330ml,330,6.94,IPA
Helles,2.29,Germany,3.32,Herr Schmidt,5.0,Lager - Helles,330ml,330,6.94,Lager
BIO Natur Radler,2.29,Germany,3.44,Finne Brauerei,5.2,Wheat Beer - Hefeweizen,330ml,330,6.94,Wheat Beer
Great White,2.29,Netherlands,3.37,Stadshaven Brouwerij,5.3,Wheat Beer - Other,330ml,330,6.94,Wheat Beer
Hell BIO,2.29,Germany,3.47,Klosterbrauerei Furth,5.0,Lager - Helles,330ml,330,6.94,Lager
vandeStreek Zonnesteek,2.29,Netherlands,3.35,vandeStreek bier,6.0,Bock - Hell / Maibock / Lentebock,330ml,330,6.94,Bock
Festbier Märzen,2.29,Germany,3.33,Herr Schmidt,5.5,Bock - Hell / Maibock / Lentebock,330ml,330,6.94,Bock
PURE Kirsche-Aronia,2.29,Germany,3.24,Riedenburger Brauhaus,13.0,Non-Alcoholic - Other,330ml,330,6.94,Non-Alcoholic
Hop Head IPA7,2.29,Germany,3.42,Craftwerk Brewing,8.0,IPA - American,330ml,330,6.94,IPA
Holy Cowl,2.29,Germany,3.31,Craftwerk Brewing,9.0,Belgian Tripel,330ml,330,6.94,Belgian Tripel
Hoppy Pilsener,2.29,Germany,3.55,Ratsherrn Brauerei,4.9,Pilsner - Other,330ml,330,6.94,Pilsner
Weihenstephaner Braupakt Blonde Ale,2.29,Germany,3.65,Bayerische Staatsbrauerei Weihenstephan,6.5,Blonde / Golden Ale - Other,330ml,330,6.94,Blonde / Golden Ale
Hopfenspiel,2.29,Austria,3.2,Trumer Privatbrauerei,2.9,Pilsner - Other,330ml,330,6.94,Pilsner
tanzt Tango,2.29,Germany,3.17,Herr Schmidt,3.0,Shandy / Radler,330ml,330,6.94,Shandy / Radler
Ohne Filter Alkoholfrei,2.29,Germany,2.83,Privatbrauerei Waldhaus,0.5,Non-Alcoholic - Other,330ml,330,6.94,Non-Alcoholic
Pils,2.29,Germany,3.31,Herr Schmidt,5.8,Märzen,330ml,330,6.94,Märzen
Winter Cider,2.29,Germany,3.47,BRLO,4.5,Cider - Herbed / Spiced / Hopped,330ml,330,6.94,Cider
Brewdog Punk IPA,2.29,Scotland,3.71,BrewDog,5.2,IPA - American,330ml,330,6.94,IPA
Welde Pale Ale,2.29,Germany,3.37,Welde Braumanufaktur,4.8,Pale Ale - American,330ml,330,6.94,Pale Ale
Octopus Blond,2.29,Netherlands,3.37,Stadshaven Brouwerij,6.0,Blonde / Golden Ale - Other,330ml,330,6.94,Blonde / Golden Ale
Moray IPA (Blik),2.29,Netherlands,3.42,Stadshaven Brouwerij,53.0,Wheat Beer - Hefeweizen,330ml,330,6.94,Wheat Beer
Hell,2.29,Germany,3.34,Privatbrauerei Waldhaus,4.6,Lager - Helles,330ml,330,6.94,Lager
"Corona Cero 0,0",2.29,Mexico,2.69,Grupo Modelo,5.1,Non-Alcoholic - Lager,330ml,330,6.94,Non-Alcoholic
Dinkelmalz Alkoholfrei BIO,2.29,Germany,2.99,Riedenburger Brauhaus,6.5,Malt Beer,330ml,330,6.94,Malt Beer
Bio Helles,2.29,Germany,3.41,Finne Brauerei,4.9,Lager - Helles,330ml,330,6.94,Lager
Pils,2.29,Austria,3.32,Trumer Privatbrauerei,4.9,Pilsner - German,330ml,330,6.94,Pilsner
Puur,2.29,Netherlands,3.33,Bierbrouwerij De Koningshoeven,4.5,Pale Ale - Belgian,330ml,330,6.94,Pale Ale
Malz,2.29,Germany,3.23,Ratsherrn Brauerei,8.5,Malt Beer,330ml,330,6.94,Malt Beer
Maisel & Friends Alkoholfrei,2.29,Germany,3.43,Brauerei Gebr. Maisel,0.5,Non-Alcoholic - IPA,330ml,330,6.94,Non-Alcoholic
Oktoberfest,2.29,Scotland,3.32,BrewDog,4.7,Festbier,330ml,330,6.94,Festbier
BrewDog Wingman Pale Ale,2.29,Canada,3.58,Ace Brewing Company,5.5,Pale Ale - American,330ml,330,6.94,Pale Ale
Pale Ale,2.29,Germany,3.39,Ratsherrn Brauerei,5.6,Pale Ale - American,330ml,330,6.94,Pale Ale
Oat White IPA,2.29,Germany,3.5,Ratsherrn Brauerei,6.5,IPA - White / Wheat,330ml,330,6.94,IPA
Bio Pils,2.29,Germany,3.32,Finne Brauerei,5.1,Pilsner - German,330ml,330,6.94,Pilsner
BRLO Splash Grapefruit Radler,2.29,United States,3.6,Conquest Brewing Company,5.3,Pale Ale - American,330ml,330,6.94,Pale Ale
Maisel & Friends alkoholfrei Pale Ale,2.29,Germany,3.43,Brauerei Gebr. Maisel,0.5,Non-Alcoholic - IPA,330ml,330,6.94,Non-Alcoholic
Brisk,3.47,Poland,3.79,Funky Fluid,6.0,IPA - Cold,Can 500ml,500,6.94,IPA
Cabron Mexican Lager,2.29,Germany,3.04,Landgang Brauerei,4.7,Lager - Mexican,330ml,330,6.94,Lager
Hopfenstopfer Comet IPA,2.29,Germany,3.53,Häffner Bräu - Hopfenstopfer,6.8,IPA - American,330ml,330,6.94,IPA
Abbaye des Rocs Blonde,2.29,Belgium,3.29,Brasserie de l'Abbaye des Rocs,6.5,Belgian Tripel,330ml,330,6.94,Belgian Tripel
Wingman Pale Ale,2.29,Scotland,3.37,BrewDog,4.2,Pale Ale - American,330ml,330,6.94,Pale Ale
Bio Alkoholfrei Beach Brew,2.29,Germany,3.44,Finne Brauerei,5.2,Wheat Beer - Hefeweizen,330ml,330,6.94,Wheat Beer
IPA,2.29,Germany,3.2,Ratsherrn Brauerei,4.9,Pilsner - German,330ml,330,6.94,Pilsner
Hazy Jane AF Alcohol Free NEIPA,2.3,Scotland,3.06,BrewDog,0.5,Non-Alcoholic - IPA,Can 330ml,330,6.97,Non-Alcoholic
Draught Stout,2.3,Ireland,3.77,Guinness,4.2,Stout - Irish Dry,Can 330ml,330,6.97,Stout
Pauwel Kwak Amber,2.3,Belgium,3.76,Brouwerij Bosteels,8.4,Pale Ale - Belgian,330ml,330,6.97,Pale Ale
Blond Alcoholvrij,2.3,Netherlands,3.53,Van Zoolingen,7.0,Belgian Blonde,330ml,330,6.97,Belgian Blonde
Triporteur From Hell,2.3,Belgium,3.41,BOMBrewery,6.6,Brown Ale - Belgian,330ml,330,6.97,Brown Ale
No Worries,2.3,Norway,3.19,LERVIG,0.5,Non-Alcoholic - IPA,Can 330ml,330,6.97,Non-Alcoholic
23303 Tripel,2.3,Belgium,3.75,Brouwerij St.Bernardus,8.0,Belgian Tripel,330ml,330,6.97,Belgian Tripel
Triporteur Nipple,2.3,Belgium,3.5,BOMBrewery,8.5,Belgian Tripel,330ml,330,6.97,Belgian Tripel
Blond,2.3,Belgium,3.52,Abbaye de Maredsous,6.0,Belgian Blonde,330ml,330,6.97,Belgian Blonde
Gageleer,2.3,Belgium,3.5,Beers For Nature,7.5,Spiced / Herbed Beer,330ml,330,6.97,Spiced / Herbed Beer
Prion des Fleurs,2.3,Belgium,3.47,Brouwerij Kompel,8.0,Honey Beer,330ml,330,6.97,Honey Beer
Tongerlo Nox Bruin,2.3,Belgium,3.44,Brouwerij Haacht Brasserie,6.5,Belgian Dubbel,330ml,330,6.97,Belgian Dubbel
Duvel Tripel Hop,2.3,Belgium,3.68,Duvel Moortgat,9.5,IPA - Belgian,330ml,330,6.97,IPA
Rik & Raf,2.3,Belgium,3.6,BramBrass,8.5,Belgian Tripel,330ml,330,6.97,Belgian Tripel
Force Majeure Tripel,2.3,Belgium,3.46,Brouwerij De Ryck,6.5,Spiced / Herbed Beer,330ml,330,6.97,Spiced / Herbed Beer
L'Or Noir Tripel,2.3,Belgium,3.6,Brouwerij Kompel,8.2,Belgian Tripel,330ml,330,6.97,Belgian Tripel
Achel Tripel,2.3,Belgium,3.67,Brouwerij der Sint-Benedictusabdij De Achelse Kluis,8.0,Belgian Tripel,330ml,330,6.97,Belgian Tripel
Winter Bie,2.3,Belgium,3.34,Brouwerij De Bie,8.0,Winter Warmer,330ml,330,6.97,Winter Warmer
La Cambre Blond,2.3,Belgium,3.37,Brouwerij Het Anker,6.3,Belgian Blonde,330ml,330,6.97,Belgian Blonde
De Poes,2.3,Netherlands,3.14,Brouwerij de Molen/ Hofje van Wijs,8.0,IPA - American,330ml,330,6.97,IPA
Bast,2.3,Belgium,3.31,Hopscheppers,5.8,Belgian Blonde,330ml,330,6.97,Belgian Blonde
Pikantus Weizenbock,2.3,Germany,3.58,Erdinger Weissbräu,7.3,Bock - Weizenbock,330ml,330,6.97,Bock
Gouden Carolus Classic,2.3,Belgium,3.73,Brouwerij Het Anker,8.5,Belgian Strong Dark Ale,330ml,330,6.97,Belgian Strong Dark Ale
L'or Noir,2.3,Belgium,3.6,Brouwerij Kompel,8.2,Belgian Tripel,330ml,330,6.97,Belgian Tripel
Pittiplatsch Fassbrause,2.3,Germany,3.19,BRLO,5.5,Non-Alcoholic Beer - Other,330ml,330,6.97,Non-Alcoholic Beer
Gulden Draak Classic,2.3,Belgium,3.73,Brouwerij Van Steenberge,12.0,Stout - Imperial / Double,Bottle 330ml,330,6.97,Stout
Kasteel Donker,2.3,Belgium,3.64,Kasteel Brouwerij Vanhonsebrouck,11.0,Belgian Quadrupel,330ml,330,6.97,Belgian Quadrupel
Gentse Strop,2.3,Belgium,3.46,Brouwerij Roman,6.9,Belgian Blonde,330ml,330,6.97,Belgian Blonde
Cuvee Clarisse,2.3,Belgium,3.6,Brouwerij Wilderen,9.2,Belgian Strong Dark Ale,330ml,330,6.97,Belgian Strong Dark Ale
Achel Dubbel,2.3,Belgium,3.67,Brouwerij der Sint-Benedictusabdij De Achelse Kluis,8.0,Belgian Dubbel,330ml,330,6.97,Belgian Dubbel
Cuvée Devillé,2.3,Belgium,3.32,Den Herberg,6.2,Brett Beer,330ml,330,6.97,Brett Beer
Happy Pils,2.3,Germany,3.36,BRLO,4.9,Pilsner - Other,330ml,330,6.97,Pilsner
La Cambre IPA,2.3,Belgium,3.31,Brouwerij Het Anker,4.9,IPA - Belgian,330ml,330,6.97,IPA
Tripel Plukker,2.3,Belgium,3.49,Terrest Brewery,7.5,Belgian Tripel,330ml,330,6.97,Belgian Tripel
1758 IPA,2.3,Belgium,3.49,Brouwerij Martens,6.5,IPA - Belgian,330ml,330,6.97,IPA
Tripel,2.3,Belgium,3.51,Brouwerij Broeder Jacob,7.5,Belgian Tripel,330ml,330,6.97,Belgian Tripel
Buckwheat White Gluten Free BIO,2.3,Belgium,3.13,Mongozo,4.8,Gluten-Free,330ml,330,6.97,Gluten-Free
Bolleke Pale Ale,2.3,Belgium,3.34,Brouwerij De Koninck,5.2,Pale Ale - Belgian,330ml,330,6.97,Pale Ale
Westmalle Trappist Dubbel,2.3,Belgium,3.69,Brouwerij der Trappisten van Westmalle,7.0,Belgian Dubbel,330ml,330,6.97,Belgian Dubbel
Vleteren Alt,2.3,Belgium,3.49,Deca Brouwerij,8.0,Belgian Dubbel,330ml,330,6.97,Belgian Dubbel
Rubbens Blond,2.3,Belgium,3.32,Stokerij Brouwerij Rubbens,6.0,Belgian Blonde,330ml,330,6.97,Belgian Blonde
Slijkvisser Donker,2.3,Belgium,3.3,Brouwerij Vandijck,7.3,Belgian Dubbel,330ml,330,6.97,Belgian Dubbel
Vlaamsche Leeuw Tripel,2.3,Belgium,3.5,De Brouwerij van Vlaanderen,8.5,Belgian Tripel,330ml,330,6.97,Belgian Tripel
Slijkvisser Amber,2.3,Belgium,3.47,Brouwerij Vandijck,8.7,Belgian Tripel,330ml,330,6.97,Belgian Tripel
Gardiaan,2.3,Belgium,3.45,Brouwerij Het Nest,5.8,Belgian Blonde,330ml,330,6.97,Belgian Blonde
23390 Classic,2.3,Belgium,3.73,Brouwerij Het Anker,8.5,Belgian Strong Dark Ale,330ml,330,6.97,Belgian Strong Dark Ale
Brewdog Hazy Jane Guava,2.3,Scotland,3.71,BrewDog,5.0,IPA - Milkshake,330ml,330,6.97,IPA
SUPER 8 Rouge 0.0,2.3,Belgium,3.19,Brouwerij Haacht Brasserie,14.0,Non-Alcoholic - Other,330ml,330,6.97,Non-Alcoholic
Ambrée,2.3,France,3.41,Brasserie Goudale - Les Brasseurs de Gayant,7.2,Farmhouse Ale - Bière de Garde,330ml,330,6.97,Farmhouse Ale
Tripel Hop,2.3,Belgium,2.93,Force Majeure,0.4,Non-Alcoholic - Other,330ml,330,6.97,Non-Alcoholic
Vicaris Nano,2.3,Belgium,3.27,Brouwerij Dilewyns,0.3,Non-Alcoholic - Other,330ml,330,6.97,Non-Alcoholic
Blonde,2.3,France,3.44,Brasserie Goudale - Les Brasseurs de Gayant,7.2,Farmhouse Ale - Bière de Garde,330ml,330,6.97,Farmhouse Ale
Kriek,2.3,Belgium,3.41,Brouwerij Wilderen,3.5,Fruit Beer,330ml,330,6.97,Fruit Beer
Kerst Pater,2.3,Belgium,3.42,Brouwerij Van Den Bossche,9.0,Winter Ale,330ml,330,6.97,Winter Ale
Dragora,2.3,Belgium,3.59,Enigma,7.0,Blonde / Golden Ale - Other,330ml,330,6.97,Blonde / Golden Ale
Golden Witch,2.3,Belgium,3.77,BramBrass,6.0,Belgian Blonde,330ml,330,6.97,Belgian Blonde
Golden Tripel,2.3,Belgium,3.44,Terrest Brewery,8.0,Belgian Tripel,330ml,330,6.97,Belgian Tripel
Witte,2.3,Netherlands,3.6,Bierbrouwerij De Koningshoeven,5.5,Wheat Beer - Witbier / Blanche,330ml,330,6.97,Wheat Beer
Moeder Overste Tripel,2.3,Belgium,3.48,Brasserie Lefebvre,8.0,Belgian Tripel,330ml,330,6.97,Belgian Tripel
La Goudale Blonde a l'Ancienne,2.3,France,3.44,Brasserie Goudale - Les Brasseurs de Gayant,7.2,Farmhouse Ale - Bière de Garde,330ml,330,6.97,Farmhouse Ale
Rothaus Pils Tannen Zäpfle,2.3,Germany,3.47,Badische Staatsbrauerei Rothaus,5.1,Pilsner - German,330ml,330,6.97,Pilsner
Dul Meesterke,2.3,Belgium,3.47,Brewery De Meester,8.5,Belgian Strong Golden Ale,330ml,330,6.97,Belgian Strong Golden Ale
Meestereske Tripel,2.3,Belgium,3.43,Brewery De Meester,9.5,Belgian Tripel,330ml,330,6.97,Belgian Tripel
Goedendag Sterk Blond,2.3,Belgium,3.49,Brouwerij Toye,8.0,Belgian Strong Golden Ale,330ml,330,6.97,Belgian Strong Golden Ale
Snakebite,2.3,Belgium,3.21,Brouwerij Het Nest,7.9,Cider - Graff,330ml,330,6.97,Cider
Porter,2.3,Spain,3.44,Cervesa Espiga,5.0,Porter - English,330ml,330,6.97,Porter
Hobos Lager,2.3,Belgium,3.4,Microbrouwerij Mølder & Coöp.,5.5,Lager - American,330ml,330,6.97,Lager
Extra Patersbier Blond,2.3,Belgium,3.46,Brouwerij der Trappisten van Westmalle,4.8,Belgian Enkel / Patersbier,330ml,330,6.97,Belgian Enkel / Patersbier
Balthazar Vintage Recipe Serie,2.3,Belgium,3.55,Brouwerij Alvinne,9.0,Winter Ale,330ml,330,6.97,Winter Ale
Trixy Tripel,2.3,Belgium,2.92,Trixy Tripel,0.3,Non-Alcoholic - Other,330ml,330,6.97,Non-Alcoholic
Piraat Strong Golden Ale,2.3,Belgium,3.6,Brouwerij Van Steenberge,10.5,Belgian Strong Golden Ale,330ml,330,6.97,Belgian Strong Golden Ale
Saison Dupont Biologique,2.3,Belgium,3.61,Brasserie Dupont,7.5,Farmhouse Ale - Saison,330ml,330,6.97,Farmhouse Ale
Brewdog Punk AF Alcoholvrij,2.3,Scotland,2.88,BrewDog,0.5,Non-Alcoholic - IPA,Can 330ml,330,6.97,Non-Alcoholic
Gardiaan Blond,2.3,Belgium,3.45,Brouwerij Het Nest,5.8,Belgian Blonde,330ml,330,6.97,Belgian Blonde
Kriek,2.3,Belgium,3.13,Force Majeure,0.4,Non-Alcoholic - Other,330ml,330,6.97,Non-Alcoholic
Weiherer/Fat Head's Grischbeerla Session IPA,3.49,Germany,3.62,Brauerei Kundmüller,4.5,IPA - Session,500ml,500,6.98,IPA
Pils,3.49,Germany,3.48,Mahr's Bräu,4.9,Pilsner - German,500ml,500,6.98,Pilsner
Hertl Schwiegervater's Stolz Rauchbier,3.49,Germany,3.28,Braumanufaktur Hertl,4.9,Rauchbier,500ml,500,6.98,Rauchbier
Helles,3.49,Germany,3.52,Mahr's Bräu,4.9,Lager - Helles,500ml,500,6.98,Lager
Uitmuntend,3.3,Netherlands,3.14,Baardaap Brewing,6.5,Pale Ale - American,473ml,473,6.98,Pale Ale
Superfreunde Hell,3.49,Germany,3.49,SUPERFREUNDE/ Welde Braumanufaktur,5.2,Lager - Helles,500ml,500,6.98,Lager
Helles Schlenkerla Lagerbier,3.49,Germany,3.48,"Schlenkerla (""Heller-Bräu"" Trum)",4.3,Lager - Helles,500ml,500,6.98,Lager
Hertl Oma's Betthupferl Bockbier,3.49,Germany,3.33,Braumanufaktur Hertl,6.5,Bock - Single / Traditional,500ml,500,6.98,Bock
Hertl Schwiegermutter's Rache Alkoholfreies Weizen,3.49,Germany,3.12,Braumanufaktur Hertl,0.5,Non-Alcoholic - Wheat,500ml,500,6.98,Non-Alcoholic
E.T.A. Hoffmann,3.49,Germany,3.51,Mahr's Bräu,5.0,Lager - Munich Dunkel,500ml,500,6.98,Lager
Himbeere Gose,5.24,Czech Republic,3.57,Pivovar Rotor,5.4,Sour - Fruited Gose,Bottle 750ml,750,6.99,Sour
Dáreček 2024,5.24,Czech Republic,3.63,Pivovar Mazák,5.0,Pale Ale - Other,Bottle 750ml,750,6.99,Pale Ale
SPEEDWAY Sparta Wrocław Pale Ale,3.5,Poland,3.63,Browar Stu Mostów,5.1,Pale Ale - American,Bottle 500ml,500,7.0,Pale Ale
Exotica,3.5,Poland,3.69,Piwne Podziemie,5.0,IPA - Session,Can 500ml,500,7.0,IPA
White Wedding,3.5,Netherlands,3.38,POPHOP,5.0,Wheat Beer - Witbier / Blanche,500ml,500,7.0,Wheat Beer
Jubiläumsbier- 10 Jahre  Bierothek® Bamberg,3.5,Germany,3.45,Braumanufaktur Hertl,4.8,Kellerbier / Zwickelbier,500ml,500,7.0,Kellerbier / Zwickelbier
Golden Champion,3.5,England,3.45,Badger Beers (Hall & Woodhouse),4.5,Blonde / Golden Ale - English,500ml,500,7.0,Blonde / Golden Ale
Stille Nacht 2022,5.25,Belgium,4.22,Brouwerij De Dolle Brouwers,12.0,Belgian Strong Golden Ale,Bottle 750ml,750,7.0,Belgian Strong Golden Ale
Stópka 2.0,3.5,Poland,3.85,Ziemia Obiecana,6.5,IPA - American,Can 500ml,500,7.0,IPA
Sourtime Mango IIPA,3.5,Poland,3.66,Maryensztadt,8.5,IPA - Sour,Bottle 500ml,500,7.0,IPA
Tender,3.5,Poland,3.4,Browar Kingpin,5.2,IPA - New England / Hazy,Can 500ml,500,7.0,IPA
Elektryczna Pomarańcza,3.5,Poland,3.51,Browar Dziki Wschód,7.5,Belgian Strong Golden Ale,Can 500ml,500,7.0,Belgian Strong Golden Ale
Good Day!,3.5,Poland,3.55,Raduga,5.8,IPA - Other,Can 500ml,500,7.0,IPA
Double Delivery,3.5,Poland,3.8,Browar PINTA,8.0,IPA - Imperial / Double New England / Hazy,Bottle 500ml,500,7.0,IPA
Avant Garde,3.5,Poland,3.74,Piwne Podziemie,4.8,Sour - Fruited Gose,Can 500ml,500,7.0,Sour
Morland Old Speckled Hen,3.5,England,3.37,Greene King,5.0,Pale Ale - English,500ml,500,7.0,Pale Ale
Mahr's Brau U Ungespundet Naturtrüb,3.5,Germany,3.58,Mahr's Bräu,5.2,Kellerbier / Zwickelbier,500ml,500,7.0,Kellerbier / Zwickelbier
Mahr's Brau E.T.A. Hoffmann,3.5,Germany,3.51,Mahr's Bräu,5.0,Lager - Munich Dunkel,500ml,500,7.0,Lager
Mahr's Brau Helles,3.5,Germany,3.52,Mahr's Bräu,5.0,Lager - Helles,500ml,500,7.0,Lager
Hof Ten Dormaal Lauwendries Saison,2.31,Belgium,3.35,Brouwerij Hof ten Dormaal,5.8,Farmhouse Ale - Saison,330ml,330,7.0,Farmhouse Ale
Freefall,3.5,Poland,3.4,Magic Road,4.5,Non-Alcoholic - IPA,Bottle 500ml,500,7.0,Non-Alcoholic
Engel Weihnachtsbier,3.5,Germany,3.24,Biermanufaktur ENGEL,5.5,Lager - Winter,500ml,500,7.0,Lager
Mahr's Brau Pils,3.5,Germany,3.48,Mahr's Bräu,4.9,Pilsner - German,500ml,500,7.0,Pilsner
Zeby Nie Bylo Niczego,3.5,Poland,3.21,Browar Artezan,0.5,Non-Alcoholic - IPA,500ml,500,7.0,Non-Alcoholic
Highway,3.5,Poland,3.81,Browar Nepomucen,5.9,IPA - New England / Hazy,Can 500ml,500,7.0,IPA
OS-wALT,3.5,Germany,3.39,Brauerei Kundmüller,5.2,Altbier - Traditional,500ml,500,7.0,Altbier
Budels Goudblond,2.1,Netherlands,3.16,Budelse Brouwerij,6.0,Blonde / Golden Ale - Other,300ml,300,7.0,Blonde / Golden Ale
Budels Honing,2.1,Netherlands,3.15,Budelse Brouwerij,4.5,Honey Beer,300ml,300,7.0,Honey Beer
Malý Lezák 8,3.5,Czech Republic,3.56,Rodinný Pivovar Zichovec,3.1,Lager - Světlé (Czech Pale),500ml,500,7.0,Lager
Custom Sneakers,3.5,Poland,3.87,Maltgarden,6.0,IPA - New England / Hazy,500ml,500,7.0,IPA
Bez,3.5,Poland,3.8,Browar Cztery Ściany,0.5,Non-Alcoholic - IPA,Can 500ml,500,7.0,Non-Alcoholic
Hipster Lips,3.5,Poland,3.61,Piwne Podziemie,4.8,Sour - Fruited Gose,Can 500ml,500,7.0,Sour
Wielki Śląsk Lager,3.5,Poland,3.4,WRCLW,4.2,Lager - Helles,Bottle 500ml,500,7.0,Lager
Winter 2021,5.25,Romania,3.71,Oriel Beer,9.5,Belgian Strong Dark Ale,Bottle 750ml,750,7.0,Belgian Strong Dark Ale
Dead Guy Pale Ale,2.49,United States,3.69,Rogue Ales,5.5,Pale Ale - American,355ml,355,7.01,Pale Ale
ŽiWell APAč,5.26,Slovakia,3.48,Piešťanský pivovar ŽiWELL,5.4,Pale Ale - American,Bottle 750ml,750,7.01,Pale Ale
Saving Daylight Citrus Wheat,2.49,United States,3.47,The Virginia Beer Company,4.9,Wheat Beer - American Pale Wheat,355ml,355,7.01,Wheat Beer
Vánoční Světlý Ležák,5.27,Czech Republic,3.52,Pivovar Mazák,5.5,Lager - Winter,Bottle 750ml,750,7.03,Lager
Crime Passionel,2.32,Belgium,3.64,Brouwerij De Dochter van de Korenaar,7.5,IPA - White / Wheat,330ml,330,7.03,IPA
Neverending Haze IPA,2.5,United States,3.59,Stone Brewing,4.0,IPA - Session,355ml,355,7.04,IPA
Buenaveza,2.5,United States,3.4,Stone Brewing,4.7,Lager - Mexican,355ml,355,7.04,Lager
"HOLY FAITH // HAZY PALE ALE - 0,5%25 - Alcoholvrij",3.1,England,3.07,Northern Monk,0.5,Non-Alcoholic - Pale Ale,Can 440ml,440,7.05,Non-Alcoholic
Klr,3.1,Romania,3.54,Bereta Brewing Co.,5.4,Kellerbier / Zwickelbier,Can 440ml,440,7.05,Kellerbier / Zwickelbier
Punk IPA,3.1,Scotland,3.71,BrewDog,5.4,IPA - American,Can 440ml,440,7.05,IPA
Irish Stout Nitro,3.1,Ireland,3.46,O'Hara's Brewery,4.3,Stout - Irish Dry,Can 440ml,440,7.05,Stout
Irish Red Nitro,3.1,Ireland,3.4,O'Hara's Brewery,4.3,Red Ale - Irish,Can 440ml,440,7.05,Red Ale
Lucky Saint - Unfiltered Lager,3.1,Germany,2.92,Lucky Saint,0.5,Non-Alcoholic - Lager,Can 440ml,440,7.05,Non-Alcoholic
Helles,2.33,Germany,3.35,Landgang Brauerei,4.9,Lager - Helles,330ml,330,7.06,Lager
Florida Weisse Mangue /...,5.3,France,3.87,Popihn,5.5,Sour - Fruited Berliner Weisse,Bottle 750ml,750,7.07,Sour
Phi Smoked Pineapple,5.3,Belgium,3.65,Brouwerij Alvinne,8.0,Sour - Fruited,Bottle 750ml,750,7.07,Sour
Mustáž,2.34,Slovakia,3.3,Padre Craft Brews/ Pivovar Kaltenecker,5.5,Wheat Beer - American Pale Wheat,330ml,330,7.09,Wheat Beer
NEIPA Talus - keykeg,212.8,Czech Republic,3.92,Rodinný Pivovar Zichovec,7.5,IPA - New England / Hazy,30000ml,30000,7.09,IPA
Helles 50,3.13,Hungary,3.41,Mad Scientist,4.1,Lager - Helles,Can 440ml,440,7.11,Lager
Bink Blond,2.35,Belgium,3.28,Brouwerij Kerkom,5.5,Belgian Blonde,330ml,330,7.12,Belgian Blonde
Stereo Tropical Pale Ale,2.35,Netherlands,3.36,Bruut Bier,4.6,Pale Ale - Belgian,330ml,330,7.12,Pale Ale
Oesterstout,2.35,Belgium,3.49,Scheldebrouwerij,8.5,Stout - Oyster,330ml,330,7.12,Stout
Van Eecke Poperings Hommelbier,2.35,Belgium,3.45,Leroy Breweries,7.5,Belgian Strong Golden Ale,330ml,330,7.12,Belgian Strong Golden Ale
Ypra,2.35,Belgium,3.45,Brouwerij Vermeulen,6.0,Pale Ale - Belgian,330ml,330,7.12,Pale Ale
Wipers Times Blond (14),2.35,Belgium,3.52,Brouwerij Kazematten,6.2,Belgian Blonde,330ml,330,7.12,Belgian Blonde
Nonkel Pater,2.35,Belgium,3.54,Antwerpse Brouw Compagnie,9.0,Belgian Quadrupel,330ml,330,7.12,Belgian Quadrupel
Blond 6,2.35,Belgium,3.5,Abbaye de Maredsous,6.0,Belgian Blonde,330ml,330,7.12,Belgian Blonde
Rochefort 8,2.35,Belgium,3.85,Abbaye Notre-Dame de Saint-Rémy,9.2,Belgian Strong Dark Ale,330ml,330,7.12,Belgian Strong Dark Ale
Chouffe Free,2.35,Belgium,2.74,Brasserie d'Achouffe,0.4,Non-Alcoholic - Other,330ml,330,7.12,Non-Alcoholic
Gulden Draak Classic,2.35,Belgium,3.77,Brouwerij Van Steenberge,10.5,Belgian Strong Dark Ale,330ml,330,7.12,Belgian Strong Dark Ale
Krab American Pale Ale,2.35,Belgium,3.27,Scheldebrouwerij,5.2,Pale Ale - American,330ml,330,7.12,Pale Ale
Gaspar,2.35,Belgium,3.48,Brouwerij Alvinne,8.5,Winter Ale,330ml,330,7.12,Winter Ale
Abbaye des Rocs Brune,2.35,Belgium,3.64,Brasserie de l'Abbaye des Rocs,9.0,Belgian Strong Dark Ale,330ml,330,7.12,Belgian Strong Dark Ale
XX Bitter,2.35,Belgium,3.47,Brouwerij De Ranke,6.0,IPA - Belgian,Bottle 330ml,330,7.12,IPA
Hopus,2.35,Belgium,3.52,Brasserie Lefebvre,8.3,Belgian Strong Golden Ale,330ml,330,7.12,Belgian Strong Golden Ale
Mango,2.35,Belgium,3.25,Mongozo,3.6,Fruit Beer,330ml,330,7.12,Fruit Beer
Val-Dieu Brune,2.35,Belgium,3.5,Brasserie de l'Abbaye du Val-Dieu,8.0,Belgian Dubbel,330ml,330,7.12,Belgian Dubbel
Tongerlo Blond,2.35,Belgium,3.51,Brouwerij Haacht Brasserie,6.0,Belgian Blonde,330ml,330,7.12,Belgian Blonde
Coconut,2.35,Belgium,3.1,Mongozo,3.6,Fruit Beer,330ml,330,7.12,Fruit Beer
Wywar Pink Boots,5.34,Slovakia,3.62,Holíčsky pivovar Wywar,5.5,Pale Ale - American,Bottle 750ml,750,7.12,Pale Ale
Black Fuel,2.35,Belgium,3.48,Enigma,9.5,Belgian Strong Dark Ale,330ml,330,7.12,Belgian Strong Dark Ale
Quad The Fox,2.35,Belgium,3.65,FoxTown Beer Crew,11.0,Belgian Quadrupel,330ml,330,7.12,Belgian Quadrupel
Ice Breaker,2.35,Netherlands,3.47,Stadshaven Brouwerij,8.5,Winter Ale,330ml,330,7.12,Winter Ale
Bachten De Kupe Saison,2.35,Belgium,3.35,Bachten De Kupe Bier Compagnie,5.6,Farmhouse Ale - Saison,330ml,330,7.12,Farmhouse Ale
Bock Rammer,2.35,Netherlands,3.49,Stadshaven Brouwerij,7.8,Bock - Doppelbock,330ml,330,7.12,Bock
Grand Cru,2.35,Belgium,3.65,Brouwerij Rodenbach,6.0,Sour - Flanders Red Ale,330ml,330,7.12,Sour
Wingman Session IPA,2.35,Scotland,3.46,BrewDog,4.3,IPA - Session,Can 330ml,330,7.12,IPA
Sloeber,2.35,Belgium,3.41,Brouwerij Roman,7.5,Belgian Strong Golden Ale,330ml,330,7.12,Belgian Strong Golden Ale
Keizer Karel Ommegang,2.35,Belgium,3.48,Brouwerij Haacht Brasserie,8.0,Belgian Tripel,330ml,330,7.12,Belgian Tripel
Kwaremont Blond,2.35,Belgium,3.49,Brouwerij De Brabandere,6.6,Belgian Blonde,330ml,330,7.12,Belgian Blonde
Wywar Red Rye Bastard,5.34,Slovakia,3.68,Holíčsky pivovar Wywar,6.2,IPA - Rye,Bottle 750ml,750,7.12,IPA
Bourgogne des Flandres Brune,2.35,Belgium,3.52,Brewery John Martin & Brewery Timmermans,5.0,Sour - Flanders Red Ale,330ml,330,7.12,Sour
Artevelde Grand Cru,2.35,Belgium,3.53,Stadsbrouwerij Artevelde,7.3,Belgian Dubbel,330ml,330,7.12,Belgian Dubbel
6 Dubbel,2.35,Belgium,3.71,Abbaye Notre-Dame de Saint-Rémy,7.5,Belgian Dubbel,330ml,330,7.12,Belgian Dubbel
Tripel Karmeliet,2.35,Belgium,3.99,Brouwerij Bosteels,8.4,Belgian Tripel,330ml,330,7.12,Belgian Tripel
Pin-Up Blonde (met een deukje),2.35,Netherlands,3.39,Mister Hop,5.5,Blonde / Golden Ale - Other,330ml,330,7.12,Blonde / Golden Ale
Wywar Panská IPA,5.35,Slovakia,3.57,Holíčsky pivovar Wywar,5.8,IPA - American,Bottle 750ml,750,7.13,IPA
Wywar 15 Years in Hell,5.35,Slovakia,3.73,Holíčsky pivovar Wywar,6.2,IPA - American,Bottle 750ml,750,7.13,IPA
Wywar Anna,5.35,Slovakia,3.57,Holíčsky pivovar Wywar,5.8,IPA - Red,Bottle 750ml,750,7.13,IPA
Brewdog King Crush,3.15,Scotland,3.71,BrewDog,8.4,IPA - Imperial / Double Milkshake,Can 440ml,440,7.16,IPA
Skuumkoppe Dunkelweizen 0.0 Alcoholvrij,2.15,Netherlands,3.62,Texelse Bierbrouwerij,6.0,Wheat Beer - Dunkelweizen,300ml,300,7.17,Wheat Beer
Agnus Tripel,3.39,Belgium,3.63,Brouwerij Corsendonk,7.5,Belgian Tripel,473ml,473,7.17,Belgian Tripel
NY State of Mind,3.59,Poland,3.75,Funky Fluid,6.0,IPA - American,Can 500ml,500,7.18,IPA
Brown Ale,3.59,Germany,3.13,Vielanker Brauhaus,5.0,Brown Ale - Other,500ml,500,7.18,Brown Ale
1357 Dubbel,3.59,Netherlands,3.49,Muifelbrouwerij,8.0,Belgian Dubbel,500ml,500,7.18,Belgian Dubbel
Amber Lager,3.59,Germany,3.33,Vielanker Brauhaus,5.1,Lager - Amber / Red,500ml,500,7.18,Lager
Stout,3.59,Germany,3.11,Vielanker Brauhaus,4.9,Stout - Other,500ml,500,7.18,Stout
Lervig Apple Cider LITE,3.59,Norway,3.19,LERVIG,4.7,Cider - Traditional / Apfelwein,500ml,500,7.18,Cider
Pale Ale,3.59,Germany,3.24,Vielanker Brauhaus,5.1,Pale Ale - American,500ml,500,7.18,Pale Ale
Weiherer - India Pale Ale,3.6,Germany,3.37,Brauerei Kundmüller,6.7,IPA - American,500ml,500,7.2,IPA
Pan IPAni,3.6,Poland,3.82,Trzech Kumpli,6.0,IPA - White / Wheat,Bottle 500ml,500,7.2,IPA
Classic Vlaams Rood,1.8,Belgium,3.45,Brouwerij Rodenbach,5.2,Sour - Flanders Red Ale,Bottle 250ml,250,7.2,Sour
Munich Helles 50cl Can,3.6,Germany,3.45,Paulaner Brauerei,4.9,Lager - Helles,500ml,500,7.2,Lager
Cranborne Poacher (Strong Ale English),3.6,England,3.51,Badger Beers (Hall & Woodhouse),5.7,Strong Ale - English,500ml,500,7.2,Strong Ale
ŽiWell Vandal,5.4,Slovakia,3.46,Piešťanský pivovar ŽiWELL,6.1,IPA - American,Bottle 750ml,750,7.2,IPA
Sencha Pancho,3.6,Poland,3.64,Browar Monsters,4.0,Sour - Fruited Berliner Weisse,Can 500ml,500,7.2,Sour
Kwas My,3.6,Poland,3.73,Browar PINTA,5.5,Sour - Other,Bottle 500ml,500,7.2,Sour
Peach,1.8,Belgium,3.34,Brouwerij Liefmans,3.8,Fruit Beer,Bottle 250ml,250,7.2,Fruit Beer
Adore,3.6,Poland,3.69,Browar Kingpin,6.3,IPA - New England / Hazy,Can 500ml,500,7.2,IPA
Golden Thread,3.6,England,3.63,Salopian Brewery,5.0,Blonde / Golden Ale - English,Bottle 500ml,500,7.2,Blonde / Golden Ale
Old Speckled Hen,3.6,England,3.37,Greene King,5.0,Pale Ale - English,500ml,500,7.2,Pale Ale
Fruitesse,1.8,Belgium,3.37,Brouwerij Liefmans,3.8,Fruit Beer,Bottle 250ml,250,7.2,Fruit Beer
East Coast IPA,3.6,Poland,3.72,ReCraft,7.0,IPA - Other,Bottle 500ml,500,7.2,IPA
Śpij słodko Aniołku,3.6,Poland,3.95,Ziemia Obiecana,8.0,Sour - Fruited,Can 500ml,500,7.2,Sour
Pacific,3.6,Poland,3.68,Browar Artezan,5.0,Pale Ale - American,Can 500ml,500,7.2,Pale Ale
Draught Pint Widget,3.6,Ireland,3.77,Guinness,4.2,Stout - Irish Dry,Can 500ml,500,7.2,Stout
Charivari,5.4,France,3.78,Microbrasserie La Montagnarde,6.2,IPA - American,Bottle 750ml,750,7.2,IPA
Hopollo,3.6,Poland,3.39,Browar NOOK/ Browar Nepomucen,0.5,Non-Alcoholic - IPA,500ml,500,7.2,Non-Alcoholic
Krew Wąpierza,3.6,Poland,3.57,Browar Sarabanda,4.5,Sour - Fruited,Can 500ml,500,7.2,Sour
Lampa,3.6,Poland,3.68,Browar Cztery Ściany,5.4,Sour - Fruited,Can 500ml,500,7.2,Sour
Brasserie Du Bocq Blanche De Namur,1.8,Belgium,3.4,Brasserie du Bocq,4.5,Wheat Beer - Witbier / Blanche,Bottle 250ml,250,7.2,Wheat Beer
Pan IPAni Bezalkoholowe,3.6,Poland,3.94,Trzech Kumpli,0.5,Non-Alcoholic - IPA,Can 500ml,500,7.2,Non-Alcoholic
Das Helle!,2.39,Germany,3.49,Wolfscraft,4.9,Lager - Helles,330ml,330,7.24,Lager
BrewDog x Condor Ferien Lager,2.39,Scotland,3.3,BrewDog,4.5,Pilsner - Other,330ml,330,7.24,Pilsner
Hop Head⁷,2.39,Germany,3.42,Craftwerk Brewing,8.0,IPA - American,330ml,330,7.24,IPA
Brutal Alkoholfrei,2.39,Germany,3.38,Wolfscraft,0.4,Non-Alcoholic - Lager,330ml,330,7.24,Non-Alcoholic
Hoppa,2.39,Netherlands,3.45,Hofbrouwerij Reijngoud,4.8,Pale Ale - New England / Hazy,330ml,330,7.24,Pale Ale
Maisel & Friends Mariana White DH Weizenbock,2.39,Germany,3.81,Brauerei Gebr. Maisel,7.5,Wheat Beer - Hopfenweisse,330ml,330,7.24,Wheat Beer
Be Wise,2.39,Netherlands,3.18,Brouwerij Kees,0.3,Non-Alcoholic - Wheat,330ml,330,7.24,Non-Alcoholic
Freistil Pilsner alkoholfrei,2.39,Germany,2.83,Freie Brau Union Bremen,0.5,Non-Alcoholic - Lager,330ml,330,7.24,Non-Alcoholic
Pittiplatsch BIO-Fassbrause,2.39,Germany,3.19,BRLO,4.9,Non-Alcoholic Beer - Other,330ml,330,7.24,Non-Alcoholic Beer
Witzige Weizen,2.39,Netherlands,3.42,vandeStreek bier,5.5,Wheat Beer - Other,330ml,330,7.24,Wheat Beer
Amber Lager,2.39,United States,3.45,Brooklyn Brewery,5.2,Lager - Vienna,330ml,330,7.24,Lager
BrewDog Kiez Keule Dry Hopped Export,2.39,Germany,3.43,BrewDog Deutschland,5.8,Lager - Dortmunder / Export,330ml,330,7.24,Lager
Deichbier Lager,2.39,Germany,3.37,Freie Brau Union Bremen,5.2,Lager - Helles,330ml,330,7.24,Lager
Spezial Export,2.39,Germany,3.45,Privatbrauerei Sander,5.3,Lager - Dortmunder / Export,330ml,330,7.24,Lager
Tegernseer Pils,2.39,Germany,3.41,Herzoglich Bayerisches Brauhaus Tegernsee,5.0,Pilsner - German,330ml,330,7.24,Pilsner
Nittenauer Mein Wildes Zwickel,2.39,Germany,3.34,Brauhaus Nittenau,5.7,Kellerbier / Zwickelbier,330ml,330,7.24,Kellerbier / Zwickelbier
Keller Pils,2.39,Germany,3.26,Freie Brau Union Bremen,4.9,Pilsner - German,330ml,330,7.24,Pilsner
Schimpf Pils,2.39,Germany,3.15,Kronenbrauerei Schimpf,4.9,Pilsner - Other,330ml,330,7.24,Pilsner
Home Tone,5.44,France,3.74,Hoppy Road,7.0,IPA - Farmhouse,Bottle 750ml,750,7.25,IPA
Camba Chiemsee HopLa Dry Hop Lager,3.19,Germany,3.44,Camba Bavaria,5.1,Lager - IPL (India Pale Lager),Can 440ml,440,7.25,Lager
Fuerst Wiacek Festbier Lager (),3.19,Germany,3.56,FUERST WIACEK,5.5,Festbier,Can 440ml,440,7.25,Festbier
Tripel Moines,3.19,Belgium,3.57,Brasserie du Bocq,7.5,Belgian Tripel,Can 440ml,440,7.25,Belgian Tripel
Peach White Oak Jai Alai,3.19,United States,3.82,Cigar City Brewing,7.5,IPA - American,Can 440ml,440,7.25,IPA
Camba Chiemsee Pale Dry Hop Pale Ale,3.19,Germany,3.64,Camba Bavaria,5.3,Pale Ale - Other,Can 440ml,440,7.25,Pale Ale
Gagel Tripel (Glutenvrij),3.19,Netherlands,3.26,Brouwerij Klein Duimpje,8.5,Gluten-Free,Can 440ml,440,7.25,Gluten-Free
Camba Chiemsee Wit Belgian-Style Witbier,3.19,Germany,3.41,Camba Bavaria,4.8,Wheat Beer - Witbier / Blanche,Can 440ml,440,7.25,Wheat Beer
Hert,2.4,Belgium,3.24,Brouwerij Het Nest,4.8,Belgian Blonde,330ml,330,7.27,Belgian Blonde
Super Cadix,2.4,Belgium,3.46,Antwerpse Brouw Compagnie,5.6,Lager - IPL (India Pale Lager),330ml,330,7.27,Lager
La Trappe Epos,2.4,Netherlands,3.18,Bierbrouwerij De Koningshoeven,6.3,Non-Alcoholic - Pale Ale,330ml,330,7.27,Non-Alcoholic
Galea Grand Cru,2.4,Belgium,3.47,Galea Craft Beers,9.5,Belgian Strong Golden Ale,330ml,330,7.27,Belgian Strong Golden Ale
La Trappe Isid'or,2.4,Netherlands,3.75,Bierbrouwerij De Koningshoeven,7.5,Belgian Strong Golden Ale,330ml,330,7.27,Belgian Strong Golden Ale
Boer Willem Tripel,2.4,Belgium,3.53,Badkuipbrouwers,8.5,Belgian Tripel,330ml,330,7.27,Belgian Tripel
Oester Stout,2.4,Belgium,3.49,Scheldebrouwerij,8.5,Stout - Oyster,330ml,330,7.27,Stout
No Worries: Driving Home For Christmas,2.4,Norway,2.89,LERVIG,0.5,Non-Alcoholic - Other,Can 330ml,330,7.27,Non-Alcoholic
Jacobus,2.4,Netherlands,3.45,Jopen,5.5,Pale Ale - Other,330ml,330,7.27,Pale Ale
APA / Bolleke de Koninck,2.4,Belgium,3.34,Brouwerij De Koninck,5.2,Pale Ale - Belgian,330ml,330,7.27,Pale Ale
IXO Gorrasta Bio,2.4,France,3.28,Ixo,5.0,Lager - Amber / Red,330ml,330,7.27,Lager
White Swan Theory,2.4,Belgium,3.48,FoxTown Beer Crew,6.2,IPA - White / Wheat,330ml,330,7.27,IPA
Prior Zwaar Donker,2.4,Belgium,3.45,Leroy Breweries,9.0,Belgian Strong Dark Ale,330ml,330,7.27,Belgian Strong Dark Ale
Tripel,2.4,Belgium,3.61,Ter Dolen,8.1,Belgian Tripel,330ml,330,7.27,Belgian Tripel
Donker,2.4,Belgium,3.48,Ter Dolen,7.1,Brown Ale - Belgian,330ml,330,7.27,Brown Ale
Begibeltz,2.4,France,3.13,Ixo,6.2,Brown Ale - Belgian,330ml,330,7.27,Brown Ale
Zieke Geest,2.4,Belgium,3.51,Vleesmeester Brewery,8.0,Belgian Tripel,330ml,330,7.27,Belgian Tripel
Blond,2.4,Belgium,3.6,Brasserie Lupulus,8.5,Belgian Tripel,330ml,330,7.27,Belgian Tripel
Berliner Weisse,2.4,Belgium,3.55,Brasserie de la Mule,3.5,Sour - Berliner Weisse,330ml,330,7.27,Sour
Rubbens Fruit,2.4,Belgium,3.05,Stokerij Brouwerij Rubbens,6.0,Fruit Beer,330ml,330,7.27,Fruit Beer
Van Honsebrouck Brigand,2.4,Belgium,3.5,Kasteel Brouwerij Vanhonsebrouck,9.0,Belgian Strong Golden Ale,330ml,330,7.27,Belgian Strong Golden Ale
Chouffe Bok 6666,2.4,Belgium,3.48,Brasserie d'Achouffe,6.66,Bock - Single / Traditional,330ml,330,7.27,Bock
Melchior Vintage Recipe Serie,2.4,Belgium,3.66,Brouwerij Alvinne,11.0,Winter Ale,330ml,330,7.27,Winter Ale
Tripel,2.4,Belgium,3.73,Bières de Chimay,8.0,Belgian Tripel,330ml,330,7.27,Belgian Tripel
IXO Xuria Bio,2.4,France,3.19,Ixo,4.2,Wheat Beer - Witbier / Blanche,330ml,330,7.27,Wheat Beer
Boer Willem Bruin,2.4,Belgium,3.32,Badkuipbrouwers,7.5,Belgian Strong Dark Ale,330ml,330,7.27,Belgian Strong Dark Ale
Brugse Zot Dubbel,2.4,Belgium,3.53,Brouwerij De Halve Maan,7.5,Belgian Dubbel,330ml,330,7.27,Belgian Dubbel
AF Pilsner,3.2,Belgium,3.76,Utopian,0.5,Winter Ale,Can 440ml,440,7.27,Winter Ale
Alexander,2.4,Belgium,3.95,Brouwerij Rodenbach,5.6,Sour - Flanders Red Ale,330ml,330,7.27,Sour
Zeezuiper Tripel,2.4,Belgium,3.66,Scheldebrouwerij,8.0,Belgian Tripel,330ml,330,7.27,Belgian Tripel
Kölsch,2.4,Germany,3.48,Privat-Brauerei Heinrich Reissdorf,4.8,Kölsch,330ml,330,7.27,Kölsch
Kasteel Tripel,2.4,Belgium,3.63,Kasteel Brouwerij Vanhonsebrouck,11.0,Belgian Tripel,Bottle 330ml,330,7.27,Belgian Tripel
Wipers Times Tripel,2.4,Belgium,3.57,Brouwerij Kazematten,5.0,Belgian Tripel,330ml,330,7.27,Belgian Tripel
Jack's Precious Belgian IPA,2.4,Belgium,3.51,Brouwerij The Musketeers,5.9,IPA - Belgian,330ml,330,7.27,IPA
Steenbrugge Blond,2.4,Belgium,3.41,Brouwerij Palm,6.5,Belgian Blonde,330ml,330,7.27,Belgian Blonde
Ravelijn,2.4,Belgium,3.54,Enigma,10.5,Farmhouse Ale - Saison,330ml,330,7.27,Farmhouse Ale
Van Honsebrouck Filou,2.4,Belgium,3.53,Kasteel Brouwerij Vanhonsebrouck,8.5,Belgian Tripel,330ml,330,7.27,Belgian Tripel
HertenHeer,2.4,Belgium,3.24,Brouwerij Het Nest,4.8,Belgian Blonde,330ml,330,7.27,Belgian Blonde
Kupela Cidre demi-sec,2.4,France,3.73,Kupela Sagardoa - Cidre basque,4.0,Cider - Basque,330ml,330,7.27,Cider
Base Camp,3.2,England,3.61,Little Monster Brewing Co,4.8,Lager - Pale,Can 440ml,440,7.27,Lager
Hert,2.4,Belgium,3.24,Brouwerij Het Nest,6.7,Belgian Blonde,330ml,330,7.27,Belgian Blonde
La Chouffe,2.4,Belgium,3.82,Brasserie d'Achouffe,8.0,Belgian Strong Golden Ale,330ml,330,7.27,Belgian Strong Golden Ale
MC Chouffe,2.4,Belgium,3.64,Brasserie d'Achouffe,8.0,Belgian Strong Dark Ale,Bottle 330ml,330,7.27,Belgian Strong Dark Ale
Boer Willem Blond,2.4,Belgium,3.38,Badkuipbrouwers,6.9,Belgian Blonde,330ml,330,7.27,Belgian Blonde
Dubbel Inzet,2.4,Belgium,3.32,Dok Brewing Company,4.6,Historical Beer - Other,330ml,330,7.27,Historical Beer
Budels Herfstbock,2.4,Netherlands,3.3,Budelse Brouwerij,6.5,Bock - Single / Traditional,330ml,330,7.27,Bock
Triporteur Full Moon 12,2.4,Belgium,3.76,BOMBrewery,10.2,Belgian Quadrupel,330ml,330,7.27,Belgian Quadrupel
Gulden Draak 9000 Quadruple,2.4,Belgium,3.82,Brouwerij Van Steenberge,10.7,Belgian Quadrupel,330ml,330,7.27,Belgian Quadrupel
La Cress,2.4,Belgium,3.37,La Cress,6.5,Spiced / Herbed Beer,330ml,330,7.27,Spiced / Herbed Beer
Bitter 42,2.4,Germany,3.23,Brauerei Rittmayer Hallerndorf,5.0,Pilsner - German,330ml,330,7.27,Pilsner
Straffe Hendrik Quadrupel,2.4,Belgium,3.89,Brouwerij De Halve Maan,11.0,Belgian Quadrupel,330ml,330,7.27,Belgian Quadrupel
Jagged Edge,2.4,Scotland,3.57,BrewDog,5.1,IPA - American,330ml,330,7.27,IPA
Electric Boogaloo,2.4,Wales,3.63,Tiny Rebel Brewing Co,4.5,IPA - New England / Hazy,330ml,330,7.27,IPA
Doktor Rudi,2.4,Belgium,3.13,Brouwerij 't Verzet/ Surly Brewing Company,6.0,Sour - Berliner Weisse,330ml,330,7.27,Sour
Pale Ale,5.46,Czech Republic,3.7,Pivovar Mazák,5.0,Pale Ale - American,Bottle 750ml,750,7.28,Pale Ale
Lervig Lucky Jack Gluten Free,2.41,Norway,3.35,LERVIG,4.7,Gluten-Free,330ml,330,7.3,Gluten-Free
Axiom / Board - Unga Bunga,3.65,Czech Republic,3.56,Axiom Brewery,3.0,IPA - Sour,Can 500ml,500,7.3,IPA
Non-Alcoholic Quince Naturel Cider,2.41,Estonia,3.25,Jaanihanso,0.4,Non-Alcoholic - Cider / Perry,330ml,330,7.3,Non-Alcoholic
Zwier Gitaarbrouw  Zwier Bier,5.5,Netherlands,3.42,Zwiergitaarbrouw,8.0,Belgian Tripel,Bottle 750ml,750,7.33,Belgian Tripel
Wild West Kriek-Framboos,5.5,Belgium,3.97,Brouwerij Alvinne,6.0,Sour - Fruited,Bottle 750ml,750,7.33,Sour
O Haras Irish Red,2.42,Ireland,3.3,O'Hara's Brewery,4.3,Red Ale - Irish,330ml,330,7.33,Red Ale
Texels Tuunwal Tripel,2.2,Netherlands,3.54,Texelse Bierbrouwerij,8.5,Belgian Tripel,300ml,300,7.33,Belgian Tripel
Munich Hells Mini Keg,36.7,Germany,3.45,Paulaner Brauerei,4.9,Lager - Helles,5000ml,5000,7.34,Lager
Pohjala Saturnus,3.23,Estonia,3.61,Põhjala,5.0,Pale Ale - New England / Hazy,Can 440ml,440,7.34,Pale Ale
Bush de Noël,2.43,Belgium,3.72,Brasserie Dubuisson,12.0,Winter Ale,330ml,330,7.36,Winter Ale
Triple d'Anvers,3.49,Belgium,3.64,Brouwerij De Koninck,8.0,Belgian Tripel,473ml,473,7.38,Belgian Tripel
Schout bij Nacht # 6,3.49,Netherlands,3.51,Bierbrouwerij De Magistraat,7.5,Porter - Baltic,473ml,473,7.38,Porter
Guldenberg,2.44,Belgium,3.61,Brouwerij De Ranke,8.0,Belgian Tripel,330ml,330,7.39,Belgian Tripel
150 Blonde Forte,3.25,Belgium,3.75,Bières de Chimay,10.0,Belgian Strong Golden Ale,Can 440ml,440,7.39,Belgian Strong Golden Ale
Andersons,3.25,Ireland,3.36,Lough Gill Brewery,4.0,Red Ale - Irish,Can 440ml,440,7.39,Red Ale
Princessebier 2022,3.25,Netherlands,3.3,Brouwerij Poesiat & Kater,5.0,Wheat Beer - Witbier / Blanche,Can 440ml,440,7.39,Wheat Beer
Cuvée Clarisse,2.44,Belgium,3.6,Brouwerij Wilderen,9.2,Belgian Strong Dark Ale,330ml,330,7.39,Belgian Strong Dark Ale
Verzet Space Cadet,2.44,Belgium,3.36,Brouwerij 't Verzet,6.0,Wheat Beer - Witbier / Blanche,330ml,330,7.39,Wheat Beer
Grisette Blond Biologisch Glutenvrij,1.85,Belgium,3.06,Brasserie St-Feuillien,5.5,Gluten-Free,Bottle 250ml,250,7.4,Gluten-Free
St. Louis Premium Pêche,1.85,Belgium,3.45,Kasteel Brouwerij Vanhonsebrouck,2.6,Lambic - Fruit,Bottle 250ml,250,7.4,Lambic
Kriek,1.85,Belgium,3.41,Brouwerij Wilderen,25.0,Fruit Beer,Bottle 250ml,250,7.4,Fruit Beer
Kwas XY,3.7,Poland,3.8,Browar PINTA,4.7,Sour - Catharina,Bottle 500ml,500,7.4,Sour
Kinetic,3.7,Poland,3.72,Browar Kingpin,8.6,IPA - Imperial / Double,Can 500ml,500,7.4,IPA
Poz-naj AIPA,3.7,Poland,3.6,Poznańskie Browary Rzemieślnicze,5.0,Pale Ale - American,Bottle 500ml,500,7.4,Pale Ale
Munich Helles 50cl,3.7,Germany,3.45,Paulaner Brauerei,4.9,Lager - Helles,500ml,500,7.4,Lager
Zuiderzee Bier Schuimend Wit,3.5,Netherlands,3.38,Zuiderzeebier,4.8,Wheat Beer - Witbier / Blanche,473ml,473,7.4,Wheat Beer
Eternal Now,3.5,United States,4.06,Grimm Artisanal Ales,6.0,Sour - Other,473ml,473,7.4,Sour
Hefe Weisse 50cl Can,3.7,Germany,3.67,Paulaner Brauerei,4.9,Wheat Beer - Hefeweizen,500ml,500,7.4,Wheat Beer
Pecheresse,1.85,Belgium,3.57,Brouwerij Lindemans,2.5,Lambic - Fruit,Bottle 250ml,250,7.4,Lambic
Byway.,3.7,Poland,3.81,Moon Lark Brewery,5.6,IPA - White / Wheat,Can 500ml,500,7.4,IPA
Gringo Agua Fresca,3.7,Poland,3.46,ReCraft,4.9,Sour - Fruited Gose,500ml,500,7.4,Sour
Oude Geuze,1.85,Belgium,3.37,Brouwerij Boon,7.0,Lambic - Gueuze,Bottle 250ml,250,7.4,Lambic
Every Day Is Pretzel Day,3.7,Romania,3.55,Hop Hooligans,5.0,Pilsner - German,Can 500ml,500,7.4,Pilsner
Twist #5 Lime & Lychee,3.7,Poland,3.55,Przetwórnia Chmielu,5.5,Sour - Fruited Gose,Can 500ml,500,7.4,Sour
Futurum Grape Ale - Pecorino,5.55,Netherlands,3.43,Brouwerij De Toekomst,7.0,Grape Ale - Other,Bottle 750ml,750,7.4,Grape Ale
Chouffe Lite 4.0,2.45,Belgium,3.32,Brasserie d'Achouffe,4.0,Pale Ale - Belgian,330ml,330,7.42,Pale Ale
Triple (Blanche),2.45,Belgium,3.84,Bières de Chimay,8.0,Belgian Tripel,330ml,330,7.42,Belgian Tripel
Val-Dieu Tripel,2.45,Belgium,3.67,Brasserie de l'Abbaye du Val-Dieu,9.0,Belgian Tripel,Bottle 330ml,330,7.42,Belgian Tripel
Serafijn Barley Wine,2.45,Belgium,3.64,Brouwerij Pirlot,11.0,Barleywine - Other,330ml,330,7.42,Barleywine
Tripel,2.45,Netherlands,3.75,Bierbrouwerij De Koningshoeven,8.0,Belgian Tripel,330ml,330,7.42,Belgian Tripel
Goudale Blonde,2.45,France,3.44,Brasserie Goudale - Les Brasseurs de Gayant,7.2,Farmhouse Ale - Bière de Garde,330ml,330,7.42,Farmhouse Ale
Gruut Amber,2.45,Belgium,3.33,Gentse Gruut Stadsbrouwerij,5.9,Historical Beer - Gruit / Ancient Herbed Ale,330ml,330,7.42,Historical Beer
Tripick 8,2.45,Belgium,3.55,Tripick,8.0,Belgian Tripel,330ml,330,7.42,Belgian Tripel
Duvel,2.45,Belgium,3.72,Duvel Moortgat,6.66,Belgian Strong Golden Ale,330ml,330,7.42,Belgian Strong Golden Ale
Blonde,2.45,Belgium,3.45,Brasserie de l'Abbaye du Val-Dieu,6.0,Belgian Blonde,330ml,330,7.42,Belgian Blonde
Dubbel,2.45,Belgium,3.58,Brouwerij Alken-Maes,6.5,Belgian Dubbel,330ml,330,7.42,Belgian Dubbel
Argentum,2.45,Belgium,3.6,Delirium - Huyghe Brewery,7.0,IPA - Belgian,330ml,330,7.42,IPA
Blond,2.45,Belgium,3.51,Brouwerij Corsendonk,6.5,Belgian Blonde,330ml,330,7.42,Belgian Blonde
Duchesse Cherry,2.45,Belgium,3.93,Brouwerij Verhaeghe,6.8,Sour - Flanders Red Ale,330ml,330,7.42,Sour
Cornet Oaked Alcohol-Free,2.45,Belgium,2.77,Brouwerij De Hoorn,0.3,Non-Alcoholic - Other,330ml,330,7.42,Non-Alcoholic
WIT,2.45,Netherlands,3.5,Uiltje Brewing Company,6.0,Wheat Beer - Witbier / Blanche,330ml,330,7.42,Wheat Beer
Ename Blond,2.45,Belgium,3.45,Brouwerij Roman,6.5,Belgian Blonde,330ml,330,7.42,Belgian Blonde
Verboden Vrucht Strong Dark Ale,2.45,Belgium,3.59,Brouwerij Hoegaarden,8.5,Belgian Strong Dark Ale,330ml,330,7.42,Belgian Strong Dark Ale
Troubadour Magma Vina 2022,2.45,Belgium,3.63,Brouwerij The Musketeers,8.5,IPA - Triple,330ml,330,7.42,IPA
Rituel 9°,2.45,Belgium,3.64,Abbaye de Leffe,9.0,Belgian Strong Golden Ale,330ml,330,7.42,Belgian Strong Golden Ale
La Corne Blond,2.45,Belgium,3.21,Brasserie d'Ebly,5.6,IPA - Belgian,330ml,330,7.42,IPA
Gentse Strop,2.45,Belgium,3.56,Brouwerij Van Steenberge,8.0,Belgian Tripel,330ml,330,7.42,Belgian Tripel
888 Tripel Eight,2.45,Belgium,3.61,Belgian Beer Experts,8.88,Belgian Tripel,330ml,330,7.42,Belgian Tripel
Evolution #007,3.71,Czech Republic,3.64,Sibeeria,5.4,Pale Ale - Other,Can 500ml,500,7.42,Pale Ale
Gulden Draak Imperial Stout,2.45,Belgium,3.73,Brouwerij Van Steenberge,12.0,Stout - Imperial / Double,330ml,330,7.42,Stout
Oakham Citra,3.71,England,3.62,Oakham Ales,4.6,IPA - Session,500ml,500,7.42,IPA
Super NoAH,2.45,Belgium,3.29,Brouwerij 't Verzet,4.9,Belgian Blonde,330ml,330,7.42,Belgian Blonde
Blond,2.45,Belgium,3.5,Ter Dolen,6.1,Belgian Blonde,330ml,330,7.42,Belgian Blonde
Triporteur from Hell,2.45,Belgium,3.41,BOMBrewery,6.6,Brown Ale - Belgian,330ml,330,7.42,Brown Ale
Prior 8 Dubbel,2.45,Belgium,3.7,Brouwerij St.Bernardus,8.0,Belgian Dubbel,330ml,330,7.42,Belgian Dubbel
Reinaert Tripel,2.45,Belgium,3.57,De Proefbrouwerij,9.0,Belgian Tripel,330ml,330,7.42,Belgian Tripel
Gouden Carolus Christmas,2.45,Belgium,3.61,Brouwerij Het Anker,10.0,Winter Ale,330ml,330,7.42,Winter Ale
Witkap Pater Stimulo,2.45,Belgium,3.41,Brouwerij Slaghmuylder,6.0,Belgian Blonde,330ml,330,7.42,Belgian Blonde
Antigoon,2.45,Belgium,3.39,Brouwerij The Musketeers,6.0,Pale Ale - Belgian,330ml,330,7.42,Pale Ale
Arpus Brewing Co. Tdh Motueka X Peacharine Ipa,4.83,Latvia,3.99,Ārpus Brewing Co.,6.5,IPA - New England / Hazy,Bottle 650ml,650,7.43,IPA
Session IPA,5.58,Czech Republic,3.65,Pivovar Mazák,5.2,IPA - Session,Bottle 750ml,750,7.44,IPA
Apple & Ginger Cider,2.79,Croatia,3.56,Buzdovan,5.0,Cider - Herbed / Spiced / Hopped,Bottle 375ml,375,7.44,Cider
Do Not Eat the Yellow Snow,5.59,Netherlands,3.66,Uiltje Brewing Company,8.9,IPA - Imperial / Double,Bottle 750ml,750,7.45,IPA
North Wind,5.59,United States,3.99,The Drowned Lands Brewery,7.5,Winter Ale,Bottle 750ml,750,7.45,Winter Ale
Uklizeno (I cleaned up everything.),3.73,Czech Republic,3.74,Sibeeria,5.7,Lager,Can 500ml,500,7.46,Lager
DIPA DDH HBC 630/Sabro/Mosaic,5.6,France,4.0,Popihn,8.0,IPA - Imperial / Double New England / Hazy,Bottle 750ml,750,7.47,IPA
Lervig House Party,2.47,Norway,3.51,LERVIG,4.0,IPA - Session,330ml,330,7.48,IPA
Lervig Nitro Stout,3.29,Norway,3.27,LERVIG,4.7,Stout - Irish Dry,Can 440ml,440,7.48,Stout
Camba Chiemsee Dark Black Lager,3.29,Germany,3.53,Camba Bavaria,5.6,Schwarzbier,Can 440ml,440,7.48,Schwarzbier
Fauve A Corps Perdu,3.29,France,3.66,Fauve,5.0,Pilsner - German,Can 440ml,440,7.48,Pilsner
LIQWIT,2.47,Netherlands,3.43,MIQMAQ,6.0,Wheat Beer - Witbier / Blanche,330ml,330,7.48,Wheat Beer
Lervig Sour Suzy,2.47,Norway,3.18,LERVIG,4.0,Sour - Berliner Weisse,330ml,330,7.48,Sour
Devon Red,3.3,England,3.51,Sandford Orchards,4.5,Cider - Traditional / Apfelwein,Can 440ml,440,7.5,Cider
The Artist,3.75,Poland,3.51,Brokreacja,5.9,Fruit Beer,500ml,500,7.5,Fruit Beer
The Dancer,3.75,Poland,3.37,Brokreacja,5.5,Wheat Beer - Witbier / Blanche,500ml,500,7.5,Wheat Beer
Saison,2.25,Netherlands,3.31,Lindeboom,5.5,Farmhouse Ale - Saison,300ml,300,7.5,Farmhouse Ale
Furst Ferret (Bitter Session Ordinary),3.75,England,3.39,Badger Beers (Hall & Woodhouse),4.4,Bitter - Session / Ordinary,500ml,500,7.5,Bitter
The Teather,3.75,Poland,3.3,Brokreacja,4.8,Pilsner - Czech / Bohemian,500ml,500,7.5,Pilsner
Hay Joe,3.3,Greece,3.59,Strange Brew,5.2,Farmhouse Ale - Saison,Can 440ml,440,7.5,Farmhouse Ale
Herfstbock,2.25,Netherlands,3.3,Gulpener Bierbrouwerij,6.5,Bock - Single / Traditional,300ml,300,7.5,Bock
When Life Gives You Hops 2024,3.3,Belgium,3.67,FoxTown Beer Crew,7.0,IPA - American,Can 440ml,440,7.5,IPA
Black Heart Nitro Stout,3.3,United States,3.83,BrewDog USA,7.0,Stout - Oatmeal,Can 440ml,440,7.5,Stout
Giesinger Winter Doppelbock,3.3,Germany,3.62,Giesinger Bräu,7.1,Bock - Doppelbock,Can 440ml,440,7.5,Bock
Lervig Spezial Pilsner,3.75,Norway,3.47,LERVIG,4.7,Pilsner - Other,500ml,500,7.5,Pilsner
The Nurse,3.75,Poland,3.43,Brokreacja,5.2,Wheat Beer - Hefeweizen,500ml,500,7.5,Wheat Beer
Rouge,2.48,Belgium,3.72,Bières de Chimay,7.0,Belgian Dubbel,330ml,330,7.52,Belgian Dubbel
DOK Dokkie,2.48,Belgium,3.24,Dok Brewing Company,0.3,Non-Alcoholic - Sour,330ml,330,7.52,Non-Alcoholic
Westmalle Double in a tube,11.3,Belgium,3.69,Brouwerij der Trappisten van Westmalle,7.0,Belgian Dubbel,Bottle 1500ml,1500,7.53,Belgian Dubbel
Bitter Gluten Free,3.77,England,3.18,Ridgeway Brewing,4.0,Gluten-Free,500ml,500,7.54,Gluten-Free
Cerdos Voladores IPA Alkoholfrei,2.49,Spain,3.28,Barcelona Beer Company,4.5,IPA - Session,330ml,330,7.55,IPA
Knipoog,2.49,Netherlands,2.89,Breugem Bier,0.4,Non-Alcoholic - IPA,330ml,330,7.55,Non-Alcoholic
Barbar,2.49,Belgium,3.49,Brasserie Lefebvre,8.0,Honey Beer,330ml,330,7.55,Honey Beer
Bohemian,2.49,Netherlands,3.28,Vet & Lazy,4.7,Pilsner - Czech / Bohemian,330ml,330,7.55,Pilsner
Tokyo Lemonade,3.32,Hungary,3.29,Mad Scientist,4.2,Wheat Beer - Fruited,Can 440ml,440,7.55,Wheat Beer
Kerst Snol,2.49,Netherlands,3.4,Dorpsbrouwerij de Pimpelmeesch,8.5,Stout - Other,330ml,330,7.55,Stout
No Worries Radler,2.49,Norway,2.82,LERVIG,0.5,Non-Alcoholic - Shandy / Radler,330ml,330,7.55,Non-Alcoholic
No Worries FYR OPP!,2.49,Norway,3.17,LERVIG,0.5,Non-Alcoholic - IPA,330ml,330,7.55,Non-Alcoholic
Kasteel Xtra,2.49,Belgium,3.31,Kasteel Brouwerij Vanhonsebrouck,6.5,IPA - Belgian,330ml,330,7.55,IPA
Bockbier,2.49,Netherlands,2.83,Lindeboom,6.5,Bock - Single / Traditional,330ml,330,7.55,Bock
Fancy Farmer,5.66,Czech Republic,3.62,Pivovar Mazák,5.5,Wheat Beer - American Pale Wheat,Bottle 750ml,750,7.55,Wheat Beer
Weihnachtsbier,2.49,Germany,3.31,Herr Schmidt,5.8,Märzen,330ml,330,7.55,Märzen
Witbier,2.49,Netherlands,3.46,Brouwerij De Toekomst,6.0,Wheat Beer - Witbier / Blanche,330ml,330,7.55,Wheat Beer
Sander Alkoholfreies Pils Plan B,2.49,Germany,2.62,Privatbrauerei Jacob Stauder,0.5,Non-Alcoholic - Lager,330ml,330,7.55,Non-Alcoholic
Beyerd Speciaal Blond,2.49,Netherlands,3.45,Brouwerij De Beyerd,6.9,Blonde / Golden Ale - Other,330ml,330,7.55,Blonde / Golden Ale
La Bella Lola Single Hop Blond Ale,2.49,Spain,3.3,Barcelona Beer Company,4.0,Pale Ale - Other,330ml,330,7.55,Pale Ale
Braupakt,2.49,Germany,3.67,Bayerische Staatsbrauerei Weihenstephan/ Sierra Nevada Brewing Co.,6.0,Wheat Beer - Hefeweizen,330ml,330,7.55,Wheat Beer
Trappist Extra,2.49,Belgium,3.46,Brouwerij der Trappisten van Westmalle,4.8,Belgian Enkel / Patersbier,330ml,330,7.55,Belgian Enkel / Patersbier
Alt Latzenbier,2.49,Germany,3.44,Brauerei Schumacher,4.6,Altbier - Traditional,330ml,330,7.55,Altbier
Pater Lieven Wit,2.49,Belgium,3.33,Brouwerij Van Den Bossche,4.5,Wheat Beer - Witbier / Blanche,330ml,330,7.55,Wheat Beer
Extra 4,2.49,Belgium,3.43,Brouwerij St.Bernardus,4.8,Belgian Enkel / Patersbier,330ml,330,7.55,Belgian Enkel / Patersbier
Schimpf Bockbier,2.49,Germany,3.36,Kronenbrauerei Schimpf,7.2,Bock - Hell / Maibock / Lentebock,330ml,330,7.55,Bock
Goud,2.49,Belgium,3.55,Bières de Chimay,4.8,Belgian Enkel / Patersbier,Can 330ml,330,7.55,Belgian Enkel / Patersbier
Van Eecke Kapittel Watou Tripel Abt 10,2.5,Belgium,3.53,Leroy Breweries,10.0,Belgian Tripel,330ml,330,7.58,Belgian Tripel
Schofferhofer Zitrone,2.5,Germany,3.22,Radeberger Gruppe,2.5,Shandy / Radler,330ml,330,7.58,Shandy / Radler
Vleteren 8 Blond,2.5,Belgium,3.5,Deca Brouwerij,8.0,Belgian Tripel,330ml,330,7.58,Belgian Tripel
Bishops Finger Kentish Strong Ale,3.79,England,3.33,Shepherd Neame,5.2,Bitter - Extra Special / Strong (ESB),500ml,500,7.58,Bitter
Pere Noel 2023,2.5,Belgium,3.72,Brouwerij De Ranke,7.0,Winter Ale,330ml,330,7.58,Winter Ale
Moosehead Canadian Pale Ale,2.69,Canada,3.08,Moosehead Breweries Limited,5.0,Pale Ale - American,355ml,355,7.58,Pale Ale
Babbel,2.5,Belgium,3.46,'t Paenhuys,8.0,Belgian Tripel,330ml,330,7.58,Belgian Tripel
SUPER 8 Flandrien 0.0,2.5,Belgium,2.75,Brouwerij Haacht Brasserie,5.7,Non-Alcoholic - Other,330ml,330,7.58,Non-Alcoholic
Pub Ale (Traditional Ale),2.5,Sweden,3.22,Brewski,3.8,Traditional Ale,330ml,330,7.58,Traditional Ale
De Molen Fruit & Kruid,2.5,Netherlands,3.44,Brouwerij de Molen,6.2,Belgian Blonde,330ml,330,7.58,Belgian Blonde
Schöfferhofer Granatapfel,2.5,Germany,3.0,Radeberger Gruppe,2.5,Shandy / Radler,330ml,330,7.58,Shandy / Radler
Blonde à l'Ancienne,2.5,France,3.44,Brasserie Goudale - Les Brasseurs de Gayant,7.2,Farmhouse Ale - Bière de Garde,330ml,330,7.58,Farmhouse Ale
Retro IPA,2.5,Ireland,3.48,Rye River Brewing Company,5.6,IPA - English,330ml,330,7.58,IPA
Designated Dryver,2.5,Netherlands,3.15,Dutch Bargain,0.3,Non-Alcoholic - Other,330ml,330,7.58,Non-Alcoholic
Dulle Griet Dubbel,2.5,Belgium,3.29,Scheldebrouwerij,6.5,Belgian Dubbel,330ml,330,7.58,Belgian Dubbel
Ne Flierefluiter Westelse Tripel,2.5,Belgium,3.49,Brouwerij Fisser,8.5,Belgian Tripel,330ml,330,7.58,Belgian Tripel
Wit,2.5,Belgium,3.36,Ter Dolen,5.1,Wheat Beer - Witbier / Blanche,330ml,330,7.58,Wheat Beer
Spitfire Amber Ale,3.79,England,3.25,Shepherd Neame,4.5,Bitter - Best,500ml,500,7.58,Bitter
Thor Cold Brew Infused,2.5,Belgium,3.28,NordHunn,9.0,Belgian Quadrupel,330ml,330,7.58,Belgian Quadrupel
Hoppy Saison,2.5,Belgium,3.27,Brouwerij Eylenbosch,5.5,Farmhouse Ale - Saison,330ml,330,7.58,Farmhouse Ale
Special Blond,2.5,Belgium,3.28,Brouwerij Eylenbosch,6.5,Belgian Blonde,330ml,330,7.58,Belgian Blonde
Kasteel Rubus,2.5,Belgium,3.57,Kasteel Brouwerij Vanhonsebrouck,7.0,Fruit Beer,330ml,330,7.58,Fruit Beer
Brewdog Punk IPA,2.5,Scotland,3.71,BrewDog,5.4,IPA - American,Can 330ml,330,7.58,IPA
Isid'Or,2.5,Netherlands,3.75,Bierbrouwerij De Koningshoeven,7.5,Belgian Strong Golden Ale,330ml,330,7.58,Belgian Strong Golden Ale
Martin's Bourgogne Des Flandres,2.5,Belgium,3.58,Brewery John Martin & Brewery Timmermans,5.0,Sour - Flanders Red Ale,330ml,330,7.58,Sour
Brogue Irish Red,2.5,Ireland,3.58,Rye River Brewing Company,4.4,Red Ale - Irish,330ml,330,7.58,Red Ale
Slijkvisser Plèkpot,2.5,Belgium,3.61,Brouwerij Vandijck,11.0,Belgian Tripel,330ml,330,7.58,Belgian Tripel
Nector,2.5,France,3.49,Brasserie Iron,5.5,Pale Ale - American,330ml,330,7.58,Pale Ale
Libidus Quartz,2.5,Belgium,3.11,Libidus - Let it Beer,6.9,Fruit Beer,330ml,330,7.58,Fruit Beer
Rivington X Morpheus - farmhouse sour,2.5,Belgium,3.8,Brouwerij Alvinne,5.0,Sour - Other,330ml,330,7.58,Sour
Rubbens Tripel,2.5,Belgium,3.49,Stokerij Brouwerij Rubbens,8.5,Belgian Tripel,330ml,330,7.58,Belgian Tripel
Rivington X Alvinne  - Grisette,2.5,Belgium,3.8,Brouwerij Alvinne,5.0,Sour - Other,330ml,330,7.58,Sour
Schofferhofer Maracuja,2.5,Germany,3.14,Radeberger Gruppe,2.5,Shandy / Radler,330ml,330,7.58,Shandy / Radler
Right Honey?!,2.5,Belgium,3.23,Microbrouwerij De Rechter,8.0,Honey Beer,330ml,330,7.58,Honey Beer
To Ol 45 Dias Mexican Lager,2.5,Denmark,2.86,To Øl,4.5,Lager - Mexican,330ml,330,7.58,Lager
Eventide Irish Stout,2.5,Ireland,3.72,Rye River Brewing Company,4.5,Stout - Irish Dry,330ml,330,7.58,Stout
Floreffe Double,2.5,Belgium,3.23,Brasserie Lefebvre,10.0,Belgian Dubbel,330ml,330,7.58,Belgian Dubbel
Bush Triple,2.5,Belgium,3.62,Brasserie Dubuisson,5.0,Belgian Strong Golden Ale,330ml,330,7.58,Belgian Strong Golden Ale
SchuppenAas,2.5,Belgium,3.26,Brouwerij Het Nest,6.5,Pale Ale - Belgian,330ml,330,7.58,Pale Ale
Koffie & Toffee,2.5,Netherlands,3.65,Brouwerij de Molen,8.5,Porter - Baltic,330ml,330,7.58,Porter
Barentsz Winter,2.5,Belgium,3.43,Rimor Brewery,9.2,Belgian Quadrupel,330ml,330,7.58,Belgian Quadrupel
St. Bernardus Watou Tripel,2.5,Belgium,3.65,Brouwerij St.Bernardus,7.5,Belgian Tripel,330ml,330,7.58,Belgian Tripel
Dracarys,2.5,Belgium,3.28,Microbrouwerij De Rechter,10.0,Belgian Tripel,330ml,330,7.58,Belgian Tripel
Dolden Null,2.5,Germany,3.12,Riedenburger Brauhaus,0.5,Non-Alcoholic - IPA,330ml,330,7.58,Non-Alcoholic
Hirsebier glutenfrei,2.5,Germany,2.39,Riedenburger Brauhaus,4.5,Sorghum / Millet Beer,330ml,330,7.58,Sorghum / Millet Beer
Nois Tripel,2.5,Belgium,3.54,Nois Brews,7.5,Belgian Tripel,330ml,330,7.58,Belgian Tripel
De Molen Op & Top,2.5,Netherlands,3.42,Brouwerij de Molen,4.5,Pale Ale - American,330ml,330,7.58,Pale Ale
Cider Classic Apple,2.5,Germany,3.49,BRLO,4.5,Cider - Traditional / Apfelwein,330ml,330,7.58,Cider
Armand,2.5,Belgium,3.56,Ter Dolen,7.1,Belgian Blonde,330ml,330,7.58,Belgian Blonde
Schofferhofer Kirsche,2.5,Germany,2.95,Radeberger Gruppe,2.5,Shandy / Radler,330ml,330,7.58,Shandy / Radler
Rothaus Märzen / Eiszäpfle,2.5,Germany,3.47,Badische Staatsbrauerei Rothaus,5.6,Märzen,330ml,330,7.58,Märzen
Filou Blond,2.5,Belgium,3.53,Kasteel Brouwerij Vanhonsebrouck,8.5,Belgian Tripel,330ml,330,7.58,Belgian Tripel
Organicus,2.5,Belgium,3.54,Brasserie Lupulus,8.5,Belgian Tripel,330ml,330,7.58,Belgian Tripel
Dolden Dark,2.5,Germany,3.41,Riedenburger Brauhaus,6.9,Porter - Other,330ml,330,7.58,Porter
Dolden Sud IPA,2.5,Germany,3.5,Riedenburger Brauhaus,6.5,IPA - Other,330ml,330,7.58,IPA
Rothaus Rothaus Pils / Tannen Zäpfle,2.5,Germany,3.47,Badische Staatsbrauerei Rothaus,5.1,Pilsner - German,330ml,330,7.58,Pilsner
Rothaus Hefeweizen / Weizenzäpfle,2.5,Germany,3.59,Badische Staatsbrauerei Rothaus,5.4,Wheat Beer - Hefeweizen,330ml,330,7.58,Wheat Beer
Cuvée Clarisse Wild Weasel Whisky Infused,2.5,Belgium,3.75,Brouwerij Wilderen,10.2,Belgian Strong Dark Ale,330ml,330,7.58,Belgian Strong Dark Ale
St. Bernardus Abt 12,2.5,Belgium,4.0,Brouwerij St.Bernardus,10.0,Belgian Quadrupel,Bottle 330ml,330,7.58,Belgian Quadrupel
Schofferhofer Grapefruit,2.5,Germany,3.58,Radeberger Gruppe,2.5,Shandy / Radler,330ml,330,7.58,Shandy / Radler
Bonaparty IPA,2.5,Belgium,3.46,Brouwerij Palm,5.5,IPA - Belgian,330ml,330,7.58,IPA
Slijkvisser Blond,2.5,Belgium,3.61,Brouwerij Vandijck,11.0,Belgian Tripel,330ml,330,7.58,Belgian Tripel
Right Willy?,2.5,Belgium,3.31,Microbrouwerij De Rechter,7.0,Belgian Blonde,330ml,330,7.58,Belgian Blonde
Hasseltse Stoute,2.5,Belgium,3.31,Microbrouwerij De Rechter,10.0,Stout - Imperial / Double,330ml,330,7.58,Stout
24741 Blond,2.5,Belgium,3.4,Beerdevelopment Viven,6.1,Belgian Blonde,330ml,330,7.58,Belgian Blonde
Omer Blond,2.5,Belgium,3.6,Omer Vander Ghinste,8.0,Belgian Blonde,Bottle 330ml,330,7.58,Belgian Blonde
24690 Zuster Agatha,2.5,Netherlands,3.64,Muifelbrouwerij,10.0,Belgian Quadrupel,330ml,330,7.58,Belgian Quadrupel
Reinaert Grand Cru,2.5,Belgium,3.58,De Proefbrouwerij,9.5,Belgian Strong Dark Ale,330ml,330,7.58,Belgian Strong Dark Ale
Tripel Abt,2.5,Belgium,3.53,Leroy Breweries,10.0,Belgian Tripel,330ml,330,7.58,Belgian Tripel
Hopnytized NEIPA,2.5,Belgium,3.76,Enigma,8.0,IPA - Imperial / Double,330ml,330,7.58,IPA
Malkogorri Patxaran,2.5,France,3.42,Ixo,8.8,Bock - Doppelbock,330ml,330,7.58,Bock
Triporteur From Heaven,2.5,Belgium,3.55,BOMBrewery,6.2,Belgian Blonde,330ml,330,7.58,Belgian Blonde
Witbier,2.5,Belgium,3.6,Brouwerij Van Steenberge,5.0,Wheat Beer - Witbier / Blanche,330ml,330,7.58,Wheat Beer
"Be Wise - 0,3%25 - Alcoholvrij",2.5,Netherlands,3.18,Brouwerij Kees,0.3,Non-Alcoholic - Wheat,330ml,330,7.58,Non-Alcoholic
Winter master,2.5,Belgium,3.76,Brewery De Meester,12.0,Barleywine - Other,330ml,330,7.58,Barleywine
Runxter Stout,2.5,Belgium,2.83,Brouwerij Donbosvalk,6.6,Stout - Irish Dry,330ml,330,7.58,Stout
Cider Rosé,2.5,Germany,3.46,BRLO,4.5,Cider - Rosé,330ml,330,7.58,Cider
Goudenband,2.5,Belgium,3.69,Brouwerij Liefmans,8.0,Sour - Flanders Oud Bruin,Bottle 330ml,330,7.58,Sour
Reserva Roja Bock,2.5,Spain,3.48,Grupo Cervezas Alhambra,7.2,Bock - Single / Traditional,330ml,330,7.58,Bock
Paljas Blond,2.5,Belgium,3.37,Brouwerij Henricus,6.0,Belgian Blonde,330ml,330,7.58,Belgian Blonde
Berliner Framboos-Raspberry,2.5,Belgium,3.82,Brouwerij Alvinne/ Laugar Brewery,4.0,Sour - Fruited Berliner Weisse,330ml,330,7.58,Sour
Troubadour Blond,2.5,Belgium,3.48,Brouwerij The Musketeers,6.5,Belgian Blonde,330ml,330,7.58,Belgian Blonde
Bockbier,2.5,Netherlands,3.52,Bierbrouwerij De Koningshoeven,7.0,Bock - Single / Traditional,330ml,330,7.58,Bock
Ambrée à l'ancienne,2.5,France,3.11,Brasserie Artisanale La Goule,6.0,Red Ale - American Amber / Red,330ml,330,7.58,Red Ale
Amer Amer,2.5,Belgium,3.37,Brouwerij De Ranke,6.0,IPA - Belgian,330ml,330,7.58,IPA
Left Hand IPA,2.69,United States,3.59,Left Hand Brewing Company,6.6,IPA - American,355ml,355,7.58,IPA
Grand Cru,2.5,France,3.62,Brasserie Goudale - Les Brasseurs de Gayant,7.9,Farmhouse Ale - Bière de Garde,330ml,330,7.58,Farmhouse Ale
Boer Willem Bruin,2.5,Belgium,3.47,FoxTown Beer Crew,7.5,Belgian Tripel,330ml,330,7.58,Belgian Tripel
Boer Willem Blond,2.5,Belgium,3.47,FoxTown Beer Crew,6.9,Belgian Tripel,330ml,330,7.58,Belgian Tripel
Boer Willem Tripel,2.5,Belgium,3.47,FoxTown Beer Crew,7.5,Belgian Tripel,330ml,330,7.58,Belgian Tripel
Mooie Nel IPA,2.5,Netherlands,3.59,Jopen,6.5,IPA - American,330ml,330,7.58,IPA
Brewing Dokkie,2.5,Belgium,3.24,Dok Brewing Company,0.3,Non-Alcoholic - Sour,330ml,330,7.58,Non-Alcoholic
Tess,2.5,Netherlands,3.3,Kaapse Brouwers,5.0,Farmhouse Ale - Saison,330ml,330,7.58,Farmhouse Ale
Brasserie Goudale Ambree,2.5,France,3.41,Brasserie Goudale - Les Brasseurs de Gayant,7.2,Farmhouse Ale - Bière de Garde,330ml,330,7.58,Farmhouse Ale
Brasvar Tripel,2.5,Belgium,3.41,Libidus - Let it Beer,7.5,Belgian Tripel,330ml,330,7.58,Belgian Tripel
Landbier,2.5,Germany,3.48,orca brau,5.1,Lager - Helles,330ml,330,7.58,Lager
Moesjke Cherie,2.5,Belgium,3.32,Bierfirma Ultima,6.9,Fruit Beer,330ml,330,7.58,Fruit Beer
Martha Brown Eyes,2.5,Belgium,3.66,The Brew Society,12.0,Belgian Strong Dark Ale,330ml,330,7.58,Belgian Strong Dark Ale
Wingman Pale Ale,2.5,Australia,3.51,BrewDog Australia,4.0,Pale Ale - Other,330ml,330,7.58,Pale Ale
Freyja's Love Øl,2.5,Belgium,3.56,NordHunn,7.0,Pale Ale - American,330ml,330,7.58,Pale Ale
Lil' Bangin'- Session IPA,2.5,Ireland,3.44,Rye River Brewing Company,3.8,IPA - Session,330ml,330,7.58,IPA
Pony's,2.5,Belgium,3.3,Eentjevanthuis - Pony's Beer,4.0,IPA - Session,330ml,330,7.58,IPA
WeißAss,2.5,Belgium,3.42,Brouwerij Palm,5.4,IPA - White / Wheat,330ml,330,7.58,IPA
Gulden Draak Brewmaster Zwaar Blond,2.5,Belgium,3.83,Brouwerij Van Steenberge,10.5,Belgian Strong Golden Ale,330ml,330,7.58,Belgian Strong Golden Ale
Lager,2.5,Germany,3.27,Einbecker Brauhaus,4.4,Lager - Helles,330ml,330,7.58,Lager
Dr. Raptor Imperial IPA,2.5,Netherlands,3.68,Uiltje Brewing Company,8.2,IPA - Imperial / Double,Can 330ml,330,7.58,IPA
Kupela Hard Cider Brut 33,2.5,France,3.61,Kupela Sagardoa - Cidre basque,6.0,Cider - Basque,330ml,330,7.58,Cider
Upstream- Pale Ale,2.5,Ireland,3.56,Rye River Brewing Company,4.5,Pale Ale - Other,330ml,330,7.58,Pale Ale
vandeStreek Fun House Non Alcoholic NEIPA,2.5,Hong Kong,3.31,Gweilo Beer/ vandeStreek bier,0.5,Non-Alcoholic - IPA,330ml,330,7.58,Non-Alcoholic
Mas Lima,2.69,United States,3.46,Oskar Blues Brewery,5.0,Lager - Mexican,355ml,355,7.58,Lager
Icauna,2.5,France,3.69,Popihn,4.8,Pale Ale - American,330ml,330,7.58,Pale Ale
Pumpkin Weizen Pumpkin & Spiced Orange,2.5,Netherlands,3.25,Lowlander Beer,5.0,Pumpkin / Yam Beer,330ml,330,7.58,Pumpkin / Yam Beer
Taxandria Copper Ale,2.5,Belgium,3.53,Gallico,8.0,Belgian Strong Golden Ale,330ml,330,7.58,Belgian Strong Golden Ale
Iced Out,2.69,United States,3.7,Crooked Stave Artisan Beer Project,7.0,IPA - Cold,355ml,355,7.58,IPA
Rubbens IPA,2.5,Belgium,3.44,Stokerij Brouwerij Rubbens,5.5,IPA - Belgian,330ml,330,7.58,IPA
Geitje van het Hobos,2.5,Belgium,3.52,Huisbrouwerij De Geiteling,9.3,Belgian Quadrupel,330ml,330,7.58,Belgian Quadrupel
Tripel Bertha,2.5,Belgium,3.51,Brussels Beer Project,6.5,Wheat Beer - Hefeweizen,330ml,330,7.58,Wheat Beer
Orchestra of Angels,2.5,Netherlands,3.65,100 Watt Brewery,0.4,IPA - New England / Hazy,330ml,330,7.58,IPA
Run Wild IPA,2.69,United States,3.37,Athletic Brewing Company,0.5,Non-Alcoholic - IPA,355ml,355,7.58,Non-Alcoholic
HOBOS Tripel,2.5,Belgium,3.42,Microbrouwerij Mølder & Coöp.,8.8,Belgian Tripel,330ml,330,7.58,Belgian Tripel
Trick or Treat?,3.8,Poland,3.71,Magic Road,5.2,Sour - Smoothie / Pastry,Can 500ml,500,7.6,Sour
Hacker Pschorr Can Anno 1417 Munich Keller Bier,3.8,Germany,3.51,Hacker-Pschorr,5.5,Kellerbier / Zwickelbier,500ml,500,7.6,Kellerbier / Zwickelbier
Mage,3.8,Poland,3.87,Browar Monsters,5.5,IPA - New England / Hazy,Can 500ml,500,7.6,IPA
NoHo,3.8,Poland,3.71,Browarny Craft Beer,5.0,Pilsner - New Zealand,Can 500ml,500,7.6,Pilsner
Totoa,3.8,Poland,3.81,Browarny Craft Beer,6.0,IPA - Black / Cascadian Dark Ale,Can 500ml,500,7.6,IPA
Szosa,3.8,Poland,3.9,Browar Nepomucen,7.1,IPA - Imperial / Double New England / Hazy,Can 500ml,500,7.6,IPA
Califia West Coast IPA,3.8,Poland,3.79,Trzech Kumpli,7.0,IPA - American,Bottle 500ml,500,7.6,IPA
Hacker Pschorr Munich Gold Can,3.8,Germany,3.52,Hacker-Pschorr,5.5,Lager - Dortmunder / Export,500ml,500,7.6,Lager
Vitus,3.8,Germany,3.84,Bayerische Staatsbrauerei Weihenstephan,7.7,Bock - Weizenbock,500ml,500,7.6,Bock
System Binarny,3.8,Poland,3.63,Browar Artezan,4.8,IPA - New England / Hazy,Can 500ml,500,7.6,IPA
Take it Easy,3.8,Poland,3.58,Piwne Podziemie,4.7,IPA - Session,Can 500ml,500,7.6,IPA
Shake It,3.8,Poland,3.53,Funky Fluid,6.0,Fruit Beer,Can 500ml,500,7.6,Fruit Beer
Hazy Jane,3.8,Scotland,3.67,BrewDog,5.0,IPA - New England / Hazy,Can 500ml,500,7.6,IPA
Domena #2,3.8,Poland,3.49,Przetwórnia Chmielu,5.0,IPA - Session,Can 500ml,500,7.6,IPA
Wycisk,3.8,Poland,3.64,Przetwórnia Chmielu,5.0,Sour - Fruited,Can 500ml,500,7.6,Sour
I am Pagliacci,3.8,Poland,3.61,Funky Fluid,4.5,IPA - Session,Can 500ml,500,7.6,IPA
Addicted To You,3.8,Poland,3.77,Magic Road,4.5,IPA - Session,Can 500ml,500,7.6,IPA
Pineapple Sour,3.8,Poland,3.7,Funky Fluid,4.0,Sour - Other,Can 500ml,500,7.6,Sour
Long Story Short,3.8,Poland,3.65,Browar Artezan,5.0,Sour - Fruited Berliner Weisse,Can 500ml,500,7.6,Sour
On The Rocks Fruitesse Fruitbier,1.9,Belgium,3.37,Brouwerij Liefmans,3.8,Fruit Beer,Bottle 250ml,250,7.6,Fruit Beer
Trendy,3.8,Poland,3.75,Przetwórnia Chmielu,5.5,IPA - New England / Hazy,Can 500ml,500,7.6,IPA
Schneider Weisse TAP6 Aventinus,3.8,Germany,3.81,Schneider Weisse G. Schneider & Sohn,8.2,Bock - Weizendoppelbock,500ml,500,7.6,Bock
Bacchus Vlaams Oud Bruin,2.85,Belgium,3.57,Kasteel Brouwerij Vanhonsebrouck,4.5,Sour - Flanders Oud Bruin,Bottle 375ml,375,7.6,Sour
Appel Lambic Beer,1.9,Belgium,3.49,Brouwerij Lindemans,3.5,Lambic - Fruit,Bottle 250ml,250,7.6,Lambic
Skala #3,3.8,Poland,3.71,Przetwórnia Chmielu,6.0,IPA - New Zealand,Can 500ml,500,7.6,IPA
Hacker Pschorr Weissbier Can,3.8,Germany,3.68,Hacker-Pschorr,5.5,Wheat Beer - Hefeweizen,500ml,500,7.6,Wheat Beer
Guiness Draught 0.0,3.35,Ireland,3.2,Guinness,5.8,Non-Alcoholic - Porter / Stout,Can 440ml,440,7.61,Non-Alcoholic
Toetëlèr Speculaas,2.51,Belgium,3.09,Brouwerij Den Toetëlèr,8.5,Spiced / Herbed Beer,330ml,330,7.61,Spiced / Herbed Beer
Amber,3.35,Germany,3.43,Camba Bavaria,7.2,Red Ale - American Amber / Red,Can 440ml,440,7.61,Red Ale
Passion For Session,3.35,Netherlands,3.47,Brouwerij Kees,4.5,IPA - Session,Can 440ml,440,7.61,IPA
Chiemsee Pale – Pale Ale,3.35,Germany,3.64,Camba Bavaria,5.3,Pale Ale - Other,Can 440ml,440,7.61,Pale Ale
Wai-iti Beach Sunset,3.81,Czech Republic,3.61,Sibeeria,3.1,Pilsner - New Zealand,Can 500ml,500,7.62,Pilsner
Pizzapils,3.05,Italy,3.57,CRAK Brewery,5.0,Pilsner - Other,400ml,400,7.62,Pilsner
Westmalle Trappist Tripel,2.52,Belgium,3.81,Brouwerij der Trappisten van Westmalle,9.5,Belgian Tripel,330ml,330,7.64,Belgian Tripel
Fruh Kolsch 5L Mini Keg,38.3,Germany,3.32,Cölner Hofbräu Früh,4.8,Kölsch,5000ml,5000,7.66,Kölsch
Pohjala Laager,3.37,Estonia,3.37,Põhjala,4.7,Pilsner - German,Can 440ml,440,7.66,Pilsner
Verzet Ants Pants,2.53,Belgium,3.04,Brouwerij 't Verzet,4.8,Porter - English,330ml,330,7.67,Porter
Formula B Jim Beam,5.75,Netherlands,3.84,Hop Racer,12.0,Belgian Quadrupel,Bottle 750ml,750,7.67,Belgian Quadrupel
Moriau Oude Geuze,5.75,Belgium,3.79,Geuzestekerij Moriau,7.0,Lambic - Gueuze,Bottle 750ml,750,7.67,Lambic
Blonde,5.75,Belgium,3.6,Brasserie Lupulus,8.5,Belgian Tripel,Bottle 750ml,750,7.67,Belgian Tripel
De la Senne Taras Boulba,2.53,Belgium,3.35,Brasserie de la Senne,4.5,Belgian Blonde,330ml,330,7.67,Belgian Blonde
Mangofeber IPA,2.53,Sweden,3.79,Brewski,4.2,IPA - Imperial / Double,Can 330ml,330,7.67,IPA
Mini IPA,3.84,Czech Republic,3.72,Sibeeria,3.8,IPA - Session,Can 500ml,500,7.68,IPA
Moosehead Canadian Lager,2.69,Canada,3.17,Moosehead Breweries Limited,5.0,Lager - American,350ml,350,7.69,Lager
Vánoční IPA,5.77,Czech Republic,3.66,Pivovar Mazák,6.5,IPA - Other,Bottle 750ml,750,7.69,IPA
Camba Die Therese Festbier,3.39,Germany,3.47,Camba Bavaria,6.2,Festbier,Can 440ml,440,7.7,Festbier
Of Foam And Fury,3.39,Ireland,3.76,Galway Bay Brewery,8.5,IPA - Imperial / Double,Can 440ml,440,7.7,IPA
Zillertal Gauder Bock,3.85,Austria,3.4,Zillertal Bier,7.8,Bock - Hell / Maibock / Lentebock,500ml,500,7.7,Bock
Brewdog Punk IPA Dose,3.39,United States,3.69,Desert Edge Brewery,7.4,IPA - Triple New England / Hazy,Can 440ml,440,7.7,IPA
Liquid Luck,3.85,Czech Republic,3.74,Sibeeria,4.3,Pale Ale - American,Can 500ml,500,7.7,Pale Ale
Hefe-Weizen Mini Keg,38.5,Germany,3.67,Paulaner Brauerei,5.5,Wheat Beer - Hefeweizen,5000ml,5000,7.7,Wheat Beer
Amer-Amer,2.54,Belgium,3.37,Brouwerij De Ranke,6.0,IPA - Belgian,330ml,330,7.7,IPA
Jelster,3.39,Netherlands,3.6,Kaapse Brouwers,5.5,IPA - New England / Hazy,Can 440ml,440,7.7,IPA
Adriaen Brouwer Oaked,2.54,Belgium,3.61,Brouwerij Roman,10.0,Belgian Strong Dark Ale,330ml,330,7.7,Belgian Strong Dark Ale
De la Senne Zenne Pils,2.54,Belgium,3.48,Brasserie de la Senne,4.9,Pilsner - Other,330ml,330,7.7,Pilsner
dHOP 49 Double IPA,3.65,United States,3.99,Equilibrium Brewery,8.5,IPA - Imperial / Double New England / Hazy,Can 473ml,473,7.72,IPA
The All Seeing Eye Double New England IPA,3.65,United States,4.26,Long Live Beerworks,8.4,IPA - Imperial / Double New England / Hazy,Can 473ml,473,7.72,IPA
Stoute Bie,2.55,Belgium,2.97,Brouwerij De Bie,5.5,Stout - Belgian,330ml,330,7.73,Stout
"Gose Concombre, Aneth, Citron",3.4,France,3.92,Brasserie Iron,6.0,Sour - Traditional Gose,Can 440ml,440,7.73,Sour
Rebelse Strop,2.55,Belgium,3.3,Brouwerij Roman,5.0,Brett Beer,330ml,330,7.73,Brett Beer
Père Noël,2.55,Belgium,3.45,Brouwerij De Ranke,7.0,Winter Ale,330ml,330,7.73,Winter Ale
Saison De Dottignies,2.55,Belgium,3.42,Brouwerij De Ranke,5.5,Farmhouse Ale - Saison,330ml,330,7.73,Farmhouse Ale
**ON SALE** Gipsy Hill - Sun Seeker,3.4,England,3.66,The Gipsy Hill Brewing Co.,5.5,Pale Ale - American,Can 440ml,440,7.73,Pale Ale
Avec Les Bons Vœux,2.9,Belgium,3.8,Brasserie Dupont,9.5,Farmhouse Ale - Saison,Bottle 375ml,375,7.73,Farmhouse Ale
Désinvolte Blanche,5.8,France,3.44,La Berlue,5.0,Wheat Beer - Other,Bottle 750ml,750,7.73,Wheat Beer
De Eeuwige Jeugd Nitwit,2.55,Netherlands,3.51,Brouwerij de Eeuwige Jeugd,6.0,Wheat Beer - Witbier / Blanche,330ml,330,7.73,Wheat Beer
Averbode,2.55,Belgium,3.57,Huisbrouwerij Averbode,7.5,Belgian Strong Golden Ale,330ml,330,7.73,Belgian Strong Golden Ale
Kriek,2.55,Belgium,2.99,Brouwerij Kompel,3.5,Fruit Beer,330ml,330,7.73,Fruit Beer
Bohemian Pilsner,2.55,Germany,3.31,Brauerei Lemke,5.0,Pilsner - Czech / Bohemian,330ml,330,7.73,Pilsner
Chouffe La,2.55,Belgium,3.82,Brasserie d'Achouffe,8.0,Belgian Strong Golden Ale,330ml,330,7.73,Belgian Strong Golden Ale
IJbok,2.55,Netherlands,3.39,Brouwerij 't IJ,6.5,Bock - Single / Traditional,330ml,330,7.73,Bock
Prion Des Fleurs,2.55,Belgium,3.47,Brouwerij Kompel,8.0,Honey Beer,330ml,330,7.73,Honey Beer
Blanche,2.55,Belgium,3.43,Brouwerij Corsendonk,4.8,Wheat Beer - Witbier / Blanche,330ml,330,7.73,Wheat Beer
LeFort Tripel,2.55,Belgium,3.72,Omer Vander Ghinste,8.8,Belgian Tripel,Bottle 330ml,330,7.73,Belgian Tripel
Ename Tripel,2.55,Belgium,3.55,Brouwerij Roman,8.5,Belgian Tripel,330ml,330,7.73,Belgian Tripel
Mak Es Pruuve?,2.55,Belgium,3.49,MAK Brewery,7.0,Belgian Tripel,330ml,330,7.73,Belgian Tripel
23320 Abt 12,2.55,Belgium,4.0,Brouwerij St.Bernardus,10.0,Belgian Quadrupel,Bottle 330ml,330,7.73,Belgian Quadrupel
Achel Bruin,2.55,Belgium,3.67,Brouwerij der Sint-Benedictusabdij De Achelse Kluis,8.0,Belgian Dubbel,330ml,330,7.73,Belgian Dubbel
Pauwel Kwak Blonde,2.55,Belgium,3.55,Brouwerij Bosteels,7.4,Blonde / Golden Ale - Other,330ml,330,7.73,Blonde / Golden Ale
Wheat Ale,5.8,France,3.48,Effet Papillon,5.1,Wheat Beer - American Pale Wheat,Bottle 750ml,750,7.73,Wheat Beer
American Pale ale,5.8,France,3.52,Effet Papillon,5.5,Pale Ale - American,Bottle 750ml,750,7.73,Pale Ale
St-Bernardus Abt 12,2.55,Belgium,4.0,Brouwerij St.Bernardus,10.0,Belgian Quadrupel,330ml,330,7.73,Belgian Quadrupel
Organic Pale Ale Biologisch,4.25,England,3.45,Samuel Smith,5.0,Pale Ale - English,550ml,550,7.73,Pale Ale
Dry Hopped Hefeweizen,3.4,Denmark,3.48,To Øl,5.5,Wheat Beer - Hefeweizen,Can 440ml,440,7.73,Wheat Beer
Witkap Pater Tripel,2.55,Belgium,3.48,Brouwerij Slaghmuylder,7.5,Belgian Tripel,330ml,330,7.73,Belgian Tripel
Keizer Karel Goud Blond,2.55,Belgium,3.53,Brouwerij Haacht Brasserie,8.5,Belgian Strong Golden Ale,330ml,330,7.73,Belgian Strong Golden Ale
Paljas Saison,2.55,Belgium,3.42,Brouwerij Henricus,6.0,Farmhouse Ale - Saison,330ml,330,7.73,Farmhouse Ale
Chouffe Mc,2.55,Belgium,3.64,Brasserie d'Achouffe,8.0,Belgian Strong Dark Ale,330ml,330,7.73,Belgian Strong Dark Ale
Vedett Extra Ordinary IPA,2.55,Belgium,3.49,Duvel Moortgat,5.5,IPA - Belgian,330ml,330,7.73,IPA
Tiny Dragon,3.4,Denmark,3.25,To Øl,4.0,Sour - Fruited,Can 440ml,440,7.73,Sour
St. Barbara Salvatoris,2.55,Belgium,3.58,Brouwerij Kompel,8.5,Belgian Strong Golden Ale,330ml,330,7.73,Belgian Strong Golden Ale
Phi Rabarber Amarillo,5.8,Belgium,3.84,Brouwerij Alvinne,8.0,Sour - Fruited,Bottle 750ml,750,7.73,Sour
Cuvée Freddy Bosbes-Blueberry,5.8,Belgium,3.84,Brouwerij Alvinne,8.0,Sour - Fruited,Bottle 750ml,750,7.73,Sour
Brunehaut Blond,2.55,Belgium,3.16,Brasserie de Brunehaut,6.5,Gluten-Free,330ml,330,7.73,Gluten-Free
De Eeuwige Jeugd Gladjanus,2.55,Netherlands,3.5,Brouwerij de Eeuwige Jeugd,5.2,IPA - White / Wheat,330ml,330,7.73,IPA
Oxfordshire Blue,3.87,England,3.39,Ridgeway Brewing,4.8,Pale Ale - English,500ml,500,7.74,Pale Ale
Sam's Brown Ale Alcohol Free,2.75,England,3.15,Samuel Smith,0.4,Non-Alcoholic - Other,355ml,355,7.75,Non-Alcoholic
Oude Gueuze Cuvée René,5.81,Belgium,3.73,Brouwerij Lindemans,6.0,Lambic - Gueuze,Bottle 750ml,750,7.75,Lambic
Coconut Zingy,3.89,Poland,3.65,Funky Fluid,6.2,IPA - Sour,Can 500ml,500,7.78,IPA
Fusion: Przetwornia Chmielu,3.89,Poland,3.85,Funky Fluid,6.4,IPA - New England / Hazy,Can 500ml,500,7.78,IPA
Smooth,3.89,Poland,3.82,Funky Fluid,6.6,IPA - New England / Hazy,Can 500ml,500,7.78,IPA
Witgoud,2.57,Belgium,3.34,Brouwerij Hof ten Dormaal,8.0,Wheat Beer - Witbier / Blanche,330ml,330,7.79,Wheat Beer
Passion Pale Ale,2.57,Sweden,3.54,Poppels Bryggeri,5.2,Pale Ale - Fruited,330ml,330,7.79,Pale Ale
De la Senne Petit Boulba,2.57,Belgium,3.46,Brasserie de la Senne,2.8,Table Beer,330ml,330,7.79,Table Beer
Zeeuwsche Witte,1.95,Netherlands,3.34,Bierbrouwerij Vermeersen,5.0,Wheat Beer - Witbier / Blanche,Bottle 250ml,250,7.8,Wheat Beer
Starfleet's Finest,3.9,Poland,3.7,Magic Road,4.5,Pale Ale - American,Can 500ml,500,7.8,Pale Ale
Hazy Morning,3.9,Poland,3.6,Browar PINTA,4.4,Pale Ale - New England / Hazy,500ml,500,7.8,Pale Ale
Modern Drinking,3.9,Poland,3.66,Browar PINTA,6.5,IPA - American,500ml,500,7.8,IPA
Wieża 3.0,3.9,Poland,3.79,Browar Cztery Ściany,4.9,Pilsner - New Zealand,Can 500ml,500,7.8,Pilsner
Hefe-Weissbier Dunkel,3.9,Germany,3.55,Paulaner Brauerei,5.0,Wheat Beer - Dunkelweizen,500ml,500,7.8,Wheat Beer
California Banger,3.9,Poland,3.8,Piwne Podziemie,6.4,IPA - American,Can 500ml,500,7.8,IPA
Iron Maiden Trooper Ale,3.9,England,3.37,Robinsons Brewery,4.7,Bitter - Best,500ml,500,7.8,Bitter
420 Mango Crush,3.69,United States,3.64,SweetWater Brewing Company,4.8,Pale Ale - Fruited,473ml,473,7.8,Pale Ale
Tropical High,3.69,United States,3.73,SweetWater Brewing Company,6.2,IPA - New England / Hazy,473ml,473,7.8,IPA
JOSE,3.9,Poland,3.7,Browar Nepomucen,3.4,Sour - Fruited Gose,500ml,500,7.8,Sour
Sezonowe Zbiory W Rajchu,3.9,Poland,3.5,ReCraft,3.5,Sour - Fruited Berliner Weisse,Can 500ml,500,7.8,Sour
Bunny Hill IPA,3.69,United States,3.83,Almanac Beer Company,6.1,IPA - New England / Hazy,473ml,473,7.8,IPA
ROTS Blond,3.69,Netherlands,3.52,Voornsche Brouwerij,8.8,Belgian Strong Golden Ale,473ml,473,7.8,Belgian Strong Golden Ale
Shelter- German Pils,3.9,Poland,3.58,Moon Lark Brewery,5.2,Pilsner - German,500ml,500,7.8,Pilsner
Dragon's Castle,3.9,Poland,3.36,Magic Road,5.3,Pale Ale - American,Can 500ml,500,7.8,Pale Ale
Hefe Weisse 50cl Bottle,3.9,Germany,3.67,Paulaner Brauerei,5.5,Wheat Beer - Hefeweizen,500ml,500,7.8,Wheat Beer
Vinohradská 12,3.9,Czech Republic,3.58,Vinohradský pivovar,4.8,Pilsner - Czech / Bohemian,500ml,500,7.8,Pilsner
Mystic Trails,3.9,Poland,3.66,Moczybroda,5.5,IPA - New England / Hazy,Can 500ml,500,7.8,IPA
Be Careful,3.9,Netherlands,3.74,Brouwerij Eembier/ Browar Nepomucen,6.7,Sour - Fruited,Bottle 500ml,500,7.8,Sour
Vinohradská 11,3.9,Czech Republic,3.53,Vinohradský pivovar,4.5,Pilsner - Czech / Bohemian,500ml,500,7.8,Pilsner
Doušek,3.9,Poland,3.7,Moon Lark Brewery,5.1,Pilsner - Czech / Bohemian,500ml,500,7.8,Pilsner
Przecier #5,3.9,Poland,3.46,Przetwórnia Chmielu,6.0,Sour - Fruited,Can 500ml,500,7.8,Sour
Duchesse de Bourgogne,1.95,Belgium,3.66,Brouwerij Verhaeghe,6.2,Sour - Flanders Red Ale,Bottle 250ml,250,7.8,Sour
Powiew,3.9,Poland,3.83,Browar Cztery Ściany,5.6,Pale Ale - New England / Hazy,Can 500ml,500,7.8,Pale Ale
Goudale Noël,1.95,France,3.37,Brasserie Goudale - Les Brasseurs de Gayant,7.2,Winter Ale,Bottle 250ml,250,7.8,Winter Ale
Hazy Discovery – Zalec,3.9,Poland,3.85,Browar PINTA,6.0,IPA - New England / Hazy,Can 500ml,500,7.8,IPA
Pale Ale 47.3ml Can,3.7,United States,3.48,Sierra Nevada Brewing Co.,5.0,Pale Ale - Fruited,473ml,473,7.82,Pale Ale
Common Sense,3.91,Czech Republic,3.58,Axiom Brewery,15.0,Pale Ale - American,500ml,500,7.82,Pale Ale
Chiemsee Dark – Schwarzbier,3.45,Germany,3.53,Camba Bavaria,5.6,Schwarzbier,Can 440ml,440,7.84,Schwarzbier
24/7 – Gestopftes Lager,3.45,Germany,3.45,FrauGruber Brewing,5.2,Lager - Helles,Can 440ml,440,7.84,Lager
Watheet!,3.45,Netherlands,3.12,Brouwerij De Werf,6.0,Spiced / Herbed Beer,Can 440ml,440,7.84,Spiced / Herbed Beer
Hang out and try  – Dry Hopped Kellebier,3.45,Germany,3.71,FrauGruber Brewing,5.2,Kellerbier / Zwickelbier,Can 440ml,440,7.84,Kellerbier / Zwickelbier
Pater 6,2.59,Belgium,3.55,Brouwerij St.Bernardus,6.7,Belgian Dubbel,330ml,330,7.85,Belgian Dubbel
Gold Viking Helles,2.59,Hungary,3.29,MONYO Brewing Co.,4.5,Lager - Helles,330ml,330,7.85,Lager
Kirin Ichiban Pils,2.59,Netherlands,2.98,Kirin Brewery (Zhuhai) Co.,4.1,Pilsner - Other,330ml,330,7.85,Pilsner
Cider Wild Berries,2.59,Germany,3.49,BRLO,4.5,Cider - Other Fruit,330ml,330,7.85,Cider
Westmalle Tripel,2.59,Belgium,3.81,Brouwerij der Trappisten van Westmalle,9.5,Belgian Tripel,330ml,330,7.85,Belgian Tripel
Nittenauer Freie Liebe,2.59,Germany,3.23,Brauhaus Nittenau,0.5,Non-Alcoholic - Lager,330ml,330,7.85,Non-Alcoholic
Wacken Sleipnir Schnelles Helles,2.59,Germany,3.15,Beer of the Gods - Wacken Brauerei,4.8,Lager - Helles,330ml,330,7.85,Lager
Morning Joe,2.59,Hungary,3.6,HORIZONT Brewing,6.0,Stout - Coffee,330ml,330,7.85,Stout
Dolden Dark BIO,2.59,Germany,3.41,Riedenburger Brauhaus,6.9,Porter - Other,330ml,330,7.85,Porter
Herr Lager,2.59,Hungary,3.35,HORIZONT Brewing,4.5,Lager - Helles,330ml,330,7.85,Lager
Prior 8,2.59,Belgium,3.7,Brouwerij St.Bernardus,8.0,Belgian Dubbel,330ml,330,7.85,Belgian Dubbel
Cider Rose,2.59,Germany,3.46,BRLO,4.5,Cider - Rosé,330ml,330,7.85,Cider
Free Pils,2.59,Japan,2.5,Kirin Brewery Company,5.2,Non-Alcoholic - Lager,330ml,330,7.85,Non-Alcoholic
Welde IPA,2.59,Germany,3.4,Welde Braumanufaktur,6.7,IPA - English,330ml,330,7.85,IPA
Rouge (0.0),2.59,Belgium,3.39,Kasteel Brouwerij Vanhonsebrouck,5.8,Non-Alcoholic - Other,330ml,330,7.85,Non-Alcoholic
Abbaye des Rocs Triple Impériale,2.59,Belgium,3.66,Brasserie de l'Abbaye des Rocs,9.0,Belgian Strong Dark Ale,330ml,330,7.85,Belgian Strong Dark Ale
Galaxy Lager,2.59,Hungary,3.51,RothBeer,5.0,Lager - IPL (India Pale Lager),330ml,330,7.85,Lager
ÜberQuell Original Helles,2.59,Germany,3.32,ÜberQuell Brauwerkstätten,5.0,Lager - Helles,330ml,330,7.85,Lager
Hazy Blues,2.79,United States,3.78,Oskar Blues Brewery,7.0,IPA - New England / Hazy,355ml,355,7.86,IPA
Chocolate Bock,5.9,Germany,3.6,Brauerei Gebr. Maisel,7.5,Bock - Single / Traditional,Bottle 750ml,750,7.87,Bock
India Ale,5.9,Germany,3.63,Brauerei Gebr. Maisel,7.3,IPA - English,Bottle 750ml,750,7.87,IPA
"Maisel & Friends Chocolate Bock 0,75 L",5.9,Germany,3.6,Brauerei Gebr. Maisel,7.5,Bock - Single / Traditional,Bottle 750ml,750,7.87,Bock
Biére De Miel Bio,2.95,Belgium,3.47,Brasserie Dupont,8.0,Honey Beer,Bottle 375ml,375,7.87,Honey Beer
"Maisel & Friends India Ale 0,75 L",5.9,Germany,3.63,Brauerei Gebr. Maisel,7.3,IPA - English,Bottle 750ml,750,7.87,IPA
"Maisel & Friends Bavaria Ale 0,75 L",5.9,Germany,3.57,Brauerei Gebr. Maisel,6.1,Wheat Beer - Hefeweizen,Bottle 750ml,750,7.87,Wheat Beer
Wild Saint-Emillion Foeder...,5.9,France,3.98,Brasserie Iron,7.0,Wild Ale - Other,Bottle 750ml,750,7.87,Wild Ale
Bavaria Ale,5.9,Germany,3.57,Brauerei Gebr. Maisel,7.1,Bock - Weizenbock,Bottle 750ml,750,7.87,Bock
Wywar APA,2.6,Slovakia,3.44,Holíčsky pivovar Wywar,4.5,Pale Ale - American,330ml,330,7.88,Pale Ale
Playground Non Alcoholic IPA (bottle),2.6,Netherlands,3.33,vandeStreek bier,0.5,Non-Alcoholic - IPA,330ml,330,7.88,Non-Alcoholic
Extra Dubbel,2.6,Belgium,3.37,Stanneman,9.0,Belgian Strong Dark Ale,330ml,330,7.88,Belgian Strong Dark Ale
XX Bitter Belgian IPA,2.6,Belgium,3.47,Brouwerij De Ranke,6.0,IPA - Belgian,330ml,330,7.88,IPA
La Trappe Nillis,2.6,Netherlands,3.04,Bierbrouwerij De Koningshoeven,5.7,Non-Alcoholic - Other,330ml,330,7.88,Non-Alcoholic
Fuego Fuego Mexican Lager,2.6,France,3.44,Vendale,4.2,Lager - Mexican,330ml,330,7.88,Lager
Egmonds Abdijbier Biologisch Weizen,2.6,Netherlands,3.48,Brouwerij Egmond,5.0,Wheat Beer - Hefeweizen,330ml,330,7.88,Wheat Beer
III Gravity,2.6,Belgium,3.52,Brasserie de Jandrain-Jandrenouille,7.5,Belgian Strong Golden Ale,330ml,330,7.88,Belgian Strong Golden Ale
Val-Dieu Grand Cru,2.6,Belgium,3.78,Brasserie de l'Abbaye du Val-Dieu,10.5,Belgian Quadrupel,330ml,330,7.88,Belgian Quadrupel
De Blauwe Tram,2.6,Netherlands,3.45,Brouwerij Klein Duimpje,8.0,Belgian Tripel,330ml,330,7.88,Belgian Tripel
Blonde Tripel,2.6,Belgium,3.6,Brasserie Lupulus,8.5,Belgian Tripel,330ml,330,7.88,Belgian Tripel
Averbode Abdij,2.6,Belgium,3.57,Huisbrouwerij Averbode,7.5,Belgian Strong Golden Ale,330ml,330,7.88,Belgian Strong Golden Ale
Wolf 8,2.6,Belgium,3.48,Brouwerij Wolf,8.5,Belgian Strong Dark Ale,330ml,330,7.88,Belgian Strong Dark Ale
Val-Dieu Fruitée,2.6,Belgium,3.31,Brasserie de l'Abbaye du Val-Dieu,8.0,Fruit Beer,330ml,330,7.88,Fruit Beer
Bruin,2.6,Belgium,3.61,Abbaye de Maredsous,8.0,Belgian Dubbel,330ml,330,7.88,Belgian Dubbel
Nillis,2.6,Netherlands,3.04,Bierbrouwerij De Koningshoeven,5.2,Non-Alcoholic - Other,330ml,330,7.88,Non-Alcoholic
Implosion: Lager,2.6,Denmark,2.95,To Øl,0.5,Non-Alcoholic - Lager,Can 330ml,330,7.88,Non-Alcoholic
Zatte,2.6,Netherlands,3.61,Brouwerij 't IJ,8.0,Belgian Tripel,330ml,330,7.88,Belgian Tripel
De Eeuwige Jeugd Belhamel,2.6,Netherlands,3.57,Brouwerij de Eeuwige Jeugd,5.0,IPA - New England / Hazy,330ml,330,7.88,IPA
Hapkin,2.6,Belgium,3.5,Brouwerij Alken-Maes,8.5,Belgian Strong Golden Ale,330ml,330,7.88,Belgian Strong Golden Ale
Citrus Blonde 4.0 Glutenvrij,2.6,Netherlands,3.08,Lowlander Beer,0.3,Non-Alcoholic - Other,330ml,330,7.88,Non-Alcoholic
Agnus Triple,2.6,Belgium,3.63,Brouwerij Corsendonk,7.5,Belgian Tripel,330ml,330,7.88,Belgian Tripel
Fourchette,2.6,Belgium,3.68,Brouwerij Van Steenberge,7.5,Belgian Tripel,330ml,330,7.88,Belgian Tripel
Blond Ale,2.6,Belgium,3.67,Brouwerij De Halve Maan,6.0,Belgian Blonde,330ml,330,7.88,Belgian Blonde
Rothaus Tannenzapfle Alcohol Free,2.6,Germany,2.82,Badische Staatsbrauerei Rothaus,0.5,Non-Alcoholic - Other,330ml,330,7.88,Non-Alcoholic
Hopera,2.6,Belgium,3.54,Brasserie Lupulus,6.0,IPA - Belgian,330ml,330,7.88,IPA
Froajn Ieperlink,2.6,Belgium,3.43,Brouwerij Adriaensen,6.0,Belgian Blonde,330ml,330,7.88,Belgian Blonde
Land Van Mortagne,2.6,Belgium,3.6,Brouwerij Alvinne,12.8,Belgian Quadrupel,330ml,330,7.88,Belgian Quadrupel
't Gouden IJ,2.6,Netherlands,3.58,Brouwerij 't IJ,7.5,Blonde / Golden Ale - Other,330ml,330,7.88,Blonde / Golden Ale
Lervig No Worries Grapefruit Edition,2.6,Norway,3.25,LERVIG,0.5,Non-Alcoholic - IPA,330ml,330,7.88,Non-Alcoholic
St. Feuillien Quadruple,2.6,Belgium,3.75,Brasserie St-Feuillien,11.0,Belgian Quadrupel,330ml,330,7.88,Belgian Quadrupel
Pils Tannenzäpfle,2.6,Germany,3.47,Badische Staatsbrauerei Rothaus,5.1,Pilsner - German,330ml,330,7.88,Pilsner
Gouden Carolus Hopsinjoor Belgian IPA,2.6,Belgium,3.59,Brouwerij Het Anker,8.0,IPA - Belgian,330ml,330,7.88,IPA
Barista Chocolate Quad,5.91,Belgium,3.77,Kasteel Brouwerij Vanhonsebrouck,11.0,Belgian Quadrupel,Bottle 750ml,750,7.88,Belgian Quadrupel
Trappist Rochefort Triple,2.6,Belgium,3.76,Abbaye Notre-Dame de Saint-Rémy,8.1,Belgian Tripel,330ml,330,7.88,Belgian Tripel
Huyghe Averbode,2.6,Belgium,3.57,Huisbrouwerij Averbode,7.5,Belgian Strong Golden Ale,330ml,330,7.88,Belgian Strong Golden Ale
Kerel Stout,2.6,Belgium,3.26,VBDCK Brewery,6.0,Stout - Other,330ml,330,7.88,Stout
Val-Dieu Cuvée 800,2.6,Belgium,3.51,Brasserie de l'Abbaye du Val-Dieu,5.5,Pale Ale - Belgian,330ml,330,7.88,Pale Ale
Gouden Carolus Cuvée van de Keizer Whisky Infused,2.6,Belgium,4.0,Brouwerij Het Anker,11.7,Belgian Strong Dark Ale,330ml,330,7.88,Belgian Strong Dark Ale
Nutty Stragedy,2.6,Netherlands,3.63,vandeStreek bier,9.0,Stout - Other,330ml,330,7.88,Stout
La Corne Black,2.6,Belgium,3.46,Brasserie des Légendes,8.0,Belgian Strong Dark Ale,330ml,330,7.88,Belgian Strong Dark Ale
PerfectDraft,47.3,Belgium,3.27,Stella Artois,5.2,Pilsner - Other,6000ml,6000,7.88,Pilsner
Averbode Abdij Blond,2.6,Belgium,3.57,Huisbrouwerij Averbode,7.5,Belgian Strong Golden Ale,330ml,330,7.88,Belgian Strong Golden Ale
De Eeuwige Jeugd Lellebel,2.6,Netherlands,3.57,Brouwerij de Eeuwige Jeugd,5.7,Blonde / Golden Ale - Other,330ml,330,7.88,Blonde / Golden Ale
Runxter Sun,2.6,Belgium,3.14,Brouwerij Donbosvalk,6.2,Belgian Blonde,330ml,330,7.88,Belgian Blonde
Chanceke,2.6,Belgium,3.55,Rond'hoecke,8.5,Belgian Tripel,330ml,330,7.88,Belgian Tripel
Double Port,2.6,Belgium,3.52,Brouwerij Broeder Jacob,9.0,Belgian Strong Dark Ale,330ml,330,7.88,Belgian Strong Dark Ale
Pohjala Tundra,2.6,Estonia,3.05,Põhjala,0.5,Non-Alcoholic - IPA,330ml,330,7.88,Non-Alcoholic
"Chouffe 0,4 Blond Alcoholvrij",2.6,Belgium,2.74,Brasserie d'Achouffe,0.4,Non-Alcoholic - Other,330ml,330,7.88,Non-Alcoholic
Lervig No Worries - Driving Home for Christmas,2.6,Norway,2.89,LERVIG,0.5,Non-Alcoholic - Other,330ml,330,7.88,Non-Alcoholic
LeFort,2.6,Belgium,3.62,Omer Vander Ghinste,10.0,Belgian Strong Dark Ale,Bottle 330ml,330,7.88,Belgian Strong Dark Ale
Tripel Kanunnik,2.6,Belgium,3.67,Brouwerij Wilderen,8.2,Belgian Tripel,330ml,330,7.88,Belgian Tripel
Pohjala Prenzlauer 0,2.6,Estonia,3.17,Põhjala,0.5,Non-Alcoholic - Sour,330ml,330,7.88,Non-Alcoholic
Goud Blond,2.6,Belgium,3.55,Bières de Chimay,4.8,Belgian Enkel / Patersbier,330ml,330,7.88,Belgian Enkel / Patersbier
Blanche Wit,2.6,Belgium,3.38,Brouwerij Corsendonk,4.3,Wheat Beer - Witbier / Blanche,330ml,330,7.88,Wheat Beer
Natte Dubbel,2.6,Netherlands,3.38,Brouwerij 't IJ,6.5,Belgian Dubbel,330ml,330,7.88,Belgian Dubbel
Hazy IPA New England India Pale Ale,2.8,United States,3.94,Old Stove Brewing Co.,7.0,IPA - New England / Hazy,Can 355ml,355,7.89,IPA
Unplugged - Bezalkoholowe IPA,3.95,Poland,3.58,Trzech Kumpli,0.5,Non-Alcoholic - IPA,500ml,500,7.9,Non-Alcoholic
Gryfny Witbier,3.95,Poland,3.4,ReCraft,4.3,Wheat Beer - Witbier / Blanche,500ml,500,7.9,Wheat Beer
Toffee Apple Cider,3.95,England,3.51,Brothers Drinks Co. Limited,4.0,Cider - Other Fruit,500ml,500,7.9,Cider
Hop Grenade: Vic Secret,3.95,Czech Republic,3.53,Axiom Brewery,6.2,IPA - American,Can 500ml,500,7.9,IPA
Strawberry Lime Cider,3.95,England,3.17,Brothers Drinks Co. Limited,4.0,Cider - Other Fruit,500ml,500,7.9,Cider
Ziher,3.95,Croatia,3.57,Pulfer Brewery,5.5,Pale Ale - American,500ml,500,7.9,Pale Ale
SHORELINE,3.95,Poland,3.68,Browar Nepomucen,6.5,IPA - American,500ml,500,7.9,IPA
St. Austell Mena Dhu,3.95,England,3.69,St Austell Brewery,6.0,Stout - English,500ml,500,7.9,Stout
Verzet Golden Tricky,2.61,Belgium,3.47,Brouwerij 't Verzet,7.5,IPA - Belgian,Bottle 330ml,330,7.91,IPA
O Haras Irish Pale Ale,2.61,Ireland,3.43,O'Hara's Brewery,5.2,Pale Ale - Other,330ml,330,7.91,Pale Ale
Verzet Moose Blues,2.61,Belgium,3.37,Brouwerij 't Verzet,7.5,Belgian Strong Dark Ale,330ml,330,7.91,Belgian Strong Dark Ale
Kraft Lager,3.49,Estonia,3.36,Tanker Brewery,5.0,Pilsner - Czech / Bohemian,Can 440ml,440,7.93,Pilsner
Cinq Cents,5.95,Belgium,3.73,Bières de Chimay,8.0,Belgian Tripel,Bottle 750ml,750,7.93,Belgian Tripel
Brew Me A River Wheat Beer,3.49,Estonia,3.25,Tanker Brewery,4.7,Wheat Beer - Witbier / Blanche,Can 440ml,440,7.93,Wheat Beer
Freddy – Bloodlust West Coast Ipa,3.49,Hungary,3.53,Mad Scientist,6.6,IPA - Fruited,Can 440ml,440,7.93,IPA
Camba Winterzauber Märzen,3.49,Germany,3.33,Camba Bavaria,6.0,Märzen,Can 440ml,440,7.93,Märzen
Eigenzinnige Elizabeth,3.49,Netherlands,3.66,Stadsbrouwerij Maastricht,9.1,Belgian Tripel,Can 440ml,440,7.93,Belgian Tripel
Bruin,5.95,Belgium,3.48,Brasserie Lupulus,8.5,Brown Ale - Belgian,Bottle 750ml,750,7.93,Brown Ale
Moinette Blond,5.95,Belgium,3.56,Brasserie Dupont,8.5,Belgian Strong Golden Ale,Bottle 750ml,750,7.93,Belgian Strong Golden Ale
Deugniet,5.95,Belgium,3.53,Brasserie du Bocq,7.5,Belgian Strong Golden Ale,Bottle 750ml,750,7.93,Belgian Strong Golden Ale
Element: Electricity,3.49,Netherlands,3.66,Morebeer Brewing,6.5,IPA - American,Can 440ml,440,7.93,IPA
Bon Secours Prestige,5.95,Belgium,3.66,Brasserie Caulier,9.0,Belgian Tripel,Bottle 750ml,750,7.93,Belgian Tripel
Normal Beer Kellerbier,3.49,Estonia,3.27,Tanker Brewery,5.0,Kellerbier / Zwickelbier,Can 440ml,440,7.93,Kellerbier / Zwickelbier
Stone Arrogant Bastard Ale,3.75,United States,3.68,Arrogant Consortia,7.2,Strong Ale - American,473ml,473,7.93,Strong Ale
IPA,3.97,England,3.28,Ridgeway Brewing,5.5,IPA - English,500ml,500,7.94,IPA
Vicaris Quinto,2.62,Belgium,3.29,Brouwerij Dilewyns,5.0,Belgian Blonde,330ml,330,7.94,Belgian Blonde
Juice Punch,2.62,Netherlands,3.68,Brouwerij Frontaal,5.8,IPA - New England / Hazy,330ml,330,7.94,IPA
Wanderlust,2.62,Netherlands,3.19,Van Moll,5.0,Non-Alcoholic - IPA,Can 330ml,330,7.94,Non-Alcoholic
Chiemsee Dark,3.5,Germany,3.53,Camba Bavaria,5.6,Schwarzbier,Can 440ml,440,7.95,Schwarzbier
Arpus Brewing Co. Tdh Waimea X Riwaka Dipa,5.17,Latvia,3.99,Ārpus Brewing Co.,6.5,IPA - New England / Hazy,Bottle 650ml,650,7.95,IPA
BLACK HEART,3.5,Scotland,3.47,BrewDog,4.1,Stout - Irish Dry,Can 440ml,440,7.95,Stout
Walhalla Njord,3.5,Netherlands,3.51,Walhalla Brouwerij & Proeflokaal,4.4,Pale Ale - New England / Hazy,Can 440ml,440,7.95,Pale Ale
Bacchus Kriek,3.5,Belgium,3.69,Kasteel Brouwerij Vanhonsebrouck,5.8,Sour - Flanders Oud Bruin,Can 440ml,440,7.95,Sour
Floccus,3.5,Poland,3.96,Browar Stu Mostów,5.6,IPA - Sour,Can 440ml,440,7.95,IPA
Winter Zauber - Märzen,3.5,Germany,3.33,Camba Bavaria,6.0,Märzen,Can 440ml,440,7.95,Märzen
99 Luftballons,3.5,Spain,3.56,Cierzo Brewing Co.,5.8,Festbier,Can 440ml,440,7.95,Festbier
Eight Times Helles,3.5,Romania,3.61,Bereta Brewing Co.,5.5,Lager - Helles,Can 440ml,440,7.95,Lager
Méga Trip,3.5,France,3.65,Les Intenables - Craft Beer -,7.5,Belgian Tripel,Can 440ml,440,7.95,Belgian Tripel
Raspberry Ale,3.5,United States,3.34,Dark Horse Brewing Co.,5.0,Fruit Beer,Can 440ml,440,7.95,Fruit Beer
That's What Cz Said,3.5,Romania,3.57,Bereta Brewing Co.,5.1,Lager - Polotmavé (Czech Amber),Can 440ml,440,7.95,Lager
Arpus Brewing Co. Tdh Rakau X Galaxy Dipa,5.17,Latvia,3.99,Ārpus Brewing Co.,6.5,IPA - New England / Hazy,Bottle 650ml,650,7.95,IPA
Juicebag,3.5,Romania,3.82,Bereta Brewing Co.,6.0,IPA - New England / Hazy,Can 440ml,440,7.95,IPA
King Crush,3.5,Scotland,3.71,BrewDog,8.4,IPA - Imperial / Double Milkshake,Can 440ml,440,7.95,IPA
Hop Charger,3.98,Czech Republic,3.66,Axiom Brewery,8.0,IPA - Imperial / Double,Can 500ml,500,7.96,IPA
Belle Vue Gueuze 27/04/2018,1.99,Belgium,2.97,Belle-Vue,5.5,Lambic - Gueuze,Bottle 250ml,250,7.96,Lambic
Oude Geuze à l'Ancienne Brewing season 2016-2017,1.99,Belgium,3.37,Brouwerij Boon,7.0,Lambic - Gueuze,Bottle 250ml,250,7.96,Lambic
Kriek,1.99,Netherlands,3.26,Bierbrouwerij Vermeersen,3.5,Fruit Beer,Bottle 250ml,250,7.96,Fruit Beer
Premium Kriek,1.99,Belgium,3.5,Kasteel Brouwerij Vanhonsebrouck,3.2,Lambic - Kriek,Bottle 250ml,250,7.96,Lambic
Wullok,2.63,Netherlands,3.44,De Kromme Haring,5.2,Belgian Blonde,330ml,330,7.97,Belgian Blonde
Faro 03/04/2020,2.99,Belgium,3.67,Brouwerij Lindemans,4.5,Lambic - Faro,Bottle 375ml,375,7.97,Lambic
Bersalis Kadet Oak Aged 2018,2.99,Belgium,3.93,Oud Beersel,5.5,Sour - Other,Bottle 375ml,375,7.97,Sour
Faro Ex 2019,2.99,Belgium,3.19,Brouwerij Girardin,5.0,Lambic - Faro,Bottle 375ml,375,7.97,Lambic
L'Or Noir,2.63,Belgium,3.6,Brouwerij Kompel,8.2,Belgian Tripel,330ml,330,7.97,Belgian Tripel
Trainingslager,2.63,Germany,3.53,Mashsee Brauerei,5.5,Lager - IPL (India Pale Lager),330ml,330,7.97,Lager
Verzet Rebel Local,2.63,Belgium,3.45,Brouwerij 't Verzet,8.0,Belgian Tripel,330ml,330,7.97,Belgian Tripel
Faro 08/08/2020,2.99,Belgium,3.67,Brouwerij Lindemans,4.5,Lambic - Faro,Bottle 375ml,375,7.97,Lambic
Gueuze 20/03/2020,2.99,Belgium,3.41,Brouwerij Lindemans,5.0,Lambic - Gueuze,Bottle 375ml,375,7.97,Lambic
Gueuze 24/08/2020,2.99,Belgium,3.41,Brouwerij Lindemans,5.0,Lambic - Gueuze,Bottle 375ml,375,7.97,Lambic
Bersalis Tripel 2017 Oak Aged,2.99,Belgium,3.64,Oud Beersel,10.5,Sour - Other,Bottle 375ml,375,7.97,Sour
Gueuze 14/05/2020,2.99,Belgium,3.41,Brouwerij Lindemans,5.0,Lambic - Gueuze,Bottle 375ml,375,7.97,Lambic
Lager,3.99,Poland,3.51,Browar Nepomucen,4.9,Lager - Dortmunder / Export,500ml,500,7.98,Lager
FOR.REST alkoholfreies IPA,3.99,Poland,3.48,Browar Nepomucen,0.5,Non-Alcoholic - IPA,500ml,500,7.98,Non-Alcoholic
Simple & Easy alkoholfreies American IPA,3.99,Poland,3.51,Browar Nepomucen,0.5,Non-Alcoholic - IPA,500ml,500,7.98,Non-Alcoholic
Schwarz After Sauna,3.19,Italy,3.66,CRAK Brewery,5.2,Schwarzbier,400ml,400,7.98,Schwarzbier
Original,3.99,Scotland,3.63,Thistly Cross Cider,6.2,Cider - Traditional / Apfelwein,500ml,500,7.98,Cider
Whisky Cask,3.99,Scotland,3.79,Thistly Cross Cider,6.7,Cider - Traditional / Apfelwein,500ml,500,7.98,Cider
Stary Sad 2020,3.99,Poland,3.55,Cydr Chyliczki,7.3,Cider - Dry,500ml,500,7.98,Cider
Pohjala Blatic Porter Day 2024,3.99,Estonia,4.04,Põhjala,10.0,Porter - Imperial / Double Baltic,500ml,500,7.98,Porter
Mundaka,3.19,Italy,3.62,CRAK Brewery,4.6,IPA - Session,400ml,400,7.98,IPA
Launfestbier 13,3.99,Czech Republic,3.56,Rodinný Pivovar Zichovec,5.5,Festbier,500ml,500,7.98,Festbier
Faro 30/08/2020,5.99,Belgium,3.67,Brouwerij Lindemans,4.5,Lambic - Faro,Bottle 750ml,750,7.99,Lambic
Chmielokrata HBC 1019,4.0,Poland,3.86,Piwne Podziemie,6.3,IPA - New England / Hazy,Can 500ml,500,8.0,IPA
Let Me In,4.0,Poland,3.6,TankBusters.Co,5.2,Porter - English,500ml,500,8.0,Porter
No Rules Just Hops 2,4.0,Poland,3.8,Piwne Podziemie,6.2,IPA - New England / Hazy,Can 500ml,500,8.0,IPA
Double Ego Northeast Double IPA,4.0,Poland,3.88,Piwne Podziemie,8.2,IPA - Imperial / Double New England / Hazy,Can 500ml,500,8.0,IPA
Kriek Lambic,2.0,Belgium,3.57,Brouwerij Lindemans,3.5,Lambic - Kriek,Bottle 250ml,250,8.0,Lambic
Piwne Podziemie:Maori Warrior,4.0,Poland,3.72,Piwne Podziemie,6.3,IPA - New Zealand,Can 500ml,500,8.0,IPA
Fou du Roi,6.0,France,3.95,Le Père l'amer,10.0,Belgian Tripel,Bottle 750ml,750,8.0,Belgian Tripel
Fruit Love,4.0,Poland,3.45,Raduga,5.8,IPA - Fruited,Can 500ml,500,8.0,IPA
PULPT Flare,4.0,England,3.51,Pulpt,4.9,Cider - Sweet,500ml,500,8.0,Cider
Memory Find,4.0,Poland,3.63,Magic Road,5.5,IPA - Session,Can 500ml,500,8.0,IPA
Hesbania BLND,2.64,Belgium,3.32,Hesbania Bier,6.5,Belgian Blonde,330ml,330,8.0,Belgian Blonde
Table Beer,4.0,England,3.6,The Kernel Brewery,2.9,Table Beer,Bottle 500ml,500,8.0,Table Beer
Bière de Saison Raspberry,6.0,England,3.92,The Kernel Brewery,4.4,Farmhouse Ale - Saison,Bottle 750ml,750,8.0,Farmhouse Ale
Tarot Noir,2.0,Belgium,3.55,Brouwerij Lindemans,8.0,Fruit Beer,Bottle 250ml,250,8.0,Fruit Beer
Sourcase #1,4.0,Greece,3.52,Main Squeeze Brewing,5.4,Sour - Fruited,Can 500ml,500,8.0,Sour
Legit,4.0,Poland,3.69,Funky Fluid,7.0,IPA - New England / Hazy,Can 500ml,500,8.0,IPA
Hack'N'Slash vol.2,4.0,Poland,3.72,TankBusters.Co,6.4,IPA - American,Can 500ml,500,8.0,IPA
Musashi's Legacy,4.0,Poland,3.6,TankBusters.Co,5.0,IPA - Other,Can 500ml,500,8.0,IPA
Landlord,4.0,England,3.52,Timothy Taylor's Brewery,4.1,Pale Ale - English,500ml,500,8.0,Pale Ale
Grove,4.0,Poland,3.55,Moon Lark Brewery,6.7,IPA - Fruited,Can 500ml,500,8.0,IPA
Framboise,2.0,Belgium,3.77,Brouwerij Lindemans,2.5,Lambic - Framboise,Bottle 250ml,250,8.0,Lambic
Atomic Torpedo,4.55,United States,3.87,Sierra Nevada Brewing Co.,9.2,IPA - Imperial / Double,568ml,568,8.01,IPA
ROTS Tripel,3.79,Netherlands,3.56,Voornsche Brouwerij,9.5,Belgian Tripel,473ml,473,8.01,Belgian Tripel
Steenuilke,2.65,Belgium,3.46,Brouwerij De Ryck,6.5,Spiced / Herbed Beer,Bottle 330ml,330,8.03,Spiced / Herbed Beer
Duchesse de Bourgogne: Cherry Chocolate,2.65,Belgium,3.9,Brouwerij Verhaeghe,6.8,Sour - Flanders Red Ale,330ml,330,8.03,Sour
Hazy Jane NEIPA Blik SB,2.65,Scotland,3.67,BrewDog,5.0,IPA - New England / Hazy,330ml,330,8.03,IPA
Gagel Tripel,2.65,Netherlands,3.34,Brouwerij Klein Duimpje,8.5,Belgian Tripel,330ml,330,8.03,Belgian Tripel
Tripel 8,2.65,Belgium,3.5,Fort Lapin Brewery,8.0,Belgian Tripel,330ml,330,8.03,Belgian Tripel
Cherry Chouffe,2.65,Belgium,3.5,Brasserie d'Achouffe,8.0,Fruit Beer,330ml,330,8.03,Fruit Beer
Seef Bier Blond,2.65,Belgium,3.53,Antwerpse Brouw Compagnie,6.5,Belgian Blonde,330ml,330,8.03,Belgian Blonde
Back In Black Imperial Chocolate Stout,2.65,Belgium,3.57,Enigma,10.0,Stout - Imperial / Double Milk,330ml,330,8.03,Stout
Mercator Tripel,2.65,Belgium,3.46,Rimor Brewery,8.4,Belgian Tripel,330ml,330,8.03,Belgian Tripel
Wywar Gejza Coffee,6.02,Slovakia,3.58,Holíčsky pivovar Wywar,7.8,Stout - Imperial / Double,Bottle 750ml,750,8.03,Stout
Salvatoris St. Barbara,2.65,Belgium,3.58,Brouwerij Kompel,8.5,Belgian Strong Golden Ale,330ml,330,8.03,Belgian Strong Golden Ale
Je Bennie Weiss!,2.65,Netherlands,3.45,Hofbrouwerij Reijngoud,6.0,Wheat Beer - Hefeweizen,330ml,330,8.03,Wheat Beer
Gulden Draak Brewmaster,2.65,Belgium,3.83,Brouwerij Van Steenberge,10.5,Belgian Strong Golden Ale,330ml,330,8.03,Belgian Strong Golden Ale
Patune Pohl,3.8,Estonia,3.55,Anderson's Craft Beer,5.5,Sour - Other,473ml,473,8.03,Sour
Rituel 9,2.65,Belgium,3.64,Abbaye de Leffe,9.0,Belgian Strong Golden Ale,330ml,330,8.03,Belgian Strong Golden Ale
Bon Secours 4 Houblons,2.65,Belgium,3.37,Brasserie Caulier,5.9,IPA - Belgian,330ml,330,8.03,IPA
Wywar Gejza Vanilla,6.02,Slovakia,3.51,Holíčsky pivovar Wywar,7.8,Stout - Russian Imperial,Bottle 750ml,750,8.03,Stout
Barbar Rouge,2.65,Belgium,3.35,Brasserie Lefebvre,8.0,Honey Beer,330ml,330,8.03,Honey Beer
23037 Tripel,2.65,Belgium,3.61,Ter Dolen,8.1,Belgian Tripel,330ml,330,8.03,Belgian Tripel
Seef Bootjes Bier,2.65,Belgium,3.51,Antwerpse Brouw Compagnie,7.0,Red Ale - American Amber / Red,330ml,330,8.03,Red Ale
Back In Black Imperial Tiramisu Stout,2.65,Belgium,3.49,Enigma,10.0,Stout - Imperial / Double Coffee,330ml,330,8.03,Stout
Wywar Mango Milkshake IPA,6.02,Slovakia,3.55,Holíčsky pivovar Wywar,6.0,IPA - Milkshake,Bottle 750ml,750,8.03,IPA
Slobberbok,2.65,Netherlands,3.36,Brouwerij Klein Duimpje,7.5,Bock - Single / Traditional,330ml,330,8.03,Bock
Goliath Blond,2.65,Belgium,3.34,Brasserie des Légendes,6.0,Belgian Blonde,330ml,330,8.03,Belgian Blonde
Colombo Blond,2.65,Belgium,3.44,Rimor Brewery,6.4,Belgian Blonde,330ml,330,8.03,Belgian Blonde
IPA,2.85,United States,3.7,Lagunitas Brewing Company,6.2,IPA - American,355ml,355,8.03,IPA
Wywar Vianočný Gejza,6.02,Slovakia,3.57,Holíčsky pivovar Wywar,7.8,Stout - Russian Imperial,Bottle 750ml,750,8.03,Stout
Adriaen Brouwer Bio Tripel,2.65,Belgium,3.25,Brouwerij Roman,5.2,Belgian Blonde,330ml,330,8.03,Belgian Blonde
Saison Larsen,2.65,Norway,3.5,Bådin,6.5,Farmhouse Ale - Saison,330ml,330,8.03,Farmhouse Ale
Wywar NEIPA,6.02,Slovakia,3.8,Holíčsky pivovar Wywar,6.0,IPA - New England / Hazy,Bottle 750ml,750,8.03,IPA
Brugse Zot Sportzot,2.65,Belgium,2.76,Brouwerij De Halve Maan,0.4,Non-Alcoholic - Pale Ale,330ml,330,8.03,Non-Alcoholic
Petrus Tripel,2.65,Belgium,3.46,Brouwerij De Brabandere,7.5,Belgian Tripel,330ml,330,8.03,Belgian Tripel
FF Lekker Met Je Bek In Het Zonnetje,2.65,Netherlands,3.43,Uiltje Brewing Company,3.6,IPA - Session,Can 330ml,330,8.03,IPA
Comeback Kid Zero Waste IPA,2.65,Netherlands,3.45,vandeStreek bier,6.0,IPA - American,Can 330ml,330,8.03,IPA
Adriaan Witbier,2.65,Netherlands,3.45,Jopen,5.0,Wheat Beer - Witbier / Blanche,330ml,330,8.03,Wheat Beer
Val-Dieu Noël,2.65,Belgium,3.55,Brasserie de l'Abbaye du Val-Dieu,7.0,Winter Warmer,330ml,330,8.03,Winter Warmer
FF Lekker met je bek in het Zonnetje,2.65,Netherlands,3.43,Uiltje Brewing Company,3.6,IPA - Session,330ml,330,8.03,IPA
Tête De Mort Triple,2.65,Belgium,3.55,Brasserie du Bocq,8.1,Belgian Tripel,330ml,330,8.03,Belgian Tripel
Hopfenreiter 2024 (bbf: 28-5-25),2.65,Germany,3.71,Brauerei Gebr. Maisel,8.5,IPA - Imperial / Double,330ml,330,8.03,IPA
De Molen Heen & Weer,2.65,Netherlands,3.54,Brouwerij de Molen,9.2,Belgian Tripel,330ml,330,8.03,Belgian Tripel
Beyerd Hefe Weisse,2.65,Netherlands,3.44,Brouwerij De Beyerd,5.5,Wheat Beer - Hefeweizen,330ml,330,8.03,Wheat Beer
Punk Gluten Free IPA,2.65,Scotland,3.43,BrewDog,5.2,IPA - American,Can 330ml,330,8.03,IPA
Je Lijkt Wel Een Bootwerker! – Robust Rotterdam Porter,2.65,Netherlands,3.43,Hofbrouwerij Reijngoud,6.6,Porter - American,330ml,330,8.03,Porter
Omer VanderGhinste Traditional Blond,2.65,Belgium,3.6,Omer Vander Ghinste,8.0,Belgian Blonde,330ml,330,8.03,Belgian Blonde
Wit,2.65,Netherlands,3.5,Uiltje Brewing Company,6.0,Wheat Beer - Witbier / Blanche,330ml,330,8.03,Wheat Beer
Funky Fluid / HAYB Free Tropic,2.65,Poland,3.65,Funky Fluid,5.6,IPA - New England / Hazy,Can 330ml,330,8.03,IPA
Blauwe Tram Tripel,2.65,Netherlands,3.45,Brouwerij Klein Duimpje,8.0,Belgian Tripel,330ml,330,8.03,Belgian Tripel
De Molen Koel & Krachtig,2.65,Netherlands,3.5,Brouwerij de Molen,7.1,IPA - Cold,330ml,330,8.03,IPA
Vandestreek Playground Non Alcoholic Ipa,2.65,Netherlands,3.33,vandeStreek bier,0.5,Non-Alcoholic - IPA,330ml,330,8.03,Non-Alcoholic
Wywar Gejza Coconut,6.02,Slovakia,3.67,Holíčsky pivovar Wywar,7.8,Stout - Russian Imperial,Bottle 750ml,750,8.03,Stout
Oude Lambiek - 3 Year Old,40.27,Belgium,3.68,Brouwerij Kestemont,6.0,Lambic - Traditional,5000ml,5000,8.05,Lambic
Siren Lumina,2.66,England,3.6,Siren Craft Brew,4.2,IPA - Session,330ml,330,8.06,IPA
Fuut Fieuw,2.66,Netherlands,3.38,Bird Brewery,5.0,IPA - Session,330ml,330,8.06,IPA
Oude Lambiek,24.99,Belgium,3.77,Oud Beersel,6.0,Lambic - Traditional,3100ml,3100,8.06,Lambic
Budvar Original Pilsner Mini Keg,40.4,Czech Republic,3.26,Budějovický Budvar,5.2,Pilsner - Imperial / Double,5000ml,5000,8.08,Pilsner
Oakham Green Devil,4.04,England,3.71,Oakham Ales,6.0,IPA - American,500ml,500,8.08,IPA
Honk,4.05,Poland,3.63,Funky Fluid,6.5,IPA - Sour,Can 500ml,500,8.1,IPA
Vánoční Gose - Hruška A Zázvor,6.08,Czech Republic,,Pivovar Mazák,5.5,Sour - Fruited Gose,Bottle 750ml,750,8.11,Sour
La Moneuse Special Winter Ale (2021),6.1,Belgium,3.56,Brasserie de Blaugies,8.0,Winter Ale,Bottle 750ml,750,8.13,Winter Ale
Jule Malt 2.0,6.1,Denmark,3.97,To Øl,13.0,Stout - Imperial / Double Milk,Bottle 750ml,750,8.13,Stout
Insolente IPA,6.1,France,3.55,La Berlue,8.0,IPA - Imperial / Double,Bottle 750ml,750,8.13,IPA
Mc Chouffe,6.1,Belgium,3.64,Brasserie d'Achouffe,8.0,Belgian Strong Dark Ale,Bottle 750ml,750,8.13,Belgian Strong Dark Ale
Ray Of Hop,4.07,Czech Republic,3.76,Axiom Brewery,6.0,IPA - American,Can 500ml,500,8.14,IPA
Bock Rammer,2.69,Netherlands,3.42,Stadshaven Brouwerij,53.0,Wheat Beer - Hefeweizen,330ml,330,8.15,Wheat Beer
Soetwater (Cambrian Series),2.69,Netherlands,3.45,De Kromme Haring,5.0,Schwarzbier,330ml,330,8.15,Schwarzbier
Swift Haze,2.69,Sweden,3.47,Brewski,4.2,Pale Ale - New England / Hazy,330ml,330,8.15,Pale Ale
Dolden Sommer Sud BIO,2.69,Germany,3.55,Riedenburger Brauhaus,3.8,IPA - Session,330ml,330,8.15,IPA
Pilsener,2.69,Germany,3.31,Lillebräu,5.0,Pilsner - German,330ml,330,8.15,Pilsner
And Union Sunday Dose,2.69,Germany,3.46,AND UNION,5.5,Pale Ale - American,Can 330ml,330,8.15,Pale Ale
Rotbier,2.69,Germany,3.27,Freie Brau Union Bremen,5.5,Lager - Rotbier,330ml,330,8.15,Lager
Hanseat 2.0,2.69,Germany,3.3,Freie Brau Union Bremen,6.0,Märzen,330ml,330,8.15,Märzen
Dolden Sud BIO,2.69,Germany,3.5,Riedenburger Brauhaus,6.5,IPA - Other,330ml,330,8.15,IPA
Heimathafen Egon Pils,2.69,Germany,3.29,Heimathafen - Erfurter Braumanufaktur,4.7,Pilsner - German,330ml,330,8.15,Pilsner
Dolden Null IPA alkoholfrei BIO,2.69,Germany,3.12,Riedenburger Brauhaus,0.5,Non-Alcoholic - IPA,330ml,330,8.15,Non-Alcoholic
Schnagger Pils,2.69,Germany,3.42,Buddelship Brauerei,5.3,Pilsner - German,330ml,330,8.15,Pilsner
Tennent's India Pale Ale,2.69,Scotland,3.3,Tennent's Caledonian Brewery,6.2,IPA - English,330ml,330,8.15,IPA
And Union Friday Dose,2.69,Germany,3.49,AND UNION,6.5,IPA - American,Can 330ml,330,8.15,IPA
Hazy Session,2.69,Belgium,3.52,Brasserie Lupulus,4.5,IPA - Session,330ml,330,8.15,IPA
Strawberry Pie,2.69,Sweden,3.77,Brewski,4.0,Sour - Smoothie / Pastry,330ml,330,8.15,Sour
Dolden Hell BIO,2.69,Germany,3.38,Riedenburger Brauhaus,4.8,Lager - Helles,330ml,330,8.15,Lager
Cozy Mosi Alkoholfreies Pale Ale,2.69,Germany,3.29,Privatbrauerei Sander,7.5,Non-Alcoholic - Pale Ale,330ml,330,8.15,Non-Alcoholic
Elvis Juice IPA Berlin,2.69,Scotland,3.69,BrewDog,6.5,IPA - Fruited,Can 330ml,330,8.15,IPA
Hazy Jane IPA,2.69,Scotland,3.67,BrewDog,5.0,IPA - New England / Hazy,330ml,330,8.15,IPA
Kwaremont,2.69,Belgium,3.49,Brouwerij De Brabandere,6.6,Belgian Blonde,330ml,330,8.15,Belgian Blonde
Hoeksche Red Ale,2.69,Netherlands,3.14,Brouwerij Tureluur,5.2,Red Ale - Other,330ml,330,8.15,Red Ale
Berliner Weisse,2.69,Germany,3.01,BRLO,4.0,Sour - Berliner Weisse,330ml,330,8.15,Sour
Lager Lab: 15 Red Lager Cherry Wood,2.69,Netherlands,3.38,Brouwerij Noordt,3.7,Lager - Other,330ml,330,8.15,Lager
7 Hops,2.69,Netherlands,3.57,Brouwerij Noordt,7.0,Pale Ale - Other,330ml,330,8.15,Pale Ale
Lager Lab: 14 Lager de Table French Oak,2.69,Netherlands,3.19,Brouwerij Noordt,3.2,Lager - Other,330ml,330,8.15,Lager
Tennent's Extra Strong Scottish Lager,2.69,Scotland,3.18,Tennent's Caledonian Brewery,9.0,Lager - Strong,330ml,330,8.15,Lager
Maisel & Friends Hopfenreiter 2024,2.69,Germany,3.67,Brauerei Gebr. Maisel,8.5,IPA - Imperial / Double,330ml,330,8.15,IPA
Wacken Baldur Nordic Märzen,2.69,Germany,3.18,Beer of the Gods - Wacken Brauerei,5.5,Märzen,330ml,330,8.15,Märzen
Helles,2.69,Germany,3.36,Lillebräu,5.1,Lager - Helles,330ml,330,8.15,Lager
Tennent's Scotch Ale,2.69,Scotland,3.48,Tennent's Caledonian Brewery,9.0,Scotch Ale / Wee Heavy,330ml,330,8.15,Scotch Ale / Wee Heavy
Wacken Yggdrasil Nordic Red Ale,2.69,Germany,3.1,Beer of the Gods - Wacken Brauerei,5.3,Red Ale - Irish,330ml,330,8.15,Red Ale
Nittenauer Freie Liebe Alkoholfreies Lager,2.69,Germany,3.23,Brauhaus Nittenau,0.5,Non-Alcoholic - Lager,330ml,330,8.15,Non-Alcoholic
Belgian White Nitro,3.59,United States,3.44,Left Hand Brewing Company,4.9,Wheat Beer - Witbier / Blanche,Can 440ml,440,8.16,Wheat Beer
Camba Mastrobator Doppelbock,3.59,Germany,3.5,Camba Bavaria,8.5,Bock - Doppelbock,Can 440ml,440,8.16,Bock
Lager,2.9,Scotland,3.34,Innis & Gunn,4.6,Lager - Helles,355ml,355,8.17,Lager
Grand Prestige 2023 Quadrupel,2.45,Netherlands,3.81,Hertog Jan,10.0,Barleywine - Other,300ml,300,8.17,Barleywine
Delicious IPA,2.9,United States,3.72,Stone Brewing,7.7,IPA - American,355ml,355,8.17,IPA
"Budels Hopped 0,0%",2.45,Netherlands,2.68,Budelse Brouwerij,2.2,Non-Alcoholic - Pale Ale,300ml,300,8.17,Non-Alcoholic
Delicious Hazy IPA,2.9,United States,3.77,Stone Brewing,7.2,IPA - New England / Hazy,355ml,355,8.17,IPA
Hazy IPA,2.9,United States,3.72,Stone Brewing,6.7,IPA - New England / Hazy,355ml,355,8.17,IPA
Flotzinger Hell Alcohol Free,2.7,Germany,,Flötzinger Bräu,5.0,Lager - Helles,330ml,330,8.18,Lager
Dzik Marakuja,2.7,Poland,3.51,Vin-Kon / Potęga Tradycji,0.5,Non-Alcoholic - Cider / Perry,Bottle 330ml,330,8.18,Non-Alcoholic
De Dool Ter Dolen Wit,2.7,Belgium,2.92,Ter Dolen,5.1,Non-Alcoholic - IPA,330ml,330,8.18,Non-Alcoholic
Berliner Kweepeer / Quince,2.7,Belgium,3.79,Brouwerij Alvinne,4.0,Sour - Fruited Berliner Weisse,330ml,330,8.18,Sour
Theo,2.7,Belgium,3.61,Brouwerij Alvinne,9.0,Farmhouse Ale - Saison,330ml,330,8.18,Farmhouse Ale
Cornet Oaked Strong Golden Ale,2.7,Belgium,3.61,Brouwerij De Hoorn,8.5,Belgian Strong Golden Ale,330ml,330,8.18,Belgian Strong Golden Ale
Slagmuylder Witkap Pater Stimulo,2.7,Belgium,3.41,Brouwerij Slaghmuylder,6.0,Belgian Blonde,330ml,330,8.18,Belgian Blonde
Houblon Chouffe,2.7,Belgium,3.67,Brasserie d'Achouffe,9.0,IPA - Belgian,330ml,330,8.18,IPA
Tradition Faro,2.7,Belgium,3.36,Brewery John Martin & Brewery Timmermans,5.5,Lambic - Kriek,330ml,330,8.18,Lambic
Coconut Glutenvrij,2.7,Belgium,3.1,Mongozo,3.6,Fruit Beer,330ml,330,8.18,Fruit Beer
Tripel,2.7,Belgium,3.63,Brouwerij Alken-Maes,9.0,Belgian Tripel,330ml,330,8.18,Belgian Tripel
La Chouffe Blond,2.7,Belgium,3.82,Brasserie d'Achouffe,8.0,Belgian Strong Golden Ale,330ml,330,8.18,Belgian Strong Golden Ale
Straffe Hendrik Wild 2023,2.7,Belgium,3.47,Brouwerij De Halve Maan,10.0,Brett Beer,330ml,330,8.18,Brett Beer
La Great Northern Cerveza,3.6,England,3.54,Northern Monk,4.0,Lager - Other,Can 440ml,440,8.18,Lager
Pujala Laager 0%,3.6,Estonia,2.86,Põhjala,0.5,Non-Alcoholic - Lager,Can 440ml,440,8.18,Non-Alcoholic
Not Enough Truth To Find X Arpus,3.6,England,3.77,Cloudwater Brew Co.,5.0,Pale Ale - New England / Hazy,Can 440ml,440,8.18,Pale Ale
8,2.7,Belgium,3.85,Abbaye Notre-Dame de Saint-Rémy,9.2,Belgian Strong Dark Ale,330ml,330,8.18,Belgian Strong Dark Ale
De Dool Ter Dolen Donker,2.7,Belgium,3.48,Ter Dolen,7.1,Brown Ale - Belgian,330ml,330,8.18,Brown Ale
D'Achouffe Mc Chouffe,2.7,Belgium,3.64,Brasserie d'Achouffe,8.0,Belgian Strong Dark Ale,330ml,330,8.18,Belgian Strong Dark Ale
Playground Alcoholvrij Fles IPA,2.7,Netherlands,3.33,vandeStreek bier,0.5,Non-Alcoholic - IPA,330ml,330,8.18,Non-Alcoholic
Pilul,2.7,France,3.51,Brasserie de Clemery,5.0,Lager - Pale,330ml,330,8.18,Lager
Helles,3.6,Germany,3.72,Blech.Brut 8 Bit,5.3,Lager - Helles,Can 440ml,440,8.18,Lager
La Trappe Isid`or,2.7,Netherlands,3.75,Bierbrouwerij De Koningshoeven,7.5,Belgian Strong Golden Ale,330ml,330,8.18,Belgian Strong Golden Ale
Tripel D'Anvers,2.7,Belgium,3.64,Brouwerij De Koninck,8.0,Belgian Tripel,330ml,330,8.18,Belgian Tripel
Anderson's Irish Red Ale,3.6,Ireland,3.36,Lough Gill Brewery,4.0,Red Ale - Irish,Can 440ml,440,8.18,Red Ale
OMER. Traditional  Blond,2.7,Belgium,3.6,Omer Vander Ghinste,8.0,Belgian Blonde,330ml,330,8.18,Belgian Blonde
24736 Master Ipa,2.7,Belgium,3.61,Beerdevelopment Viven,7.0,IPA - American,330ml,330,8.18,IPA
Moinette Brune,2.7,Belgium,3.54,Brasserie Dupont,8.5,Belgian Strong Dark Ale,330ml,330,8.18,Belgian Strong Dark Ale
Lone Wolf Single Hop IPA,3.6,Slovenia,3.61,Reservoir Dogs Brewery,6.66,IPA - American,Can 440ml,440,8.18,IPA
Petrus RED,2.7,Belgium,3.6,Brouwerij De Brabandere,8.5,Sour - Fruited,330ml,330,8.18,Sour
Ypra Belgisch Blond,2.7,Belgium,3.47,Omer Vander Ghinste,6.0,Belgian Blonde,330ml,330,8.18,Belgian Blonde
Flotzinger Natur Radler,2.7,Germany,3.52,Flötzinger Bräu,2.7,Shandy / Radler,330ml,330,8.18,Shandy / Radler
Zundert 8,2.7,Netherlands,3.65,Trappistenbrouwerij de Kievit B.V.,8.0,Belgian Tripel,330ml,330,8.18,Belgian Tripel
Blond Biologisch Glutenvrij,2.7,Belgium,3.16,Brasserie de Brunehaut,6.5,Gluten-Free,330ml,330,8.18,Gluten-Free
Banana Beer,2.7,Belgium,3.05,Mongozo,3.6,Fruit Beer,330ml,330,8.18,Fruit Beer
Maltgarden / Neon Raptor Endless Party,4.09,Poland,3.77,Maltgarden,6.0,IPA - New England / Hazy,Can 500ml,500,8.18,IPA
Non-Alc Citrus Blonde Alcoholvrij Glutenvrij,2.7,Netherlands,3.08,Lowlander Beer,0.3,Non-Alcoholic - Other,330ml,330,8.18,Non-Alcoholic
Prearis Quadrupel,2.7,Belgium,3.74,Vliegende Paard Brouwers,10.0,Belgian Quadrupel,330ml,330,8.18,Belgian Quadrupel
Heen & Weer Tripel,2.7,Netherlands,3.54,Brouwerij de Molen,9.0,Belgian Tripel,330ml,330,8.18,Belgian Tripel
Blonde IPA,2.7,France,,Brasserie Iron,5.5,IPA - Session,330ml,330,8.18,IPA
Berliner Bosbes,2.7,Belgium,3.45,Brouwerij Alvinne/ Laugar Brewery,4.0,Sour - Berliner Weisse,330ml,330,8.18,Sour
Biologisch Glutenvrij Pils,2.7,Belgium,2.87,Mongozo,5.0,Gluten-Free,330ml,330,8.18,Gluten-Free
Tongerlo LUX,2.7,Belgium,3.51,Brouwerij Haacht Brasserie,6.0,Belgian Blonde,330ml,330,8.18,Belgian Blonde
Brasserie Des Rocs Triple Imperiale,2.7,Belgium,3.66,Brasserie de l'Abbaye des Rocs,10.0,Belgian Strong Dark Ale,330ml,330,8.18,Belgian Strong Dark Ale
SchuppenBoer Summer Belgian Blond,2.7,Belgium,3.4,Brouwerij Het Nest,6.0,Belgian Blonde,330ml,330,8.18,Belgian Blonde
Dansende Katten,2.7,Netherlands,3.28,Grensgeval,9.0,Belgian Strong Dark Ale,330ml,330,8.18,Belgian Strong Dark Ale
Punane Laager,3.6,Estonia,3.36,Põhjala,4.9,Lager - Amber / Red,Can 440ml,440,8.18,Lager
Mano negra,2.7,Belgium,3.56,Brouwerij Alvinne,10.0,Stout - Imperial / Double,330ml,330,8.18,Stout
New England IPA,2.7,Netherlands,3.6,Brothers In Law Brewing,6.0,IPA - New England / Hazy,330ml,330,8.18,IPA
Kwak Blonde,2.7,Belgium,3.55,Brouwerij Bosteels,7.4,Blonde / Golden Ale - Other,330ml,330,8.18,Blonde / Golden Ale
Vanilla Strawberry Truffle Hill,3.85,United States,3.93,Southern Grist Brewing Company,5.8,Sour - Fruited,Can 470ml,470,8.19,Sour
Schlenkerla Erle Schwarzbier,4.1,Germany,3.85,"Schlenkerla (""Heller-Bräu"" Trum)",4.2,Rauchbier,Bottle 500ml,500,8.2,Rauchbier
Pan IPAni Double,4.1,Poland,3.84,Trzech Kumpli,7.0,IPA - Imperial / Double New England / Hazy,Bottle 500ml,500,8.2,IPA
Azedo Frutado,4.1,Poland,3.62,Browar Trójmiejski Lubrow,4.9,Sour - Catharina,Can 500ml,500,8.2,Sour
Black IPA,4.1,Poland,3.59,Browar Stu Mostów,6.8,IPA - Black / Cascadian Dark Ale,Bottle 500ml,500,8.2,IPA
Luz,4.1,Poland,3.89,Browar Cztery Ściany,5.9,IPA - Session,Bottle 500ml,500,8.2,IPA
Widok,4.1,Poland,3.84,Browar Cztery Ściany,5.5,Pale Ale - New England / Hazy,Can 500ml,500,8.2,Pale Ale
New England IPA,4.1,Poland,3.92,Browar Stu Mostów,6.2,IPA - New England / Hazy,Bottle 500ml,500,8.2,IPA
Rood Premiere Dubbel,6.15,Belgium,3.72,Bières de Chimay,7.0,Belgian Dubbel,Bottle 750ml,750,8.2,Belgian Dubbel
Juicy Sour Series Graviola x Gruszka,4.1,Poland,3.33,ReCraft,4.2,Sour - Fruited,500ml,500,8.2,Sour
Harry Porter,4.1,Poland,3.67,Moczybroda,8.5,Porter - Baltic,Bottle 500ml,500,8.2,Porter
Bocian,4.1,Poland,3.68,Ziemia Obiecana,6.0,Sour - Fruited Gose,Can 500ml,500,8.2,Sour
Flotzinger Hell,4.1,Germany,3.49,Flötzinger Bräu,5.2,Lager - Helles,500ml,500,8.2,Lager
A Picture of Rakau,6.15,United States,3.99,The Virginia Beer Company,6.5,Pale Ale - New England / Hazy,Bottle 750ml,750,8.2,Pale Ale
Hedgehog,4.1,Poland,3.71,Browar Monsters,5.0,Sour - Fruited Gose,Can 500ml,500,8.2,Sour
Kriek,2.05,Belgium,3.5,Brouwerij Mort Subite,4.3,Lambic - Kriek,Bottle 250ml,250,8.2,Lambic
Lime Coffee,4.1,Poland,3.52,Magic Road,4.5,Sour - Other,Can 500ml,500,8.2,Sour
Bruin BIO,6.15,Belgium,3.48,Brasserie Lupulus,8.5,Brown Ale - Belgian,Bottle 750ml,750,8.2,Brown Ale
Old Ale,4.1,England,3.48,Adnams,4.1,Mild - Dark,500ml,500,8.2,Mild
PULPT Level,4.1,England,3.57,Pulpt,5.4,Cider - Dry,500ml,500,8.2,Cider
Indian Cinema,4.1,Poland,3.67,Browar Artezan,6.0,IPA - Sour,Can 500ml,500,8.2,IPA
Sencha,4.1,Romania,3.71,Hop Hooligans,5.0,Spiced / Herbed Beer,Can 500ml,500,8.2,Spiced / Herbed Beer
Lervig Sauvignon Blanche,4.1,Norway,3.52,LERVIG,6.3,Grape Ale - Other,500ml,500,8.2,Grape Ale
Hazy Discovery – Montpellier,4.1,Poland,3.96,Browar PINTA,6.5,IPA - New England / Hazy,Can 500ml,500,8.2,IPA
Pumpkin Spice Sour,4.1,Poland,3.9,Browar Stu Mostów,6.9,Sour - Fruited,Bottle 500ml,500,8.2,Sour
Pale Ale,4.1,Poland,3.63,Browar Stu Mostów,5.1,Pale Ale - American,Bottle 500ml,500,8.2,Pale Ale
You'll never see me again,4.1,Poland,3.42,Magic Road,4.6,Pale Ale - American,Can 500ml,500,8.2,Pale Ale
Brune,2.05,Belgium,3.4,Brouwerij Alken-Maes,7.0,Brown Ale - Belgian,Bottle 250ml,250,8.2,Brown Ale
De la Senne Saison de Meyboom,2.71,Belgium,3.47,Brasserie de la Senne,5.5,Farmhouse Ale - Saison,330ml,330,8.21,Farmhouse Ale
Arrogant Bastard Ale,3.9,United States,3.68,Arrogant Consortia,7.2,Strong Ale - American,Can 475ml,475,8.21,Strong Ale
Old Man Ale,4.11,England,3.54,Coniston Brewing Company,4.8,Old / Stock Ale,500ml,500,8.22,Old / Stock Ale
Tripel,2.72,Belgium,2.99,Force Majeure,0.4,Non-Alcoholic - Other,330ml,330,8.24,Non-Alcoholic
Wuida Hund Lager,2.72,Germany,3.48,Hoppebräu,4.5,Lager - IPL (India Pale Lager),330ml,330,8.24,Lager
Black Pearl,4.12,Poland,3.66,Funky Fluid,6.2,Stout - Other,Can 500ml,500,8.24,Stout
Acid Junk Blackberry,2.72,Belgium,3.49,NovaBirra,4.5,Sour - Fruited,330ml,330,8.24,Sour
Bruin,2.72,Belgium,2.88,Force Majeure,0.4,Non-Alcoholic - Other,330ml,330,8.24,Non-Alcoholic
Beer By Lake,3.63,Hungary,3.44,Mad Scientist,5.0,Lager - Other,Can 440ml,440,8.25,Lager
Arrogant Bastard,3.9,Germany,3.54,Stone Brewing Berlin,7.2,Strong Ale - American,473ml,473,8.25,Strong Ale
Common Sense,4.13,Czech Republic,3.58,Axiom Brewery,5.5,Pale Ale - American,Can 500ml,500,8.26,Pale Ale
Liquid Cocaine,3.64,Hungary,3.78,Mad Scientist,9.0,IPA - Imperial / Double,Can 440ml,440,8.27,IPA
Tenzing,2.73,Czech Republic,3.66,Axiom Brewery,7.0,Porter - Other,Can 330ml,330,8.27,Porter
Sour Station Passionfruit,2.73,Czech Republic,3.5,Axiom Brewery,4.5,Sour - Fruited Berliner Weisse,Can 330ml,330,8.27,Sour
Free Gelato: Blue Velvet,4.15,Poland,3.74,Funky Fluid,0.5,Non-Alcoholic - Sour,500ml,500,8.3,Non-Alcoholic
Free Gelato: Szarlotka,4.15,Poland,3.84,Funky Fluid,0.5,Non-Alcoholic - Sour,500ml,500,8.3,Non-Alcoholic
Triple D'anvers,2.74,Belgium,3.64,Brouwerij De Koninck,8.0,Belgian Tripel,330ml,330,8.3,Belgian Tripel
Siren Soundwave,2.74,England,3.72,Siren Craft Brew,5.6,IPA - American,Bottle 330ml,330,8.3,IPA
Mr. President Double IPA,3.65,Scotland,3.62,BrewDog,9.2,IPA - Imperial / Double,Can 440ml,440,8.3,IPA
Stargazer DDH DIPA,3.65,Spain,3.95,Caleya,8.2,IPA - Imperial / Double New England / Hazy,Can 440ml,440,8.3,IPA
Free Gelato: Berries & Cream,4.15,Poland,3.68,Funky Fluid,0.5,Non-Alcoholic - Sour,500ml,500,8.3,Non-Alcoholic
California IPA,2.95,United States,3.47,Sierra Nevada Brewing Co.,4.3,IPA - Session,355ml,355,8.31,IPA
Hazy  IPA,2.95,United States,3.72,Stone Brewing,6.7,IPA - New England / Hazy,355ml,355,8.31,IPA
Liberty Ale,2.95,United States,3.48,Anchor Brewing Company,5.9,IPA - American,355ml,355,8.31,IPA
California,6.23,Czech Republic,3.63,Pivovar Matuška,5.2,Pale Ale - American,Bottle 750ml,750,8.31,Pale Ale
1500,2.95,United States,3.66,Drake's Brewing Company,5.5,Pale Ale - American,355ml,355,8.31,Pale Ale
Biolegére,2.08,Belgium,3.02,Brasserie Dupont,3.5,Farmhouse Ale - Saison,Bottle 250ml,250,8.32,Farmhouse Ale
Saison Biologisch Glutenvrij,2.75,Belgium,3.11,Brasserie de Brunehaut,4.5,Gluten-Free,330ml,330,8.33,Gluten-Free
Maitre Tripel,2.75,Belgium,3.48,Brewery De Meester,8.5,Belgian Tripel,330ml,330,8.33,Belgian Tripel
Satan Black,2.75,Belgium,3.4,Brouwerij De Block,8.0,Belgian Strong Dark Ale,330ml,330,8.33,Belgian Strong Dark Ale
vandeStreek Playground Non Alcoholic IPA Blik,2.75,Netherlands,3.33,vandeStreek bier,0.5,Non-Alcoholic - IPA,330ml,330,8.33,Non-Alcoholic
Ipa,2.75,Netherlands,3.52,Brouwerij Kees,6.2,IPA - American,330ml,330,8.33,IPA
Baskwadder Dubbel Whisky Barrel Aged,2.75,Belgium,3.48,Brouwerij Leysen,7.8,Belgian Dubbel,330ml,330,8.33,Belgian Dubbel
Force Majeur  Tripel,2.75,Belgium,2.99,Force Majeure,0.4,Non-Alcoholic - Other,330ml,330,8.33,Non-Alcoholic
Rebelse Strop Brett Blond,2.75,Belgium,3.3,Brouwerij Roman,6.9,Brett Beer,330ml,330,8.33,Brett Beer
Polar Pint Winterbier,2.75,Netherlands,3.53,Brouwerij Klein Duimpje,8.4,Winter Ale,330ml,330,8.33,Winter Ale
Delirium Nocturnum,2.75,Belgium,3.76,Delirium - Huyghe Brewery,8.5,Belgian Strong Dark Ale,330ml,330,8.33,Belgian Strong Dark Ale
Waerse Brut,2.75,Netherlands,3.44,Brouwerij de Natte Gijt/ De Brouwschuur,10.0,Bière de Champagne / Bière Brut,330ml,330,8.33,Bière de Champagne / Bière Brut
Pauwel Kwak Blond,2.75,Belgium,3.55,Brouwerij Bosteels,7.4,Blonde / Golden Ale - Other,330ml,330,8.33,Blonde / Golden Ale
Tripel,2.75,Netherlands,3.69,Het Biermeisje,9.0,Belgian Tripel,330ml,330,8.33,Belgian Tripel
B2 Biscuit Blond,2.75,Netherlands,3.35,Berging Brouwerij,6.5,Belgian Blonde,330ml,330,8.33,Belgian Blonde
Tongerlo Blond,2.75,Belgium,3.51,Brouwerij Haacht Brasserie,6.5,Belgian Blonde,330ml,330,8.33,Belgian Blonde
Ruby Rode Vruchten En Hout,2.75,Belgium,3.19,Abbaye de Leffe,5.0,Fruit Beer,330ml,330,8.33,Fruit Beer
La Guillotine,2.75,Belgium,3.57,Delirium - Huyghe Brewery,8.5,Belgian Strong Golden Ale,330ml,330,8.33,Belgian Strong Golden Ale
Saison Dupont Cuvée Dry Hopping Styrian Wolf,2.75,Belgium,3.74,Brasserie Dupont,6.5,Farmhouse Ale - Saison,330ml,330,8.33,Farmhouse Ale
Brasserie Goudale Grand Cru,2.75,France,3.62,Brasserie Goudale - Les Brasseurs de Gayant,7.9,Farmhouse Ale - Bière de Garde,330ml,330,8.33,Farmhouse Ale
Palm 8 Horse Power,2.75,Belgium,3.35,Brouwerij Palm,8.0,Belgian Strong Golden Ale,330ml,330,8.33,Belgian Strong Golden Ale
Vrijwit,2.75,Netherlands,3.08,Brouwerij 't IJ,0.5,Non-Alcoholic - Wheat,330ml,330,8.33,Non-Alcoholic
Delirium Nocturnum Strong Dark Ale,2.75,Belgium,3.76,Delirium - Huyghe Brewery,8.5,Belgian Strong Dark Ale,330ml,330,8.33,Belgian Strong Dark Ale
Seef's Bootjesbier,2.75,Belgium,3.51,Antwerpse Brouw Compagnie,7.0,Red Ale - American Amber / Red,330ml,330,8.33,Red Ale
Brune,2.75,Belgium,3.48,Brasserie Lupulus,8.5,Brown Ale - Belgian,330ml,330,8.33,Brown Ale
Dark Knight,2.75,Belgium,3.84,BramBrass,10.0,Belgian Quadrupel,330ml,330,8.33,Belgian Quadrupel
Wasschappels Blond,2.75,Netherlands,3.51,Brouwerij 't Meuleneind,5.9,Belgian Blonde,330ml,330,8.33,Belgian Blonde
PerfectDraft    (Keg PerfectDraft 6L),50.0,Belgium,3.12,Brouwerij Hoegaarden,4.8,Wheat Beer - Fruited,6000ml,6000,8.33,Wheat Beer
KlevereTien Irish Whiskey Infused,2.75,Belgium,3.7,Brouwerij Het Nest,10.0,Belgian Strong Dark Ale,330ml,330,8.33,Belgian Strong Dark Ale
Ohtu,2.75,Estonia,3.55,Põhjala,5.5,Porter - American,330ml,330,8.33,Porter
Desideer,2.75,Belgium,3.56,Brouwerij De Bock,9.2,Belgian Strong Dark Ale,330ml,330,8.33,Belgian Strong Dark Ale
Green Mountain,2.75,England,3.63,Thornbridge Brewery,4.3,IPA - Session,330ml,330,8.33,IPA
Winter-Bock,2.75,Germany,3.32,Einbecker Brauhaus,7.5,Bock - Doppelbock,330ml,330,8.33,Bock
Muttis Sonnenschein Willibecher,2.5,Germany,3.4,Braumanufaktur Hertl,4.9,Lager - Helles,300ml,300,8.33,Lager
Double Bie,2.75,Belgium,3.09,Brouwerij De Bie,6.0,Belgian Dubbel,330ml,330,8.33,Belgian Dubbel
Extra Stout,2.75,Netherlands,3.23,Jopen,5.5,Stout - Foreign / Export,330ml,330,8.33,Stout
IJ IPA,2.75,Netherlands,3.68,Brouwerij 't IJ,6.5,Wheat Beer - Witbier / Blanche,330ml,330,8.33,Wheat Beer
Vrij Spel – Alcoholarm Speltbier,2.75,Netherlands,2.77,Brouwerij Egmond,0.5,Non-Alcoholic - Other,330ml,330,8.33,Non-Alcoholic
Antigoon Courageous WIPA,2.75,Belgium,3.45,Brouwerij The Musketeers,6.0,IPA - White / Wheat,330ml,330,8.33,IPA
Abdijbock,2.75,Netherlands,3.47,Brouwerij Egmond,6.5,Bock - Single / Traditional,330ml,330,8.33,Bock
Delirium Tremens,2.75,Belgium,3.85,Delirium - Huyghe Brewery,8.5,Belgian Strong Golden Ale,Bottle 330ml,330,8.33,Belgian Strong Golden Ale
Quadrupel,2.75,Netherlands,3.91,Bierbrouwerij De Koningshoeven,10.0,Belgian Quadrupel,330ml,330,8.33,Belgian Quadrupel
Hibernatus,2.75,Belgium,3.59,Brasserie Lupulus,9.5,Winter Warmer,330ml,330,8.33,Winter Warmer
Leann Coffaidh – Bio Coffee Lager,2.75,Germany,3.49,orca brau,5.4,Spiced / Herbed Beer,330ml,330,8.33,Spiced / Herbed Beer
Kerkom Hop Verdomme,2.75,Belgium,3.63,De Struise Brouwers,7.0,IPA - Triple,330ml,330,8.33,IPA
IPA Aquila,2.75,Netherlands,3.46,Brouwerij Rodanum,7.0,IPA - Belgian,330ml,330,8.33,IPA
Mango Beer Glutenvrij,2.75,Belgium,3.25,Mongozo,3.6,Fruit Beer,330ml,330,8.33,Fruit Beer
Val-Dieu Triple,2.75,Belgium,3.67,Brasserie de l'Abbaye du Val-Dieu,9.0,Belgian Tripel,330ml,330,8.33,Belgian Tripel
Du Bocq Deugniet,2.75,Belgium,3.53,Brasserie du Bocq,7.5,Belgian Strong Golden Ale,330ml,330,8.33,Belgian Strong Golden Ale
Val-dieu Tripel,2.75,Belgium,3.67,Brasserie de l'Abbaye du Val-Dieu,9.0,Belgian Tripel,330ml,330,8.33,Belgian Tripel
Gleuvenglijder Belgisch Blond,2.75,Netherlands,3.52,Brouwerij de Eeuwige Jeugd,5.5,Blonde / Golden Ale - Other,330ml,330,8.33,Blonde / Golden Ale
Hoppenbier Blond,2.75,Netherlands,3.45,Jopen,6.8,Historical Beer - Other,330ml,330,8.33,Historical Beer
Kriek Brut,2.75,Belgium,3.69,Brouwerij Liefmans,6.0,Fruit Beer,Bottle 330ml,330,8.33,Fruit Beer
Noblesse,2.75,Belgium,3.4,Brouwerij De Dochter van de Korenaar,5.5,Belgian Blonde,330ml,330,8.33,Belgian Blonde
Playground Alcoholvrij IPA,2.75,Netherlands,3.33,vandeStreek bier,0.5,Non-Alcoholic - IPA,Can 330ml,330,8.33,Non-Alcoholic
Dubbel Bok,2.75,Netherlands,3.48,Brouwerij Klein Duimpje,8.5,Bock - Doppelbock,330ml,330,8.33,Bock
Blanche Lambicus,2.75,Belgium,3.47,Brewery John Martin & Brewery Timmermans,4.5,Lambic - Traditional,330ml,330,8.33,Lambic
Kerstbier,2.75,Netherlands,3.3,Brouwerij Klein Duimpje,8.5,Winter Warmer,330ml,330,8.33,Winter Warmer
Force Majeur  Blond,2.75,Belgium,2.73,Force Majeure,0.4,Non-Alcoholic - Other,330ml,330,8.33,Non-Alcoholic
Shadows Are Everlasting,2.75,Netherlands,3.86,Klere Boght,11.5,Stout - Imperial / Double,330ml,330,8.33,Stout
Delirium Argentum,2.75,Belgium,3.6,Delirium - Huyghe Brewery,7.0,IPA - Belgian,330ml,330,8.33,IPA
"Funky Falcon 0,2 Non Alcoholic Pale Ale Blik Alcoholvrij",2.75,Netherlands,3.24,Two Chefs Brewing,0.2,Non-Alcoholic - Pale Ale,330ml,330,8.33,Non-Alcoholic
Springbock,2.75,Netherlands,3.31,Brouwerij TX,6.2,Bock - Hell / Maibock / Lentebock,330ml,330,8.33,Bock
Primavera,2.75,Netherlands,3.46,Baxbier,6.9,Pale Ale - Other,330ml,330,8.33,Pale Ale
Kellerbier Saphir,2.75,Germany,3.66,orca brau,5.4,Kellerbier / Zwickelbier,330ml,330,8.33,Kellerbier / Zwickelbier
Tripel Jules,2.75,Netherlands,3.59,Brouwerij Rodanum,8.0,Belgian Tripel,330ml,330,8.33,Belgian Tripel
Lager,2.75,Germany,2.92,Lucky Saint,0.5,Non-Alcoholic - Lager,330ml,330,8.33,Non-Alcoholic
Moinette: Ambrée,2.75,Belgium,3.52,Brasserie Dupont,8.5,Belgian Strong Golden Ale,330ml,330,8.33,Belgian Strong Golden Ale
Delirium Red,2.75,Belgium,3.58,Delirium - Huyghe Brewery,8.0,Fruit Beer,330ml,330,8.33,Fruit Beer
La Guillotine Blond Meergranen Tripel,2.75,Belgium,3.57,Delirium - Huyghe Brewery,8.5,Belgian Strong Golden Ale,330ml,330,8.33,Belgian Strong Golden Ale
Evoluwonder Tripel Weizen,2.75,Netherlands,3.59,100 Watt Brewery,9.0,Wheat Beer - Wheat Wine,330ml,330,8.33,Wheat Beer
Troubadour Magma Neipa,2.75,Belgium,3.68,Brouwerij The Musketeers,9.0,IPA - Belgian,330ml,330,8.33,IPA
IPA,2.75,Belgium,3.41,Belgian Balance,0.5,Non-Alcoholic - IPA,330ml,330,8.33,Non-Alcoholic
Koene Ridder,2.75,Netherlands,3.49,Rock City Brewing,8.0,Belgian Tripel,330ml,330,8.33,Belgian Tripel
Stormvloed,2.75,Netherlands,3.45,Brouwerij Poort,6.5,Belgian Dubbel,330ml,330,8.33,Belgian Dubbel
Ultima Rum Oaked,2.75,Belgium,3.57,Bierfirma Ultima,10.0,Barleywine - Other,330ml,330,8.33,Barleywine
Uzzewuzze Blomzoetje,2.75,Netherlands,3.34,Dorpsbrouwerij Uzzewuzze,5.9,Blonde / Golden Ale - Other,330ml,330,8.33,Blonde / Golden Ale
Whisky Infused,2.75,Belgium,4.0,Brouwerij Het Anker,11.7,Belgian Strong Dark Ale,330ml,330,8.33,Belgian Strong Dark Ale
Vuur & Vlam IPA,2.75,Netherlands,3.58,Brouwerij de Molen,6.2,IPA - American,330ml,330,8.33,IPA
VandeStreek Broeders,2.75,Netherlands,3.32,vandeStreek bier,6.0,Blonde / Golden Ale - Other,330ml,330,8.33,Blonde / Golden Ale
Nut Brown Ale,4.6,England,3.6,Samuel Smith,5.0,Brown Ale - English,Bottle 550ml,550,8.36,Brown Ale
Taddy Porter,4.6,England,3.67,Samuel Smith,5.0,Porter - English,Bottle 550ml,550,8.36,Porter
India Ale,4.6,England,3.42,Samuel Smith,5.0,IPA - English,Bottle 550ml,550,8.36,IPA
Oatmeal Stout,4.6,England,3.8,Samuel Smith,5.0,Stout - Oatmeal,Bottle 550ml,550,8.36,Stout
Hesbania DNKR,2.76,Belgium,3.27,Hesbania Bier,8.0,Belgian Strong Dark Ale,330ml,330,8.36,Belgian Strong Dark Ale
Houtenkop,2.09,Belgium,3.14,Brouwerij Strubbe,5.0,Pale Ale - Belgian,Bottle 250ml,250,8.36,Pale Ale
Messy,4.19,Poland,3.88,Funky Fluid,6.3,IPA - New England / Hazy,Can 500ml,500,8.38,IPA
Szklanki,4.19,Poland,3.8,Funky Fluid,6.2,IPA - New England / Hazy,Can 500ml,500,8.38,IPA
De la Senne Zinnebir,2.77,Belgium,3.4,Brasserie de la Senne,5.8,Pale Ale - Belgian,Bottle 330ml,330,8.39,Pale Ale
LOOPY,6.29,Latvia,3.79,Nurme,8.0,IPA - Imperial / Double New England / Hazy,Bottle 750ml,750,8.39,IPA
Fairy Dust,6.29,Latvia,3.86,Nurme,6.0,IPA - New England / Hazy,Bottle 750ml,750,8.39,IPA
Saison,2.77,Belgium,3.68,Brasserie Dupont,6.5,Farmhouse Ale - Saison,330ml,330,8.39,Farmhouse Ale
Milk Truck,3.69,United States,3.86,Mother Earth Brewing Company,5.8,Stout - Milk / Sweet,Can 440ml,440,8.39,Stout
Love Child,6.29,United States,3.72,Voodoo Brewing Co.,9.5,Belgian Tripel,Bottle 750ml,750,8.39,Belgian Tripel
Cassis,2.1,Belgium,3.63,Brouwerij Lindemans,3.5,Lambic - Fruit,Bottle 250ml,250,8.4,Lambic
Razza Raspberry Lemonade,2.1,Italy,3.43,Karma,5.0,Blonde / Golden Ale - Other,Can 250ml,250,8.4,Blonde / Golden Ale
Marble Mild,4.2,England,3.64,Marble Beers Ltd,4.1,Mild - Dark,500ml,500,8.4,Mild
Nice to Feed You,4.2,Poland,3.56,Browar Harpagan,5.3,IPA - Fruited,Bottle 500ml,500,8.4,IPA
Tamariki,4.2,Poland,3.86,Browarny Craft Beer,5.0,IPA - Cold,Can 500ml,500,8.4,IPA
Pretty Banana & White Guava,4.2,Poland,3.51,Magic Road,5.0,Sour - Smoothie / Pastry,Can 500ml,500,8.4,Sour
Ciney Blond,2.1,Belgium,3.44,Brouwerij Alken-Maes,7.0,Belgian Blonde,Bottle 250ml,250,8.4,Belgian Blonde
Black Beauty Cherries&Coffee,4.2,Poland,3.73,Magic Road,6.0,Sour - Smoothie / Pastry,Can 500ml,500,8.4,Sour
IPA PA PARA PO,4.2,Poland,3.82,Browar Trójmiejski Lubrow,5.6,IPA - New England / Hazy,Can 500ml,500,8.4,IPA
Bajlando,4.2,Poland,3.92,Ziemia Obiecana,6.0,Sour - Fruited,Can 500ml,500,8.4,Sour
Remake,4.2,Poland,3.65,Browarny Craft Beer,6.5,IPA - Cold,Can 500ml,500,8.4,IPA
Hazy Discovery – Mount Maunganui,4.2,Poland,3.97,Browar PINTA,6.5,IPA - New England / Hazy,Can 500ml,500,8.4,IPA
Heka,4.2,Poland,3.53,Browar Birbant,6.0,IPA - Cold,Can 500ml,500,8.4,IPA
Dixans,4.2,Poland,3.69,Browar Birbant,6.5,IPA - Black / Cascadian Dark Ale,Can 500ml,500,8.4,IPA
Mata,4.2,Poland,3.56,Browar Birbant,6.3,IPA - Cold,Can 500ml,500,8.4,IPA
Franky,4.2,Poland,3.65,Browar Birbant,6.5,IPA - American,Can 500ml,500,8.4,IPA
Pretty Cherries,4.2,Poland,3.71,Magic Road,5.5,Sour - Smoothie / Pastry,Can 500ml,500,8.4,Sour
Where Logo?,4.2,Poland,3.75,Magic Road,5.5,IPA - American,Can 500ml,500,8.4,IPA
Hobgoblin,4.2,England,3.51,Marston's Brewery,5.0,IPA - English,500ml,500,8.4,IPA
Aecht Eiche Doppelbock,4.2,Germany,3.72,"Schlenkerla (""Heller-Bräu"" Trum)",8.0,Rauchbier,500ml,500,8.4,Rauchbier
Kurort,4.2,Poland,3.66,Browar Cztery Ściany,6.7,IPA - American,Bottle 500ml,500,8.4,IPA
Flotzinger Spezial Hell,4.2,Germany,3.51,Flötzinger Bräu,4.8,Lager - Dortmunder / Export,500ml,500,8.4,Lager
Wędzony Porter Bałtycki,4.2,Poland,4.01,Trzech Kumpli,10.1,Porter - Smoked,Bottle 500ml,500,8.4,Porter
West Coast Highway,4.2,Poland,3.76,Browar Trójmiejski Lubrow,7.0,IPA - American,Can 500ml,500,8.4,IPA
Grime Coffee & Cocoa,4.2,Poland,3.71,Browarny Craft Beer,6.0,Stout - Coffee,Can 500ml,500,8.4,Stout
Orbital,4.2,Poland,3.68,Browarny Craft Beer,6.0,Sour - Smoothie / Pastry,Can 500ml,500,8.4,Sour
The Omen,4.2,Poland,3.65,TankBusters.Co,6.5,IPA - Black / Cascadian Dark Ale,500ml,500,8.4,IPA
Florida Vibes Vibin,4.2,Poland,3.99,Funky Fluid,7.2,Sour - Fruited,Can 500ml,500,8.4,Sour
Honey Dew,4.2,England,3.32,Fuller's Brewery,5.0,Honey Beer,500ml,500,8.4,Honey Beer
India Pale Ale,4.2,England,3.38,Fuller's Brewery,5.3,IPA - English,500ml,500,8.4,IPA
Faro,2.1,Belgium,3.47,Brouwerij Lindemans,4.0,Lambic - Faro,Bottle 250ml,250,8.4,Lambic
ESB Champion Ale,4.2,England,3.55,Fuller's Brewery,5.5,Bitter - Extra Special / Strong (ESB),500ml,500,8.4,Bitter
Flotzinger Wiess Marzen,4.2,Germany,3.54,Flötzinger Bräu,5.8,Märzen,500ml,500,8.4,Märzen
Brouwerij Verhaeghe - Duchesse de Bourgogne,2.1,Belgium,3.66,Brouwerij Verhaeghe,6.2,Sour - Flanders Red Ale,Bottle 250ml,250,8.4,Sour
Green Machine,4.2,Poland,3.7,TankBusters.Co,6.5,IPA - New England / Hazy,Can 500ml,500,8.4,IPA
Skwer,4.2,Poland,3.72,Browar Cztery Ściany,5.7,IPA - Session,Can 500ml,500,8.4,IPA
Hard Graf,17.0,Ireland,3.95,Land & Labour,5.6,Cider - Graff,Bottle 2022ml,2022,8.41,Cider
Voyage Voyage by Ianis,3.7,France,3.92,Brasserie Iron,6.0,Sour - Fruited,Can 440ml,440,8.41,Sour
Light Blonde Ale with Tropical Mango,2.99,United States,3.44,Kona Brewing Company,4.2,Blonde / Golden Ale - Other,355ml,355,8.42,Blonde / Golden Ale
Heavy Cloud,2.99,United States,3.78,Mother Earth Brewing Company,6.8,IPA - New England / Hazy,355ml,355,8.42,IPA
Boo Koo,2.99,United States,3.78,Mother Earth Brewing Company,6.5,IPA - American,355ml,355,8.42,IPA
Trail Pass Golden,2.99,United States,3.37,Sierra Nevada Brewing Co.,0.5,Non-Alcoholic - Other,355ml,355,8.42,Non-Alcoholic
Trail Pass IPA,2.99,United States,3.37,Sierra Nevada Brewing Co.,0.5,Non-Alcoholic - IPA,355ml,355,8.42,Non-Alcoholic
Pils 5L Mini Keg,42.1,Germany,2.77,Warsteiner,4.8,Lager - Leichtbier,5000ml,5000,8.42,Lager
Mama's Little Yella,2.99,United States,3.71,Oskar Blues Brewery,5.5,Pilsner - Other,355ml,355,8.42,Pilsner
Infinity-Hero,2.99,United States,3.77,Revolution Brewing Company,7.0,IPA - Other,355ml,355,8.42,IPA
Hibiscus Dream,2.99,United States,3.69,Crooked Stave Artisan Beer Project,4.5,Sour - Fruited,355ml,355,8.42,Sour
Cosmic Crown,2.99,United States,3.7,Cigar City Brewing,9.0,Belgian Strong Golden Ale,355ml,355,8.42,Belgian Strong Golden Ale
Delicious Citrus,2.99,United States,3.7,Stone Brewing,7.7,IPA - American,355ml,355,8.42,IPA
Dead Guy Ale,2.99,United States,3.71,Rogue Ales,6.8,Bock - Hell / Maibock / Lentebock,355ml,355,8.42,Bock
Batsquatch,2.99,United States,3.74,Rogue Ales,6.7,IPA - New England / Hazy,355ml,355,8.42,IPA
Juicy West,2.99,United States,3.77,Crooked Stave Artisan Beer Project,6.0,IPA - American,355ml,355,8.42,IPA
Pale Ale,2.99,United States,3.62,Sierra Nevada Brewing Co.,5.6,Pale Ale - American,Can 355ml,355,8.42,Pale Ale
Dead Guy IPA,2.99,United States,3.71,Rogue Ales,7.0,IPA - American,355ml,355,8.42,IPA
Tropic Mutant,2.99,United States,3.71,Oskar Blues Brewery,7.0,IPA - Other,355ml,355,8.42,IPA
Dale's Light Lager,2.99,United States,3.37,Oskar Blues Brewery,4.2,Lager - American Light,355ml,355,8.42,Lager
Scoville 9000 - keykeg,168.5,Belgium,3.55,Dok Brewing Company,9.0,Porter - Other,20000ml,20000,8.43,Porter
No Show Plumber - keykeg,168.5,Belgium,3.57,Dok Brewing Company,8.0,Sour - Fruited,20000ml,20000,8.43,Sour
Mystic Mutant,3.99,United States,3.6,Oskar Blues Brewery,7.0,IPA - American,473ml,473,8.44,IPA
Flow,3.99,United States,3.69,Almanac Beer Company,5.5,Pale Ale - American,473ml,473,8.44,Pale Ale
White Thai,3.99,United States,3.59,Westbrook Brewing Co.,5.0,Wheat Beer - Witbier / Blanche,Can 473ml,473,8.44,Wheat Beer
G13 Dank Double,3.99,United States,3.76,SweetWater Brewing Company,9.0,IPA - Imperial / Double New England / Hazy,473ml,473,8.44,IPA
One Claw,3.99,United States,3.76,Westbrook Brewing Co.,5.5,Pale Ale - American,Can 473ml,473,8.44,Pale Ale
Zware jongen,3.99,Netherlands,3.58,Brouwerij Ouwetoeter,10.2,Belgian Quadrupel,Can 473ml,473,8.44,Belgian Quadrupel
Moosehead Dry Ice Strong Lager,3.99,Canada,2.98,Moosehead Breweries Limited,6.0,Lager - American,473ml,473,8.44,Lager
Moosehead Small Batch No. 77 Hoppy Light Lager,3.99,Canada,3.59,Moosehead Breweries Limited,6.3,IPA - American,473ml,473,8.44,IPA
ROTS Donker,3.99,Netherlands,3.6,Voornsche Brouwerij,10.5,Belgian Strong Dark Ale,473ml,473,8.44,Belgian Strong Dark Ale
Zuurbier – Passievrucht Berliner Weisse,2.79,Netherlands,3.48,Hofbrouwerij Reijngoud,4.5,Sour - Fruited Berliner Weisse,330ml,330,8.45,Sour
Recurring Dream,3.72,Spain,3.65,Cierzo Brewing Co.,6.0,IPA - New England / Hazy,Can 440ml,440,8.45,IPA
Hauptstadt Helles,2.79,Germany,3.36,Vagabund Brauerei,4.9,Lager - Helles,330ml,330,8.45,Lager
Valge,2.79,Estonia,3.51,Pühaste Brewery,5.1,Wheat Beer - Witbier / Blanche,330ml,330,8.45,Wheat Beer
Oude Geuze,3.17,Belgium,3.68,Brouwerij De Troch,5.5,Lambic - Gueuze,Bottle 375ml,375,8.45,Lambic
Weizen (Glutenvrij),2.79,Netherlands,3.16,Brouwerij Klein Duimpje,5.5,Gluten-Free,330ml,330,8.45,Gluten-Free
TRIPLE MALT QREATION,2.79,Netherlands,3.36,MIQMAQ,8.0,Belgian Tripel,330ml,330,8.45,Belgian Tripel
Red Apple Cider,2.79,Croatia,3.41,Buzdovan,5.0,Cider - Traditional / Apfelwein,330ml,330,8.45,Cider
Heimathafen Jack Pale Ale,2.79,Germany,3.32,Heimathafen - Erfurter Braumanufaktur,5.1,Pale Ale - English,330ml,330,8.45,Pale Ale
Sessionable Healing Session IPA,2.79,Germany,3.59,Vagabund Brauerei,4.5,IPA - Session,330ml,330,8.45,IPA
Witbier,2.79,Netherlands,3.5,Brouwerij Artemis,5.5,Farmhouse Ale - Saison,330ml,330,8.45,Farmhouse Ale
Maibock,2.79,Germany,,Privatbrauerei Sander,7.0,Bock - Hell / Maibock / Lentebock,330ml,330,8.45,Bock
Abt 12,2.79,Belgium,4.0,Brouwerij St.Bernardus,10.0,Belgian Quadrupel,330ml,330,8.45,Belgian Quadrupel
"My Saddle, My Pony & Me Pale Ale",2.79,Germany,3.46,Vagabund Brauerei,5.2,Pale Ale - American,330ml,330,8.45,Pale Ale
Pineapple Pie,2.79,Sweden,3.55,Brewski,4.0,Sour - Fruited Berliner Weisse,330ml,330,8.45,Sour
De Dochter Van De Burgemeester,2.79,Netherlands,3.47,Bierbrouwerij De Magistraat,5.9,Belgian Blonde,330ml,330,8.45,Belgian Blonde
Pub Ale,2.79,Sweden,3.22,Brewski,3.8,Traditional Ale,330ml,330,8.45,Traditional Ale
Blonde Boei Tripel,2.79,Netherlands,3.55,Stadsbrouwerij 013,8.5,Belgian Tripel,330ml,330,8.45,Belgian Tripel
Lite,2.79,Spain,3.1,Basqueland Brewing,3.5,Lager - American Light,330ml,330,8.45,Lager
Drink'in the Snow,2.79,Denmark,2.84,Mikkeller,0.3,Non-Alcoholic - Other,330ml,330,8.45,Non-Alcoholic
Winterhuder Helles,2.79,Germany,3.26,HWB Winterhuder Bier GmbH,4.7,Lager - Helles,330ml,330,8.45,Lager
Pohjala Prenzlauer Berg,2.79,Estonia,3.58,Põhjala,4.5,Sour - Fruited Berliner Weisse,Can 330ml,330,8.45,Sour
Helle Aufregung,2.79,Germany,3.41,Landgang Brauerei,5.0,Lager - Helles,330ml,330,8.45,Lager
Squirrel Bait,2.79,Sweden,3.58,Brewski,4.7,IPA - Session,330ml,330,8.45,IPA
Lime Time Witbier,2.79,Germany,3.28,Freie Brau Union Bremen,4.9,Wheat Beer - Witbier / Blanche,330ml,330,8.45,Wheat Beer
Blonde Stoot,2.79,Belgium,3.37,Bieren Cabardouche,5.0,Belgian Blonde,330ml,330,8.45,Belgian Blonde
Andreas,2.79,Netherlands,3.59,Brouwerij Frontaal,8.5,Belgian Tripel,330ml,330,8.45,Belgian Tripel
XX Bitter (2024),2.79,Belgium,3.83,Brouwerij De Ranke,6.0,IPA - Belgian,330ml,330,8.45,IPA
Tennent's 1885 Lager Glutenfrei,2.79,Scotland,3.12,Tennent's Caledonian Brewery,5.0,Lager - Pale,330ml,330,8.45,Lager
India Pale Ale,2.79,Netherlands,3.41,Dutch Bargain,5.8,IPA - Other,330ml,330,8.45,IPA
KEIPA,2.79,Netherlands,3.57,Vat'33,5.0,IPA - New England / Hazy,330ml,330,8.45,IPA
KEIPA – Black Pepper Edition,2.79,Netherlands,3.64,Vat'33,5.0,IPA - New England / Hazy,330ml,330,8.45,IPA
Pater Lieven Blond,2.79,Belgium,3.37,Brouwerij Van Den Bossche,6.5,Belgian Blonde,330ml,330,8.45,Belgian Blonde
Saison de Dottignies,2.79,Belgium,3.42,Brouwerij De Ranke,5.5,Farmhouse Ale - Saison,330ml,330,8.45,Farmhouse Ale
"Helles, Nietes!",2.79,Netherlands,3.33,Kaapse Brouwers,5.8,Lager - Helles,330ml,330,8.45,Lager
Naked,2.79,Germany,3.13,BRLO,0.2,Non-Alcoholic - Pale Ale,330ml,330,8.45,Non-Alcoholic
Supadupa IPA,2.8,Germany,3.59,ÜberQuell Brauwerkstätten,6.0,IPA - American,330ml,330,8.48,IPA
Vicaris Tripel,2.8,Belgium,3.55,Brouwerij Dilewyns,8.5,Belgian Tripel,330ml,330,8.48,Belgian Tripel
Hopnytized DIPA,2.8,Belgium,3.76,Enigma,9.0,IPA - Imperial / Double,330ml,330,8.48,IPA
Nautilus,2.8,France,3.57,ZooBrew Brasserie Animale,3.5,Sour - Traditional Gose,330ml,330,8.48,Sour
24181 Tripel,2.8,Belgium,3.76,Brouwerij De Halve Maan,9.0,Belgian Tripel,330ml,330,8.48,Belgian Tripel
Cuvée Clarisse Omerta Rum Infused,2.8,Belgium,3.66,Brouwerij Wilderen,11.2,Belgian Strong Dark Ale,330ml,330,8.48,Belgian Strong Dark Ale
Kompaan Bondgenoot,2.8,Netherlands,3.33,KOMPAAN Dutch Craft Beer Company,5.2,Pale Ale - Belgian,330ml,330,8.48,Pale Ale
Orval Trappist,2.8,Belgium,3.68,Brasserie d'Orval,6.2,Pale Ale - Belgian,330ml,330,8.48,Pale Ale
Rochefort Triple Extra,2.8,Belgium,3.76,Abbaye Notre-Dame de Saint-Rémy,8.1,Belgian Tripel,330ml,330,8.48,Belgian Tripel
Tongerlo Tripel,2.8,Belgium,3.64,Brouwerij Haacht Brasserie,9.0,Belgian Tripel,330ml,330,8.48,Belgian Tripel
Munich Hell Lager 33cl,2.8,Germany,3.45,Paulaner Brauerei,4.9,Lager - Helles,330ml,330,8.48,Lager
Schneider Aventinus Eisbock,2.8,Germany,3.79,Schneider Weisse G. Schneider & Sohn,12.0,Bock - Eisbock,330ml,330,8.48,Bock
Brugse Sport Zot Alcoholvrij,2.8,Belgium,2.76,Brouwerij De Halve Maan,0.4,Non-Alcoholic - Pale Ale,330ml,330,8.48,Non-Alcoholic
Berliner Weisse,2.8,Spain,3.47,Cervesa Espiga,3.5,Sour - Fruited Berliner Weisse,330ml,330,8.48,Sour
Babbelaer,2.8,Belgium,3.65,'t Paenhuys,8.0,Belgian Tripel,330ml,330,8.48,Belgian Tripel
Zwaar Blond,2.8,Belgium,3.27,Duvel Moortgat,5.2,Pilsner - Other,330ml,330,8.48,Pilsner
Du Bois Des Pendus Blond,2.8,Belgium,3.36,Brasserie des Légendes,5.9,Belgian Blonde,330ml,330,8.48,Belgian Blonde
Zinnebir,2.8,Belgium,3.4,Brasserie de la Senne,5.8,Pale Ale - Belgian,330ml,330,8.48,Pale Ale
St. Feuillien Grand Cru,2.8,Belgium,3.71,Brasserie St-Feuillien,9.5,Belgian Strong Golden Ale,Bottle 330ml,330,8.48,Belgian Strong Golden Ale
Hoppenbier,2.8,Netherlands,3.45,Jopen,6.8,Historical Beer - Other,330ml,330,8.48,Historical Beer
Waterloo Double Brune,2.8,Belgium,3.49,Waterloo Brewery Mont-St-Jean,8.0,Belgian Strong Dark Ale,330ml,330,8.48,Belgian Strong Dark Ale
La Goudale Grand Cru,2.8,France,3.62,Brasserie Goudale - Les Brasseurs de Gayant,7.9,Farmhouse Ale - Bière de Garde,330ml,330,8.48,Farmhouse Ale
Adriaan,2.8,Netherlands,3.45,Jopen,5.0,Wheat Beer - Witbier / Blanche,330ml,330,8.48,Wheat Beer
Troubadour Magma,2.8,Belgium,3.68,Brouwerij The Musketeers,8.5,IPA - Belgian,Bottle 330ml,330,8.48,IPA
PillePalle,2.8,Germany,3.48,ÜberQuell Brauwerkstätten,0.4,Non-Alcoholic - Pale Ale,330ml,330,8.48,Non-Alcoholic
Noble Nordic,2.8,Denmark,3.4,Copenhagen Commons,4.5,Pale Ale - Other,330ml,330,8.48,Pale Ale
St. Bernardus Tokyo,2.8,Belgium,3.48,Brouwerij St.Bernardus,6.0,Wheat Beer - Witbier / Blanche,330ml,330,8.48,Wheat Beer
Tropical Ale Alcoholvrij Grapefruit & Guava,2.8,Netherlands,3.2,Lowlander Beer,0.3,Non-Alcoholic - Other,330ml,330,8.48,Non-Alcoholic
Gruut Blond,2.8,Belgium,3.33,Gentse Gruut Stadsbrouwerij,5.5,Historical Beer - Gruit / Ancient Herbed Ale,330ml,330,8.48,Historical Beer
Palim Palim Pale Ale,2.8,Germany,3.44,ÜberQuell Brauwerkstätten,5.3,Pale Ale - English,330ml,330,8.48,Pale Ale
Origin'Ale,2.8,France,3.47,Le Père l'amer,5.0,Pale Ale - American,330ml,330,8.48,Pale Ale
Val-dieu Noël,2.8,Belgium,3.55,Brasserie de l'Abbaye du Val-Dieu,7.0,Winter Warmer,330ml,330,8.48,Winter Warmer
Brigand Zwaar Blond,2.8,Belgium,3.5,Kasteel Brouwerij Vanhonsebrouck,9.0,Belgian Strong Golden Ale,330ml,330,8.48,Belgian Strong Golden Ale
Omer. Traditional Blond,2.8,Belgium,3.6,Omer Vander Ghinste,8.0,Belgian Blonde,330ml,330,8.48,Belgian Blonde
Belhamel New England IPA,2.8,Netherlands,3.57,Brouwerij de Eeuwige Jeugd,6.5,IPA - New England / Hazy,330ml,330,8.48,IPA
Black Flag,2.8,Netherlands,3.4,Oproer,6.5,IPA - Black / Cascadian Dark Ale,330ml,330,8.48,IPA
LeFort Classic Donker,2.8,Belgium,3.62,Omer Vander Ghinste,10.0,Belgian Strong Dark Ale,330ml,330,8.48,Belgian Strong Dark Ale
Kasteel Cuvée,2.8,Belgium,3.81,Kasteel Brouwerij Vanhonsebrouck,11.0,Belgian Quadrupel,Bottle 330ml,330,8.48,Belgian Quadrupel
El Dorado,2.8,Belgium,3.6,Enigma,10.0,IPA - Triple,330ml,330,8.48,IPA
Kasteel Barista,2.8,Belgium,3.77,Kasteel Brouwerij Vanhonsebrouck,11.0,Belgian Quadrupel,330ml,330,8.48,Belgian Quadrupel
Blond,2.8,Netherlands,3.5,Uiltje Brewing Company,6.0,Blonde / Golden Ale - Other,330ml,330,8.48,Blonde / Golden Ale
Delirium Tremens Zwaar Blond,2.8,Belgium,3.85,Delirium - Huyghe Brewery,8.5,Belgian Strong Golden Ale,330ml,330,8.48,Belgian Strong Golden Ale
Heart & Soul,2.8,England,3.61,Vocation Brewery,4.4,IPA - Session,330ml,330,8.48,IPA
CBD IPA,2.8,Scotland,3.32,BRULO,0.5,Non-Alcoholic - IPA,330ml,330,8.48,Non-Alcoholic
A Sheep Called Foxy - barrel touched,2.8,Belgium,3.59,Hallelujah Brewery,7.0,IPA - White / Wheat,330ml,330,8.48,IPA
Bon Secours Heritage,2.8,Belgium,3.31,Brasserie Caulier,8.0,Belgian Strong Golden Ale,330ml,330,8.48,Belgian Strong Golden Ale
Quadrupel Centurio,2.8,Netherlands,3.64,Brouwerij Rodanum,9.4,Belgian Quadrupel,330ml,330,8.48,Belgian Quadrupel
23121 Tripel,2.8,Belgium,3.72,Abbaye de Maredsous,10.0,Belgian Tripel,330ml,330,8.48,Belgian Tripel
Pine IPA,3.73,Sweden,3.6,Poppels Bryggeri,6.5,IPA - American,Can 440ml,440,8.48,IPA
Lager,2.8,Belgium,3.28,Brasserie Lupulus,5.0,Lager - Other,330ml,330,8.48,Lager
Superdelic,2.8,Belgium,3.63,Brasserie Lupulus,8.5,Belgian Tripel,330ml,330,8.48,Belgian Tripel
Bleuette,2.8,Belgium,3.33,Brasserie Lupulus,4.2,Fruit Beer,330ml,330,8.48,Fruit Beer
Weize Raaf,2.8,Netherlands,3.61,Grensgeval,7.0,Wheat Beer - Hefeweizen,330ml,330,8.48,Wheat Beer
Kwak Rouge,2.8,Belgium,3.34,Brouwerij Bosteels,8.0,Fruit Beer,330ml,330,8.48,Fruit Beer
Goliath Triple,2.8,Belgium,3.52,Brasserie des Légendes,9.0,Belgian Tripel,330ml,330,8.48,Belgian Tripel
Chouffe N'ice,2.8,Belgium,3.66,Brasserie d'Achouffe,10.0,Winter Ale,330ml,330,8.48,Winter Ale
Zichovec Malý Ježíšek,6.37,Czech Republic,3.62,Rodinný Pivovar Zichovec,4.1,IPA - Session,Bottle 750ml,750,8.49,IPA
Gold,4.25,Germany,3.59,Private Landbrauerei Schönram,5.7,Festbier,500ml,500,8.5,Festbier
Canadian Lager,2.9,Canada,3.17,Moosehead Breweries Limited,5.0,Lager - American,Bottle 341ml,341,8.5,Lager
Free Gelato Blue Velvet,4.25,Poland,3.74,Funky Fluid,0.5,Non-Alcoholic - Sour,500ml,500,8.5,Non-Alcoholic
Texels Goudkoppe,2.55,Netherlands,3.5,Texelse Bierbrouwerij,6.0,Belgian Blonde,300ml,300,8.5,Belgian Blonde
Selfish Games Czech Mate,3.74,Hungary,3.47,HORIZONT Brewing,4.0,Pilsner - Czech / Bohemian,Can 440ml,440,8.5,Pilsner
5th Anniversary Beer #3 – Cold IPA,4.25,Serbia,3.83,Dogma Brewery,6.7,IPA - Cold,500ml,500,8.5,IPA
Szekszárd Helles,3.74,Hungary,3.68,Brew Your Mind,5.5,Lager - Helles,Can 440ml,440,8.5,Lager
Interboro Mixed Janker,4.0,United States,3.72,Interboro Spirits & Ales,6.0,Sour - Other,Can 470ml,470,8.51,Sour
Pity Whop,4.0,United States,3.8,Southern Grist Brewing Company,8.9,Stout - Milk / Sweet,Can 470ml,470,8.51,Stout
Ultima Dry-Hopped Exotic Tripel,2.81,Belgium,3.43,Bierfirma Ultima,8.0,Belgian Tripel,330ml,330,8.52,Belgian Tripel
Leann Folláin,3.75,Ireland,3.66,O'Hara's Brewery,6.0,Stout - Foreign / Export,Can 440ml,440,8.52,Stout
The Empress,2.81,England,3.53,Void,6.0,Other,330ml,330,8.52,Other
Maïtre Quad,2.81,Belgium,3.65,Brewery De Meester,9.5,Belgian Quadrupel,330ml,330,8.52,Belgian Quadrupel
Double Hazy Jane New England IPA,3.75,Scotland,3.84,BrewDog,7.2,IPA - Imperial / Double New England / Hazy,Can 440ml,440,8.52,IPA
Foam Climb,2.81,Czech Republic,3.61,Axiom Brewery,6.5,IPA - American,Can 330ml,330,8.52,IPA
Maïtre Tripel,2.81,Belgium,3.48,Brewery De Meester,8.5,Belgian Tripel,330ml,330,8.52,Belgian Tripel
The Emperor,2.81,England,3.53,Void,6.0,Other,330ml,330,8.52,Other
Morpheus Saison,2.81,Belgium,3.38,Brouwerij Alvinne,7.0,Farmhouse Ale - Saison,330ml,330,8.52,Farmhouse Ale
Street Racer,3.75,Netherlands,3.74,Brouwerij Kees,8.2,IPA - Imperial / Double,Can 440ml,440,8.52,IPA
Rad Times,3.75,England,3.32,Magic Rock Brewing,3.4,Pale Ale - Fruited,Can 440ml,440,8.52,Pale Ale
The Fish Needs A Suzuki Collab OSEES & Carnival Brewin,3.75,Germany,3.37,FUERST WIACEK,4.2,Lager - American Light,Can 440ml,440,8.52,Lager
Távoli Galaxis,2.81,Hungary,3.65,RothBeer,6.1,IPA - American,330ml,330,8.52,IPA
Ardenne Wood My Deer Vermouth B.A (2022),6.4,Belgium,4.04,Brasserie Minne,12.5,Barleywine - Other,Bottle 750ml,750,8.53,Barleywine
Comma,6.4,France,3.75,Ellipse,5.0,Wheat Beer - American Pale Wheat,Bottle 750ml,750,8.53,Wheat Beer
Ardenne Wood My Deer Banyuls B.A (2022),6.4,Belgium,4.05,Brasserie Minne,12.5,Barleywine - Other,Bottle 750ml,750,8.53,Barleywine
Axiom / Parom  - Simargl,4.27,Czech Republic,3.9,Axiom Brewery,5.7,IPA - New England / Hazy,Can 500ml,500,8.54,IPA
Melipona,2.82,Czech Republic,3.6,Axiom Brewery,6.5,Stout - Milk / Sweet,Can 330ml,330,8.55,Stout
Bouts - Leuvense Witte,2.82,Belgium,3.31,Brouwerij Hof ten Dormaal,4.5,Wheat Beer - Witbier / Blanche,330ml,330,8.55,Wheat Beer
Jessenhofke RGLR,2.82,Belgium,2.89,Biologische Brouwerij Jessenhofke,3.5,Pale Ale - Belgian,330ml,330,8.55,Pale Ale
Organic Pure Brewed Lager,4.7,England,3.5,Samuel Smith,5.0,Lager - Pale,Bottle 550ml,550,8.55,Lager
Organic Pale Ale,4.7,England,3.45,Samuel Smith,5.0,Pale Ale - English,Bottle 550ml,550,8.55,Pale Ale
Foreign Export Stout,4.28,England,3.62,Ridgeway Brewing,8.0,Stout - Foreign / Export,500ml,500,8.56,Stout
Abbaye des Rocs Blanche des Honelles,2.83,Belgium,3.37,Brasserie de l'Abbaye des Rocs,6.0,Wheat Beer - Witbier / Blanche,330ml,330,8.58,Wheat Beer
Lightfoot Blonde Ale,4.29,England,3.3,Theakston,4.1,Blonde / Golden Ale - English,500ml,500,8.58,Blonde / Golden Ale
Pineapple,4.29,Poland,3.7,Funky Fluid,4.0,Sour - Other,500ml,500,8.58,Sour
Brasserie Goudale Ipa,3.05,France,3.22,Brasserie Goudale - Les Brasseurs de Gayant,7.2,IPA - Belgian,Can 355ml,355,8.59,IPA
Grand Hops,3.05,Belgium,3.46,Brouwerij Corsendonk,6.9,IPA - Belgian,Can 355ml,355,8.59,IPA
Omer VanderGhinste Roodbruin,2.15,Belgium,3.66,Omer Vander Ghinste,5.5,Sour - Flanders Oud Bruin,Bottle 250ml,250,8.6,Sour
Schlenkerla Helles,4.3,Germany,3.48,"Schlenkerla (""Heller-Bräu"" Trum)",4.3,Lager - Helles,500ml,500,8.6,Lager
Schlenkerla Unfiltered Helles Lager,4.3,Germany,3.45,"Schlenkerla (""Heller-Bräu"" Trum)",4.3,Lager - Helles,500ml,500,8.6,Lager
Jeździć Obserwować,4.3,Poland,3.83,Browar Artezan,6.0,IPA - New England / Hazy,Can 500ml,500,8.6,IPA
For.Rest,4.3,Poland,3.48,Browar Nepomucen,0.5,Non-Alcoholic - IPA,500ml,500,8.6,Non-Alcoholic
Schlenkerla Rauchweizen,4.3,Germany,3.48,"Schlenkerla (""Heller-Bräu"" Trum)",5.2,Rauchbier,500ml,500,8.6,Rauchbier
Nihilista,4.3,Poland,3.89,Ziemia Obiecana,7.0,IPA - Imperial / Double New England / Hazy,Can 500ml,500,8.6,IPA
Last Dayz,4.3,Poland,3.87,Browarny Craft Beer,7.0,Sour - Smoothie / Pastry,Can 500ml,500,8.6,Sour
Freeky Non-Alcoholic APA,4.3,Poland,3.37,Maryensztadt,0.5,Non-Alcoholic - Pale Ale,500ml,500,8.6,Non-Alcoholic
Co oznacza dzwon?,4.3,Poland,3.93,Magic Road,5.6,Sour - Fruited,Can 500ml,500,8.6,Sour
Harder Than You Think,4.3,Poland,3.73,Funky Fluid,6.0,IPA - American,Can 500ml,500,8.6,IPA
Andechs Vollbier Hell,4.3,Germany,3.56,Klosterbrauerei Andechs,4.8,Lager - Helles,500ml,500,8.6,Lager
HB Przystanek Bemowo,4.3,Poland,3.88,Magic Road,5.5,Sour - Smoothie / Pastry,Can 500ml,500,8.6,Sour
Gelato Bloody,4.3,Poland,3.96,Funky Fluid,5.5,Sour - Smoothie / Pastry,Can 500ml,500,8.6,Sour
Gelato Spooky,4.3,Poland,3.86,Funky Fluid,5.5,Sour - Smoothie / Pastry,Can 500ml,500,8.6,Sour
Summer Punch,4.3,Romania,3.7,Hop Hooligans,5.0,Pale Ale - American,Can 500ml,500,8.6,Pale Ale
Trasa,4.3,Poland,3.88,Browar Cztery Ściany,6.8,Pale Ale - New England / Hazy,Bottle 500ml,500,8.6,Pale Ale
Follow the Light,4.3,Poland,3.82,Browar Rockmill,6.5,IPA - New England / Hazy,Can 500ml,500,8.6,IPA
Obłok,4.3,Poland,3.94,Browar Cztery Ściany,6.2,IPA - New England / Hazy,Can 500ml,500,8.6,IPA
Jever Pils,4.3,Norway,3.22,Røhne Bryggerhus,4.9,Pilsner - Other,500ml,500,8.6,Pilsner
Friday,4.3,Poland,3.82,Browar Birbant,8.6,IPA - Imperial / Double,Can 500ml,500,8.6,IPA
Pompelmocello,3.79,England,3.63,Siren Craft Brew,6.0,IPA - Sour,Can 440ml,440,8.61,IPA
Tume Laager,3.79,Estonia,3.4,Põhjala,5.0,Lager - Dark,Can 440ml,440,8.61,Lager
Pohjala Treeninglaager,3.79,Estonia,3.01,Põhjala,0.5,Non-Alcoholic - Lager,Can 440ml,440,8.61,Non-Alcoholic
Laager 0,3.79,Estonia,2.86,Põhjala,0.5,Non-Alcoholic - Lager,Can 440ml,440,8.61,Non-Alcoholic
Noir De Dottignies,2.84,Belgium,3.71,Brouwerij De Ranke,8.5,Belgian Strong Dark Ale,330ml,330,8.61,Belgian Strong Dark Ale
Wheat Dreams,3.79,Netherlands,3.46,Brouwerij Kees,5.2,Wheat Beer - Hopfenweisse,Can 440ml,440,8.61,Wheat Beer
Laager,3.79,Estonia,3.37,Põhjala,4.7,Pilsner - German,Can 440ml,440,8.61,Pilsner
Prearis Quadrocinno,2.84,Belgium,3.69,Vliegende Paard Brouwers,10.0,Belgian Quadrupel,330ml,330,8.61,Belgian Quadrupel
Eigenweiss Weizen,2.85,Netherlands,3.45,Bronckhorster Brewing Company,5.0,Wheat Beer - Hefeweizen,330ml,330,8.64,Wheat Beer
Moeder Overste,2.85,Belgium,3.48,Brasserie Lefebvre,8.0,Belgian Tripel,330ml,330,8.64,Belgian Tripel
Radio Minerva,2.85,Belgium,3.53,Antwerpse Brouw Compagnie,7.0,Belgian Tripel,330ml,330,8.64,Belgian Tripel
De Dool Ter Dolen Blond,2.85,Belgium,3.5,Ter Dolen,6.1,Belgian Blonde,330ml,330,8.64,Belgian Blonde
Trinitas Tripel,2.85,Netherlands,3.62,Jopen,9.0,Belgian Tripel,330ml,330,8.64,Belgian Tripel
Dul Meesterke Red Wine Barrel Aged,2.85,Belgium,3.6,Brewery De Meester,8.5,Belgian Strong Golden Ale,330ml,330,8.64,Belgian Strong Golden Ale
Cuvée des Jacobins Rouge,2.85,Belgium,3.92,Omer Vander Ghinste,5.5,Sour - Flanders Red Ale,330ml,330,8.64,Sour
Golden Tricky,2.85,Belgium,3.47,Brouwerij 't Verzet,7.5,IPA - Belgian,330ml,330,8.64,IPA
Kerel Dark IPA,2.85,Belgium,3.45,VBDCK Brewery,6.6,IPA - Black / Cascadian Dark Ale,330ml,330,8.64,IPA
Sterke Blonde Citra Glutenvrij,2.85,Netherlands,3.41,Brouwerij Klein Duimpje,7.3,Blonde / Golden Ale - Other,330ml,330,8.64,Blonde / Golden Ale
St. Feuillien Bruin,2.85,Belgium,3.51,Brasserie St-Feuillien,8.5,Belgian Dubbel,330ml,330,8.64,Belgian Dubbel
Bon Secours Tradition,2.85,Belgium,3.42,Brasserie Caulier,8.0,Belgian Strong Golden Ale,Bottle 330ml,330,8.64,Belgian Strong Golden Ale
Strandgaper Blond,2.85,Belgium,3.48,Scheldebrouwerij,6.2,Blonde / Golden Ale - Other,330ml,330,8.64,Blonde / Golden Ale
La Trappe Epos 0.0,2.85,Netherlands,3.18,Bierbrouwerij De Koningshoeven,4.5,Non-Alcoholic - Pale Ale,330ml,330,8.64,Non-Alcoholic
Van Honsebrouck Kasteel Donker,2.85,Belgium,3.64,Kasteel Brouwerij Vanhonsebrouck,11.0,Belgian Quadrupel,330ml,330,8.64,Belgian Quadrupel
Nostalgia Mijnfiets,2.85,Belgium,3.48,Brouwerij Kompel,7.0,Farmhouse Ale - Saison,330ml,330,8.64,Farmhouse Ale
Wit Tripel,2.85,Belgium,3.73,Bières de Chimay,8.0,Belgian Tripel,330ml,330,8.64,Belgian Tripel
Tete De Mort Triple,2.85,Belgium,3.55,Brasserie du Bocq,8.1,Belgian Tripel,330ml,330,8.64,Belgian Tripel
Nostalgia Schachtstuiker Sherry Oaked Infused,2.85,Belgium,3.55,Brouwerij Kompel,7.5,Belgian Strong Golden Ale,330ml,330,8.64,Belgian Strong Golden Ale
Wasschappels Tripel,2.85,Netherlands,3.47,Brouwerij 't Meuleneind,8.5,Belgian Tripel,330ml,330,8.64,Belgian Tripel
Rochefort Triple,2.85,Belgium,3.76,Abbaye Notre-Dame de Saint-Rémy,8.1,Belgian Tripel,330ml,330,8.64,Belgian Tripel
Aegir Double NEIPA,2.85,Belgium,3.61,Microbrouwerij Mølder & Coöp.,7.3,IPA - Imperial / Double New England / Hazy,330ml,330,8.64,IPA
Bon Secours Emerite,2.85,Belgium,3.3,Brasserie Caulier,8.0,Brown Ale - Belgian,330ml,330,8.64,Brown Ale
Bruut Gajes,2.85,Netherlands,3.63,Bruut Bier,8.0,Belgian Tripel,330ml,330,8.64,Belgian Tripel
Muifelbrouwerij – Dr. Hop IPA,2.85,Netherlands,3.81,Bierverbond/ Brouwerij Eleven/ Brouwerij Poesiat & Kater/ D'n Drul & Stollenberg/ + 7 breweries,6.5,Porter - Imperial / Double,330ml,330,8.64,Porter
Satan Red,2.85,Belgium,3.37,Brouwerij De Block,8.0,Red Ale - Other,330ml,330,8.64,Red Ale
Schelde Strandgaper,2.85,Belgium,3.48,Scheldebrouwerij,6.2,Blonde / Golden Ale - Other,330ml,330,8.64,Blonde / Golden Ale
LIFF Spot Light,2.85,Netherlands,2.94,Brouwerij Pronck,0.3,Non-Alcoholic - IPA,330ml,330,8.64,Non-Alcoholic
Freak Kriek Zero Point Three Feel free merry Cherry Beer,2.85,Finland,2.94,The Flying Dutchman Nomad Brewing Company,0.3,Non-Alcoholic - Other,330ml,330,8.64,Non-Alcoholic
Bullebak Weizen Tripel,2.85,Netherlands,3.69,Brouwerij de Eeuwige Jeugd,7.7,Wheat Beer - Other,330ml,330,8.64,Wheat Beer
Non(netje) Non Alcoholic IPA,2.85,Netherlands,3.1,Jopen,0.3,Non-Alcoholic - IPA,330ml,330,8.64,Non-Alcoholic
Blauwe Tram Tripel Glutenvrij,2.85,Netherlands,3.53,Brouwerij Klein Duimpje,8.0,Gluten-Free,330ml,330,8.64,Gluten-Free
Small Pils,3.8,England,3.72,Utopian Brewing Ltd,3.4,Lager - Světlé (Czech Pale),Can 440ml,440,8.64,Lager
Bleue,2.85,Belgium,3.9,Bières de Chimay,9.0,Belgian Strong Dark Ale,330ml,330,8.64,Belgian Strong Dark Ale
Orval,2.85,Belgium,3.68,Brasserie d'Orval,6.2,Pale Ale - Belgian,330ml,330,8.64,Pale Ale
Christmas,2.85,Belgium,3.43,Brouwerij Kompel,8.5,Winter Ale,330ml,330,8.64,Winter Ale
Modestus Kveik IPA,2.85,Belgium,3.51,Brouwerij de HopHemel,4.0,IPA - Session,330ml,330,8.64,IPA
De Dool Ter Dolen Armand,2.85,Belgium,3.56,Ter Dolen,7.0,Belgian Blonde,330ml,330,8.64,Belgian Blonde
La Bière Bock,2.85,Belgium,3.36,Brouwerij De Dochter van de Korenaar,7.0,Bock - Weizenbock,330ml,330,8.64,Bock
IJWit,2.85,Netherlands,3.68,Brouwerij 't IJ,6.5,Wheat Beer - Witbier / Blanche,330ml,330,8.64,Wheat Beer
Doe Mij 'n Del,3.8,Netherlands,3.5,Crooked Spider,6.8,Belgian Blonde,Can 440ml,440,8.64,Belgian Blonde
Brune 8,2.85,Belgium,3.61,Abbaye de Maredsous,8.0,Belgian Dubbel,330ml,330,8.64,Belgian Dubbel
Wit Alcoholvrij Blik SB,2.85,Netherlands,2.94,Lowlander Beer,0.3,Non-Alcoholic - Wheat,330ml,330,8.64,Non-Alcoholic
Sancti Adalberti Blond,2.85,Netherlands,3.33,Brouwerij Egmond,5.7,Blonde / Golden Ale - Other,330ml,330,8.64,Blonde / Golden Ale
Seawise,2.85,Netherlands,3.14,Dutch Bargain,4.3,Wheat Beer - Fruited,330ml,330,8.64,Wheat Beer
Lellebel Blond,2.85,Netherlands,3.57,Brouwerij de Eeuwige Jeugd,5.7,Blonde / Golden Ale - Other,330ml,330,8.64,Blonde / Golden Ale
Gentse Strop Belgian Blonde,2.85,Belgium,3.46,Brouwerij Roman,6.9,Belgian Blonde,330ml,330,8.64,Belgian Blonde
Blond,2.85,Netherlands,3.31,Grutte Pier Brouwerij,4.5,Belgian Blonde,330ml,330,8.64,Belgian Blonde
Porfyrius Limoncello Sour IPA,2.85,Belgium,3.48,Brouwerij de HopHemel,4.6,IPA - Sour,330ml,330,8.64,IPA
Brugge Tripel,2.85,Belgium,3.58,Brouwerij Palm,8.7,Historical Beer - Gruit / Ancient Herbed Ale,330ml,330,8.64,Historical Beer
Tripel,2.85,Belgium,3.55,Brouwerij Slaapmutske,8.1,Belgian Tripel,330ml,330,8.64,Belgian Tripel
Schelde Krab IPA,2.85,Belgium,3.27,Scheldebrouwerij,5.5,Pale Ale - American,330ml,330,8.64,Pale Ale
Floreffe Tripel,2.85,Belgium,3.46,Brasserie Lefebvre,8.0,Belgian Tripel,330ml,330,8.64,Belgian Tripel
Tripel,2.85,Belgium,3.72,Abbaye de Maredsous,10.0,Belgian Tripel,330ml,330,8.64,Belgian Tripel
Blond,2.85,Netherlands,3.25,'t Roesje Bier,6.5,Blonde / Golden Ale - Other,330ml,330,8.64,Blonde / Golden Ale
Nutcase Imperial Stout - keg,173.1,Spain,3.92,La Pirata Brewing,9.0,Stout - Imperial / Double Milk,20000ml,20000,8.65,Stout
Meesterstuk 2024,6.49,Netherlands,3.7,Jopen,11.11,Porter - Imperial / Double,Bottle 750ml,750,8.65,Porter
Oude Geuze,6.49,Belgium,3.77,Oud Beersel,6.5,Lambic - Gueuze,Bottle 750ml,750,8.65,Lambic
Herkenrode Vesper,6.5,Belgium,3.55,Brouwerij Cornelissen,9.0,Belgian Tripel,Bottle 750ml,750,8.67,Belgian Tripel
Wywar IPA,2.86,Slovakia,3.58,Holíčsky pivovar Wywar,5.8,IPA - American,330ml,330,8.67,IPA
Labyrinthe,6.5,France,3.48,Ellipse,5.0,Pale Ale - Other,Bottle 750ml,750,8.67,Pale Ale
Anděl,6.5,Czech Republic,3.62,Matuška,5.7,Belgian Blonde Ale,Bottle 750ml,750,8.67,Belgian Blonde Ale
Texels Zeebries Blond,2.6,Netherlands,3.4,Thiels Gleske,5.0,Belgian Blonde,300ml,300,8.67,Belgian Blonde
Brewdog Double Hazy Jane,3.25,Scotland,3.84,BrewDog,7.2,IPA - Imperial / Double New England / Hazy,Bottle 375ml,375,8.67,IPA
Čert,6.5,Czech Republic,3.66,Pivovar Matuška,5.8,IPA - Black / Cascadian Dark Ale,Bottle 750ml,750,8.67,IPA
Red,6.5,Belgium,3.72,Bières de Chimay,7.0,Belgian Dubbel,Bottle 750ml,750,8.67,Belgian Dubbel
Apollo Galaxy,6.5,Czech Republic,3.77,Pivovar Matuška,5.5,Pale Ale - American,Bottle 750ml,750,8.67,Pale Ale
La Chouffe Blonde,6.5,Belgium,3.82,Brasserie d'Achouffe,8.0,Belgian Strong Golden Ale,Bottle 750ml,750,8.67,Belgian Strong Golden Ale
Brasserie D'achouffe La Chouffe,6.5,Belgium,3.82,Brasserie d'Achouffe,8.0,Belgian Strong Golden Ale,Bottle 750ml,750,8.67,Belgian Strong Golden Ale
Mikuláš,6.5,Czech Republic,3.62,Matuška,5.8,Lager,Bottle 750ml,750,8.67,Lager
The Book of Hops Vol.6: Zamba - Citra,4.35,Poland,3.79,TankBusters.Co,6.1,IPA - New England / Hazy,500ml,500,8.7,IPA
Popstar,3.83,Hungary,3.52,Mad Scientist,6.0,Gluten-Free,Can 440ml,440,8.7,Gluten-Free
Sour Station Sea Buckthorn,2.87,Czech Republic,3.55,Axiom Brewery,4.5,Sour - Fruited Berliner Weisse,Can 330ml,330,8.7,Sour
Jam72,3.83,Hungary,3.69,Mad Scientist,7.2,IPA - American,Can 440ml,440,8.7,IPA
Winter Lambiek,27.0,Belgium,3.72,Oud Beersel,7.2,Lambic - Other,3100ml,3100,8.71,Lambic
Aecht Schlenkerla Rauchbier Urbock,4.36,Germany,3.74,"Schlenkerla (""Heller-Bräu"" Trum)",6.5,Rauchbier,500ml,500,8.72,Rauchbier
Schammelsdorfer Hell,4.37,Germany,3.56,Brauerei Knoblach Schammelsdorf,4.9,Lager - Helles,500ml,500,8.74,Lager
Schammelsdorfer Lagerbier,4.37,Germany,3.51,Brauerei Knoblach Schammelsdorf,5.3,Kellerbier / Zwickelbier,500ml,500,8.74,Kellerbier / Zwickelbier
Fruitful Haze Smoothie IPA,3.85,Netherlands,3.14,Brouwerij Kees,4.9,IPA - Fruited,Can 440ml,440,8.75,IPA
Rosé Gold,3.85,United States,3.55,Stillwater Artisanal,5.0,Wild Ale - American,Can 440ml,440,8.75,Wild Ale
Pils 5L Mini Kegs,43.8,Germany,3.2,Bitburger Brauerei,4.8,Pilsner - German,5000ml,5000,8.76,Pilsner
Swabbie IPA,2.89,Germany,3.54,Freie Brau Union Bremen,6.8,IPA - American,330ml,330,8.76,IPA
Pale Ale,2.89,Germany,3.46,BRLO,5.0,Pale Ale - American,330ml,330,8.76,Pale Ale
German IPA,2.89,Germany,3.44,BRLO,7.0,IPA - Other,330ml,330,8.76,IPA
Schönramer Bayrisch Pale Ale,2.89,Germany,3.49,Private Landbrauerei Schönram,5.5,Pale Ale - American,330ml,330,8.76,Pale Ale
BioStadt Bier,2.89,Germany,3.23,Freie Brau Union Bremen,5.4,Lager - Dortmunder / Export,330ml,330,8.76,Lager
NBG Pop,2.89,Germany,3.65,orca brau,4.9,Lager - Helles,330ml,330,8.76,Lager
Wacken Mimirs Hopfenweissheit - Hopfengestopftes Weizen,2.89,Germany,3.52,Beer of the Gods - Wacken Brauerei,5.1,Wheat Beer - Hopfenweisse,330ml,330,8.76,Wheat Beer
Naked alkoholfrei,2.89,Germany,3.13,BRLO,0.2,Non-Alcoholic - Pale Ale,330ml,330,8.76,Non-Alcoholic
Pale Ale,2.89,Germany,3.49,Freie Brau Union Bremen,5.4,Pale Ale - Other,330ml,330,8.76,Pale Ale
IPA,2.89,Germany,3.56,BRLO,6.0,IPA - American,330ml,330,8.76,IPA
ÜberQuell Palim Palim Pale Ale,2.89,Germany,3.44,ÜberQuell Brauwerkstätten,5.3,Pale Ale - English,330ml,330,8.76,Pale Ale
Kräusen,2.89,Germany,3.28,Freie Brau Union Bremen,5.0,Kellerbier / Zwickelbier,330ml,330,8.76,Kellerbier / Zwickelbier
Nittenauer Amanda Zwickl Pils,2.89,Italy,3.59,Birrificio Emiliano/ Brauhaus Nittenau,5.1,Lager - IPL (India Pale Lager),330ml,330,8.76,Lager
ÜberQuell Supadupa IPA,2.89,Germany,3.59,ÜberQuell Brauwerkstätten,6.0,IPA - American,330ml,330,8.76,IPA
Cuvée Deville,2.89,Belgium,3.32,Den Herberg,6.2,Brett Beer,330ml,330,8.76,Brett Beer
Zusje Van De Dienstmeid,2.89,Netherlands,3.31,Bierbrouwerij De Magistraat,0.3,Non-Alcoholic - Other,330ml,330,8.76,Non-Alcoholic
Classic,2.19,Belgium,3.45,Brouwerij Rodenbach,5.2,Sour - Flanders Red Ale,Bottle 250ml,250,8.76,Sour
St. Bernardus Extra 4 Abbey Ale,2.89,Belgium,3.43,Brouwerij St.Bernardus,4.8,Belgian Enkel / Patersbier,330ml,330,8.76,Belgian Enkel / Patersbier
Berlin Jam Erdbeer Berliner Weisse,2.89,Germany,3.29,BRLO,3.5,Sour - Fruited Berliner Weisse,330ml,330,8.76,Sour
Kriek Lambic,2.19,Belgium,3.4,Kasteel Brouwerij Vanhonsebrouck,4.0,Lambic - Kriek,Bottle 250ml,250,8.76,Lambic
Saison Jane 5.5,2.89,Netherlands,3.35,Brouwerij Rodanum,5.5,Farmhouse Ale - Saison,330ml,330,8.76,Farmhouse Ale
Luchadora Mexican Lager,2.89,Germany,3.29,BRLO,4.6,Lager - Mexican,330ml,330,8.76,Lager
ÜberQuell Pillepalle Alkoholfreies Ale,2.89,Germany,3.48,ÜberQuell Brauwerkstätten,0.4,Non-Alcoholic - Pale Ale,330ml,330,8.76,Non-Alcoholic
Berliner Ryesse,2.89,Belgium,3.45,Brouwerij Alvinne/ Laugar Brewery,4.0,Sour - Berliner Weisse,330ml,330,8.76,Sour
"Free Pretty - Kiwi, Pear, Peach & Sweet Roll",4.39,Poland,3.14,Magic Road,0.5,Non-Alcoholic - Sour,Can 500ml,500,8.78,Non-Alcoholic
"Free Pretty - Mango, Passionfruit & White Chocolate",4.39,Poland,3.37,Magic Road,0.5,Non-Alcoholic - Sour,Can 500ml,500,8.78,Non-Alcoholic
Rothbeer Távoli Galaxis,2.9,Hungary,3.65,RothBeer,6.1,IPA - American,330ml,330,8.79,IPA
Taquine Blonde,2.9,France,3.51,La Berlue,5.0,Pale Ale - Other,330ml,330,8.79,Pale Ale
Boerken,2.9,Belgium,3.44,Den Ouden Advokaat,9.5,Belgian Strong Dark Ale,330ml,330,8.79,Belgian Strong Dark Ale
Brunehaut Tripel Glutenvrij,2.9,Belgium,3.32,Brasserie de Brunehaut,8.0,Gluten-Free,330ml,330,8.79,Gluten-Free
Triple Trouble Tripel Blik SB,2.9,Netherlands,3.58,Van Moll,8.2,Belgian Tripel,330ml,330,8.79,Belgian Tripel
Sanguine,2.9,France,3.4,Brasserie Iron,5.0,Wheat Beer - Witbier / Blanche,330ml,330,8.79,Wheat Beer
Schneider Weisse Original,2.9,Germany,3.66,Schneider Weisse G. Schneider & Sohn,5.4,Wheat Beer - Hefeweizen,330ml,330,8.79,Wheat Beer
Tongerlo PRIOR,2.9,Belgium,3.64,Brouwerij Haacht Brasserie,9.0,Belgian Tripel,330ml,330,8.79,Belgian Tripel
Morpheus Brett Saison Vermouth Barrel,2.9,Belgium,3.61,Brouwerij Alvinne,6.0,Farmhouse Ale - Brett,330ml,330,8.79,Farmhouse Ale
Hoppy XMAS,2.9,Scotland,3.55,BrewDog,6.0,IPA - American,330ml,330,8.79,IPA
Tiger Beer,2.9,Singapore,2.95,Heineken Asia Pacific,5.0,Lager - Pale,330ml,330,8.79,Lager
Odin-Trunk Honigbier,2.9,Germany,3.08,Schlossbrauerei Fürstlich Drehna,5.4,Honey Beer,330ml,330,8.79,Honey Beer
Rye de Smoke,2.9,France,3.54,Brasserie La Malpolon,6.0,Farmhouse Ale - Kornøl,330ml,330,8.79,Farmhouse Ale
MPA Mediterranean Pale Ale,2.9,France,3.53,Brasserie La Malpolon,5.0,Pale Ale - Other,330ml,330,8.79,Pale Ale
Bon Secours Noël,2.9,Belgium,3.48,Brasserie Caulier,9.0,Winter Ale,330ml,330,8.79,Winter Ale
Boerinneken,2.9,Belgium,3.49,Den Ouden Advokaat,9.5,Belgian Strong Golden Ale,330ml,330,8.79,Belgian Strong Golden Ale
Mc Chouffe brune Scotch Ale,2.9,Belgium,3.64,Brasserie d'Achouffe,8.0,Belgian Strong Dark Ale,330ml,330,8.79,Belgian Strong Dark Ale
Blanche Gingembre Citron Vert,2.9,France,3.67,Brasserie Iron,5.0,Wheat Beer - Other,330ml,330,8.79,Wheat Beer
Chouffe Houblon,2.9,Belgium,3.67,Brasserie d'Achouffe,9.0,IPA - Belgian,330ml,330,8.79,IPA
Maisel & Friends Hopfenreiter #9,2.9,Germany,3.71,Brauerei Gebr. Maisel,8.5,IPA - Imperial / Double,330ml,330,8.79,IPA
Straffe Hendrik Tripel,2.9,Belgium,3.76,Brouwerij De Halve Maan,9.0,Belgian Tripel,330ml,330,8.79,Belgian Tripel
Punk IPA alkoholfrei,2.9,Scotland,2.88,BrewDog,0.5,Non-Alcoholic - IPA,330ml,330,8.79,Non-Alcoholic
Malzmühle Mühlenkölsch,2.9,Germany,3.34,Brauerei zur Malzmühle Schwartz,4.8,Kölsch,330ml,330,8.79,Kölsch
Muifel 1357 Dubbel,2.9,Netherlands,3.49,Muifelbrouwerij,8.0,Belgian Dubbel,330ml,330,8.79,Belgian Dubbel
Trappistes Rochefort 6,2.9,Belgium,3.71,Abbaye Notre-Dame de Saint-Rémy,7.5,Belgian Dubbel,330ml,330,8.79,Belgian Dubbel
Belgisch Speciaalbier,2.9,Belgium,3.72,Duvel Moortgat,8.5,Belgian Strong Golden Ale,330ml,330,8.79,Belgian Strong Golden Ale
Special Export Stout,2.9,Ireland,3.51,Guinness,8.0,Stout - Foreign / Export,330ml,330,8.79,Stout
Playground Non Alcoholic IPA,2.9,Netherlands,3.33,vandeStreek bier,0.5,Non-Alcoholic - IPA,330ml,330,8.79,Non-Alcoholic
OMER. Traditional Blond,2.9,Belgium,3.6,Omer Vander Ghinste,8.0,Belgian Blonde,330ml,330,8.79,Belgian Blonde
Hopjuliska,2.9,Hungary,3.57,UGAR Brewery,6.0,Pale Ale - American,330ml,330,8.79,Pale Ale
Granit,2.9,Austria,3.56,Brauerei Hofstetten,5.5,Lager - Vienna,330ml,330,8.79,Lager
La Corne Blonde,2.9,Belgium,3.36,Brasserie des Légendes,5.9,Belgian Blonde,330ml,330,8.79,Belgian Blonde
Einkorn Edelbier,2.9,Germany,3.18,Riedenburger Brauhaus,5.0,Specialty Grain,330ml,330,8.79,Specialty Grain
Flensburger Radler,2.9,Germany,3.05,Flensburger Brauerei Emil Petersen,3.0,Shandy / Radler,330ml,330,8.79,Shandy / Radler
Saucery,2.9,England,3.5,Magic Rock Brewing,3.9,Gluten-Free,330ml,330,8.79,Gluten-Free
Blonde Ale Glutenfrei,2.9,Spain,3.43,Cervesa Espiga,4.5,Gluten-Free,330ml,330,8.79,Gluten-Free
Klapschaats,2.9,Netherlands,3.68,De Blauwe IJsbeer,10.0,Barleywine - American,330ml,330,8.79,Barleywine
Tripel,2.9,Netherlands,3.38,Brouwerij De 7 Deugden,7.5,Belgian Tripel,330ml,330,8.79,Belgian Tripel
Tripel LeFort,2.9,Belgium,3.72,Omer Vander Ghinste,8.8,Belgian Tripel,330ml,330,8.79,Belgian Tripel
Fresh & Spiky,2.9,Netherlands,3.51,Brouwerij Kees,6.2,IPA - American,330ml,330,8.79,IPA
Malheur 8,2.9,Belgium,3.51,Brouwerij Malheur,8.0,Belgian Strong Golden Ale,330ml,330,8.79,Belgian Strong Golden Ale
Windhoek Lager,2.9,Namibia,3.04,Namibia Breweries,4.0,Lager - Pale,330ml,330,8.79,Lager
Loki,2.9,Netherlands,3.58,Walhalla Brouwerij & Proeflokaal,5.5,IPA - American,330ml,330,8.79,IPA
Pale Ale,2.9,Netherlands,3.3,Goed Excuus,5.0,Pale Ale - New Zealand,330ml,330,8.79,Pale Ale
Slag Pils,2.9,United States,3.69,1905 Brewing Company,4.7,Stout - Milk / Sweet,330ml,330,8.79,Stout
Bio Bock,2.9,Germany,3.69,orca brau,7.0,Bock - Single / Traditional,330ml,330,8.79,Bock
Vandestreek Funhouse,2.9,Netherlands,3.35,vandeStreek bier,6.0,Bock - Hell / Maibock / Lentebock,330ml,330,8.79,Bock
Blanche-Witbier,2.9,France,3.44,Brasserie Iron,5.5,Wheat Beer - Witbier / Blanche,330ml,330,8.79,Wheat Beer
Berliner Ryesse,2.9,Belgium,3.45,Brouwerij Alvinne/ Laugar Brewery,4.5,Sour - Berliner Weisse,330ml,330,8.79,Sour
IPA,2.9,Germany,3.46,BRLO,5.0,Pale Ale - American,330ml,330,8.79,Pale Ale
Lefort Tripel,2.9,Belgium,3.72,Omer Vander Ghinste,8.8,Belgian Tripel,330ml,330,8.79,Belgian Tripel
vandeStreek Playground,2.9,Netherlands,3.33,vandeStreek bier,0.5,Non-Alcoholic - IPA,330ml,330,8.79,Non-Alcoholic
Lervig No Worries Fyr! Yuzu,2.9,Norway,3.17,LERVIG,0.5,Non-Alcoholic - IPA,330ml,330,8.79,Non-Alcoholic
Delicious Citrus IPA,2.9,United States,3.7,Stone Brewing,7.7,IPA - American,330ml,330,8.79,IPA
Naked Alkoholfrei,2.9,Germany,3.13,BRLO,0.2,Non-Alcoholic - Pale Ale,330ml,330,8.79,Non-Alcoholic
Wit,2.9,Netherlands,3.37,Brouwerij De 7 Deugden,5.5,Wheat Beer - Witbier / Blanche,330ml,330,8.79,Wheat Beer
Toetëlèr Blond,2.9,Belgium,3.36,Brouwerij Den Toetëlèr,7.3,Belgian Blonde,330ml,330,8.79,Belgian Blonde
Troubadour Magma Tango,2.9,Belgium,3.61,Brouwerij The Musketeers,9.0,IPA - Triple,330ml,330,8.79,IPA
Unplugged- Alkoholfreies Pale Ale,2.9,Germany,3.4,KUEHN KUNZ ROSEN,0.5,Non-Alcoholic - Pale Ale,330ml,330,8.79,Non-Alcoholic
Fresh Hop Püls,2.9,Germany,3.57,ÜberQuell Brauwerkstätten,4.7,Pilsner - German,330ml,330,8.79,Pilsner
23239 Trappist 8,2.9,Netherlands,3.65,Trappistenbrouwerij de Kievit B.V.,8.0,Belgian Tripel,330ml,330,8.79,Belgian Tripel
Dubbel Oak,2.9,France,3.47,Brasserie de Clemery,7.0,Belgian Dubbel,330ml,330,8.79,Belgian Dubbel
Aventure,2.9,France,3.58,Effet Papillon,5.0,Farmhouse Ale - Saison,330ml,330,8.79,Farmhouse Ale
Bower Bird,2.9,France,3.64,ZooBrew Brasserie Animale,5.6,IPA - American,330ml,330,8.79,IPA
L'Inouïe,2.9,France,3.63,Microbrasserie La Montagnarde,6.2,Farmhouse Ale - Saison,330ml,330,8.79,Farmhouse Ale
Garage IPA,2.9,Spain,3.6,Cervesa Espiga,6.0,IPA - American,330ml,330,8.79,IPA
Gajes,2.9,Netherlands,3.63,Bruut Bier,8.0,Belgian Tripel,330ml,330,8.79,Belgian Tripel
45 Días,2.9,Denmark,2.86,To Øl,4.5,Lager - Mexican,330ml,330,8.79,Lager
Genuine Draft,2.9,United States,2.59,Miller Brewing Company,4.7,Lager - American,330ml,330,8.79,Lager
Sour Power,2.9,Germany,3.53,Brauerei Gebr. Maisel,6.3,IPA - Sour,330ml,330,8.79,IPA
Daura Damm Glutenfrei,2.9,Spain,2.96,Damm,5.4,Gluten-Free,330ml,330,8.79,Gluten-Free
Lamme Goedzak Blond,2.9,Belgium,3.56,Scheldebrouwerij,7.0,Belgian Blonde,330ml,330,8.79,Belgian Blonde
150 Watt Quadrupel,2.9,Netherlands,3.63,100 Watt Brewery,10.0,Belgian Quadrupel,330ml,330,8.79,Belgian Quadrupel
Winter,2.9,Belgium,3.55,Ter Dolen,9.1,Winter Warmer,330ml,330,8.79,Winter Warmer
Premium Pilsener,2.9,Belgium,2.87,Mongozo,5.0,Gluten-Free,330ml,330,8.79,Gluten-Free
Lunatique Ambrée,2.9,France,3.35,La Berlue,6.0,Brown Ale - English,330ml,330,8.79,Brown Ale
Ugar Brewery Fake Your Pils,2.9,Hungary,3.51,UGAR Brewery,5.6,Pilsner - Other,Can 330ml,330,8.79,Pilsner
Buckwheat,2.9,Belgium,3.13,Mongozo,4.8,Gluten-Free,330ml,330,8.79,Gluten-Free
Berliner Weisse Peach,2.9,Spain,3.47,Cervesa Espiga,3.5,Sour - Fruited Berliner Weisse,330ml,330,8.79,Sour
Dead Head,2.9,Sweden,3.8,Morgondagens Bryggeri,4.5,Sour - Fruited Berliner Weisse,Can 330ml,330,8.79,Sour
Aventinus Eisbock,2.9,Germany,3.79,Schneider Weisse G. Schneider & Sohn,12.0,Bock - Eisbock,330ml,330,8.79,Bock
Dubbel Glutenvrij,2.9,Belgium,3.34,Brouwerij Slaapmutske,7.4,Gluten-Free,330ml,330,8.79,Gluten-Free
Sancti Adalberti Tripel,2.9,Netherlands,3.54,Brouwerij Egmond,7.5,Belgian Tripel,330ml,330,8.79,Belgian Tripel
Banana,2.9,Belgium,3.05,Mongozo,3.6,Fruit Beer,330ml,330,8.79,Fruit Beer
Taymans Saison,2.9,Belgium,3.39,Brasserie TAYMANS Brouwerij,6.2,Farmhouse Ale - Saison,330ml,330,8.79,Farmhouse Ale
Zatte Bie,2.9,Belgium,3.33,Brouwerij De Bie,9.0,Belgian Strong Dark Ale,330ml,330,8.79,Belgian Strong Dark Ale
Erik De Noorman Barleywine Glutenvrij,2.9,Netherlands,3.51,Brouwerij Klein Duimpje,9.0,Winter Ale,330ml,330,8.79,Winter Ale
Bumper Non Alcoholic Blond,2.9,Netherlands,3.12,vandeStreek bier,0.5,Non-Alcoholic - Pale Ale,Can 330ml,330,8.79,Non-Alcoholic
Félegyházi Meggyes,2.9,Hungary,3.31,Félegyházi Sörműhely,4.0,Fruit Beer,330ml,330,8.79,Fruit Beer
Fuut Fieuw Session IPA,2.9,Netherlands,3.38,Bird Brewery,4.6,IPA - Session,330ml,330,8.79,IPA
Mariana White - Weizenbock,2.9,Germany,3.81,Brauerei Gebr. Maisel,7.5,Wheat Beer - Hopfenweisse,330ml,330,8.79,Wheat Beer
Rochefort Trappistes 8,2.9,Belgium,3.85,Abbaye Notre-Dame de Saint-Rémy,9.2,Belgian Strong Dark Ale,330ml,330,8.79,Belgian Strong Dark Ale
Effet Papillon | India Pale Ale | 6%,2.9,France,3.59,Effet Papillon,6.0,IPA - American,330ml,330,8.79,IPA
Burning Skoll,2.9,Belgium,3.39,Skøllmann,7.0,Farmhouse Ale - Saison,330ml,330,8.79,Farmhouse Ale
Cardamome Wheat,2.9,France,3.82,Brasserie de Clemery,5.0,Wheat Beer - American Pale Wheat,330ml,330,8.79,Wheat Beer
Blond 10,2.9,Belgium,3.5,Brouwerij Malheur,10.0,Belgian Tripel,330ml,330,8.79,Belgian Tripel
Heen&Weer Triple,2.9,Netherlands,3.54,Brouwerij de Molen,9.0,Belgian Tripel,330ml,330,8.79,Belgian Tripel
Pineapple Punch,2.9,England,3.52,Hawkes,4.5,Cider - Other Fruit,330ml,330,8.79,Cider
Mont Des Cats,2.9,France,3.53,Abbaye du Mont des Cats,7.6,Belgian Strong Golden Ale,330ml,330,8.79,Belgian Strong Golden Ale
Vandestreek Blackbock,2.9,Netherlands,3.31,vandeStreek bier,6.0,Bock - Single / Traditional,330ml,330,8.79,Bock
Exile,4.4,Poland,3.84,Browar Birbant,4.5,Sour - Smoothie / Pastry,Can 500ml,500,8.8,Sour
"Wonders Pineapple, Peach & Coconut",4.4,Poland,4.05,Magic Road,4.9,Sour - Smoothie / Pastry,Can 500ml,500,8.8,Sour
Juicebox,4.4,Poland,3.94,TankBusters.Co,8.4,IPA - Imperial / Double,Can 500ml,500,8.8,IPA
Kellerbier [can],4.4,Germany,3.51,Hacker-Pschorr,5.5,Kellerbier / Zwickelbier,Can 500ml,500,8.8,Kellerbier / Zwickelbier
Yes Man,4.4,Poland,3.92,Browar Birbant,7.5,IPA - Imperial / Double New England / Hazy,Can 500ml,500,8.8,IPA
Freddy,4.4,Poland,3.96,Funky Fluid,8.1,IPA - Imperial / Double New England / Hazy,Can 500ml,500,8.8,IPA
Modus Mosaic,4.4,England,3.57,Marble Beers Ltd,3.4,Pale Ale - American,Can 500ml,500,8.8,Pale Ale
Major Leagues,4.4,England,3.33,Marble Beers Ltd,5.1,Brown Ale - American,Can 500ml,500,8.8,Brown Ale
Beauty Pineapple Ice Cream,4.4,Poland,3.58,Magic Road,5.0,Sour - Fruited,Can 500ml,500,8.8,Sour
Creepy Hops,4.4,Poland,3.82,Browar Birbant,8.6,IPA - Imperial / Double,Can 500ml,500,8.8,IPA
Tropik Mango DIPA,4.4,Poland,3.61,Browar Cztery Ściany,6.2,IPA - American,Bottle 500ml,500,8.8,IPA
Malheur 6,2.2,Belgium,3.32,Brouwerij Malheur,6.0,Belgian Blonde,Bottle 250ml,250,8.8,Belgian Blonde
Raj z Rajs (2024),4.4,Poland,3.73,Browar PINTA,8.5,IPA - Imperial / Double,500ml,500,8.8,IPA
304,4.4,Poland,3.77,Browar Birbant,7.5,IPA - Imperial / Double New England / Hazy,Can 500ml,500,8.8,IPA
Chiemseer Hell,4.4,Germany,3.5,Auerbräu Rosenheimer Spezialitätenbrauerei,5.0,Lager - Helles,500ml,500,8.8,Lager
Cherry It!,4.4,Poland,3.85,Browar Stu Mostów,5.2,Sour - Fruited Gose,Bottle 500ml,500,8.8,Sour
Jakby,4.4,Poland,3.74,Browar Birbant,7.2,IPA - Imperial / Double New England / Hazy,Can 500ml,500,8.8,IPA
Jakżeby Inaczej,4.4,Poland,3.87,Browar Artezan,8.0,IPA - Imperial / Double New England / Hazy,Can 500ml,500,8.8,IPA
Reissdorf Kolsch,4.4,Germany,3.48,Privat-Brauerei Heinrich Reissdorf,4.8,Kölsch,500ml,500,8.8,Kölsch
Munchener Gold [can],4.4,Germany,3.52,Hacker-Pschorr,5.5,Lager - Dortmunder / Export,Can 500ml,500,8.8,Lager
Tegernseer Helles,4.4,Germany,3.63,Herzoglich Bayerisches Brauhaus Tegernsee,4.8,Lager - Helles,500ml,500,8.8,Lager
Blackshore Stout,4.4,England,3.56,Adnams,4.2,Stout - English,500ml,500,8.8,Stout
Oktoberfest,4.4,Germany,3.55,Paulaner Brauerei,5.6,Festbier,500ml,500,8.8,Festbier
"Beauty Guava, Strawberry & Banana",4.4,Poland,4.03,Magic Road,5.1,Sour - Smoothie / Pastry,Can 500ml,500,8.8,Sour
Summer Movie,4.4,Poland,3.63,Maltgarden,5.9,IPA - New England / Hazy,Can 500ml,500,8.8,IPA
Oktoberfest 50cl Can,4.4,Germany,3.55,Paulaner Brauerei,6.0,Festbier,500ml,500,8.8,Festbier
Midnight,4.4,Poland,3.83,Browar Birbant,4.5,Sour - Smoothie / Pastry,Can 500ml,500,8.8,Sour
Beauty Peach Ice Cream,4.4,Poland,3.52,Magic Road,5.0,Sour - Fruited,Can 500ml,500,8.8,Sour
ART+81 New England DIPA - KEG typ A,176.2,Poland,4.0,Browar Stu Mostów/ Ziemia Obiecana,8.0,Sour - Smoothie / Pastry,20000ml,20000,8.81,Sour
Semi-Sweet Cider,2.91,Hungary,3.37,Magyar Czider Kft.,7.0,Cider - Sweet,330ml,330,8.82,Cider
Abstinence Absolue,2.91,Belgium,3.25,Brasserie Surréaliste,0.5,Non-Alcoholic - IPA,330ml,330,8.82,Non-Alcoholic
Lazy Pirate,2.91,Hungary,3.44,MONYO Brewing Co.,0.33,Porter - English,330ml,330,8.82,Porter
Unfiltered Dry Cider,2.91,Hungary,3.38,Magyar Czider Kft.,7.0,Cider - Dry,330ml,330,8.82,Cider
Száraz Cider,2.91,Hungary,3.38,Magyar Czider Kft.,7.0,Cider - Dry,330ml,330,8.82,Cider
De Kolonist Weizen,2.65,Netherlands,3.45,Brouwerij Maallust,5.0,Wheat Beer - Hefeweizen,300ml,300,8.83,Wheat Beer
Uzený Bock Bez Kosti,6.63,Czech Republic,3.7,Pivovar Mazák,6.5,Rauchbier,Bottle 750ml,750,8.84,Rauchbier
Brewing Paradise Peppers,3.89,France,3.64,The Piggy Brewing Company,5.6,Pale Ale - Other,Can 440ml,440,8.84,Pale Ale
Heir To The Throne,3.9,Romania,3.96,Bereta Brewing Co.,6.1,IPA - New England / Hazy,Can 440ml,440,8.86,IPA
Pulpt - Flare 44cl,3.9,England,3.51,Pulpt,4.9,Cider - Sweet,Can 440ml,440,8.86,Cider
Trial Pass IPA,3.1,United States,3.37,Sierra Nevada Brewing Co.,0.5,Non-Alcoholic - IPA,350ml,350,8.86,Non-Alcoholic
Overtime,3.9,Romania,3.92,Bereta Brewing Co.,6.2,IPA - New England / Hazy,Can 440ml,440,8.86,IPA
Craver's Cave,3.9,Romania,4.03,Bereta Brewing Co.,6.1,IPA - New England / Hazy,Can 440ml,440,8.86,IPA
Best Coast IPA,3.19,United States,3.66,Drake's Brewing Company,7.0,IPA - American,360ml,360,8.86,IPA
Forehead,3.9,Romania,,Bereta Brewing Co.,6.8,IPA - American,Can 440ml,440,8.86,IPA
The Garden Brewery / Sanfrutos - FloridaWeisse Prickly Pear Strawberry & Coconut,3.9,Croatia,3.71,The Garden Brewery,6.7,Sour - Fruited Berliner Weisse,Can 440ml,440,8.86,Sour
Sovs,3.9,Denmark,3.57,To Øl,6.0,IPA - American,Can 440ml,440,8.86,IPA
Popular Demand,3.9,Romania,3.85,Bereta Brewing Co.,6.2,IPA - New England / Hazy,Can 440ml,440,8.86,IPA
Piccadilly Pilsner,3.9,England,3.6,Cloudwater Brew Co.,4.2,Pilsner - Other,Can 440ml,440,8.86,Pilsner
Nelson Lm20,3.9,Romania,4.3,Bereta Brewing Co.,6.1,IPA - New England / Hazy,Can 440ml,440,8.86,IPA
Nelson Qm15,3.9,Romania,4.14,Bereta Brewing Co.,6.1,IPA - New England / Hazy,Can 440ml,440,8.86,IPA
Hide & Seek,3.9,Romania,3.83,Bereta Brewing Co.,6.1,IPA - New England / Hazy,Can 440ml,440,8.86,IPA
King Crush Mango & Passionfruit Double Milkshake IPA,3.9,Scotland,3.71,BrewDog,8.4,IPA - Imperial / Double Milkshake,Can 440ml,440,8.86,IPA
Happy,3.9,England,3.67,Cloudwater Brew Co.,3.5,Pale Ale - New England / Hazy,Can 440ml,440,8.86,Pale Ale
Laager 0 Non-Alcoholic Lager,3.9,Estonia,2.86,Põhjala,0.5,Non-Alcoholic - Lager,Can 440ml,440,8.86,Non-Alcoholic
Septic Thoughts,3.9,Romania,3.92,Bereta Brewing Co.,6.1,IPA - New England / Hazy,Can 440ml,440,8.86,IPA
Mama Whipa,3.9,France,3.77,Les Intenables - Craft Beer -,6.0,IPA - White / Wheat,Can 440ml,440,8.86,IPA
Synaptic Connection,3.9,Romania,3.94,Bereta Brewing Co.,6.1,IPA - New England / Hazy,Can 440ml,440,8.86,IPA
Dry Smash,3.9,Romania,,Bereta Brewing Co.,6.8,IPA - American,Can 440ml,440,8.86,IPA
Cavern Gluten Free Lager,3.9,England,3.46,Buxton Brewery,4.2,Lager - Helles,Can 440ml,440,8.86,Lager
Camba Chiemsee Hopla,3.9,Germany,3.44,Camba Bavaria,5.1,Lager - IPL (India Pale Lager),Can 440ml,440,8.86,Lager
Jaipur,2.93,England,3.54,Thornbridge Brewery,5.9,IPA - American,330ml,330,8.88,IPA
Pan IPAni Bezalkoholowe Urodzinowe,4.45,Poland,3.94,Trzech Kumpli,0.5,Non-Alcoholic - IPA,500ml,500,8.9,Non-Alcoholic
Brasserie De La Senne Jambe De Bois,2.94,Belgium,3.56,Brasserie de la Senne,8.0,Belgian Tripel,330ml,330,8.91,Belgian Tripel
Oude Kriek Cuvée René,6.69,Belgium,3.81,Brouwerij Lindemans,7.0,Lambic - Kriek,Bottle 750ml,750,8.92,Lambic
Alwa,6.7,Poland,3.73,Cydr Chyliczki,6.2,Cider - Dry,Bottle 750ml,750,8.93,Cider
Moinette Bons Voeux,6.7,Belgium,3.8,Brasserie Dupont,9.8,Farmhouse Ale - Saison,Bottle 750ml,750,8.93,Farmhouse Ale
Cinq Cents Wit Tripel,6.7,Belgium,3.73,Bières de Chimay,8.0,Belgian Tripel,Bottle 750ml,750,8.93,Belgian Tripel
The Garden Birth,3.93,Croatia,3.39,The Garden Brewery,0.5,Non-Alcoholic - IPA,Can 440ml,440,8.93,Non-Alcoholic
Lug Brune,6.7,France,3.54,La Brasserie des Voirons / LUG,6.0,Brown Ale - Belgian,Bottle 750ml,750,8.93,Brown Ale
Barrel West-Fries Tripel-Zwaar,2.95,Netherlands,3.56,De Bierbroeders,10.0,Belgian Tripel,330ml,330,8.94,Belgian Tripel
Bar & Bok,2.95,Netherlands,3.45,Brouwerij de Molen,6.2,Bock - Single / Traditional,330ml,330,8.94,Bock
Barrel West-Fries Milkstout,2.95,Netherlands,3.3,De Bierbroeders,6.3,Stout - Milk / Sweet,330ml,330,8.94,Stout
Bio Blond,2.95,Netherlands,3.4,Jopen,6.5,Belgian Blonde,330ml,330,8.94,Belgian Blonde
Charbon,2.95,Belgium,3.5,Brouwerij De Dochter van de Korenaar,7.0,Smoked Beer,330ml,330,8.94,Smoked Beer
De Dool Ter Dolen Tripel,2.95,Belgium,3.61,Ter Dolen,8.1,Belgian Tripel,330ml,330,8.94,Belgian Tripel
Bokbier,2.95,Netherlands,3.39,Jopen,6.5,Bock - Single / Traditional,330ml,330,8.94,Bock
Roadie Blond,2.95,Netherlands,3.32,Rock City Brewing,5.0,Belgian Blonde,330ml,330,8.94,Belgian Blonde
Roadie Wit,2.95,Netherlands,2.99,Rock City Brewing,4.5,Wheat Beer - Witbier / Blanche,330ml,330,8.94,Wheat Beer
White Mamba,2.95,Netherlands,3.43,Two Chefs Brewing,5.0,Wheat Beer - Witbier / Blanche,330ml,330,8.94,Wheat Beer
Apple Cider Dry,2.95,Croatia,3.37,Buzdovan,5.0,Cider - Dry,330ml,330,8.94,Cider
Kerel Grapefruit IPA,2.95,Belgium,3.27,VBDCK Brewery,4.5,IPA - Fruited,330ml,330,8.94,IPA
Bock – Bio  Bock,2.95,Germany,3.69,orca brau,7.0,Bock - Single / Traditional,330ml,330,8.94,Bock
Hopfenreiter #9 – Double IPA,2.95,Netherlands,3.62,Buddelship,8.5,Double IPA,330ml,330,8.94,Double IPA
Barrel West-Fries Dubbel,2.95,Netherlands,3.29,De Bierbroeders,6.9,Belgian Dubbel,330ml,330,8.94,Belgian Dubbel
Bier Het Witte Hert,2.95,Netherlands,3.37,Bennebroecks,5.5,Wheat Beer - Witbier / Blanche,330ml,330,8.94,Wheat Beer
Zeven Zonden Luxuria,2.95,Belgium,3.47,Hugel,9.0,Belgian Strong Dark Ale,330ml,330,8.94,Belgian Strong Dark Ale
Van Honsebrouck Kasteel Rubus Framboise,2.95,Belgium,3.57,Kasteel Brouwerij Vanhonsebrouck,7.0,Fruit Beer,330ml,330,8.94,Fruit Beer
Roadie IPA,2.95,Netherlands,3.32,Rock City Brewing,4.5,Belgian Blonde,330ml,330,8.94,Belgian Blonde
Franc Belge,2.95,Belgium,3.32,Brouwerij De Ranke,5.2,Pale Ale - Belgian,330ml,330,8.94,Pale Ale
Fendt Dieselroß-Öl,2.95,Germany,3.26,ABK (Aktienbrauerei Kaufbeuren),5.9,Märzen,330ml,330,8.94,Märzen
Tete de Mort Triple Amber,2.95,Belgium,3.58,Brasserie du Bocq,8.1,Belgian Tripel,330ml,330,8.94,Belgian Tripel
Uzzewuzze Bukker,2.95,Netherlands,3.33,Dorpsbrouwerij Uzzewuzze,4.8,Kölsch,330ml,330,8.94,Kölsch
Youmankind Hoppy Saison,2.95,Netherlands,3.15,Bruut Bier,6.0,Farmhouse Ale - Saison,330ml,330,8.94,Farmhouse Ale
Frambozen Gose,2.95,Netherlands,3.08,Bierbrouwerij De Magistraat,3.5,Sour - Fruited Gose,330ml,330,8.94,Sour
Kwaremont Bokbier,2.95,Belgium,3.36,Brouwerij De Brabandere,6.6,Bock - Single / Traditional,330ml,330,8.94,Bock
Abt 12 Quadrupel,2.95,Belgium,4.0,Brouwerij St.Bernardus,10.0,Belgian Quadrupel,330ml,330,8.94,Belgian Quadrupel
Eem Follow The Sun,2.95,Netherlands,,Brouwerij Eembier,4.9,Red Ale - Other,330ml,330,8.94,Red Ale
Fantasma,2.95,England,3.66,Magic Rock Brewing,6.5,Gluten-Free,330ml,330,8.94,Gluten-Free
St. Bernardus Christmas Ale 2023,3.05,Belgium,3.95,Brouwerij St.Bernardus,10.0,Winter Ale,Bottle 341ml,341,8.94,Winter Ale
Gladjanus White IPA,2.95,Netherlands,3.5,Brouwerij de Eeuwige Jeugd,5.2,IPA - White / Wheat,330ml,330,8.94,IPA
Bourgogne Des Flandres Brune,2.95,Belgium,3.52,Brewery John Martin & Brewery Timmermans,5.0,Sour - Flanders Red Ale,330ml,330,8.94,Sour
Sweet Consequinces – Fruited Sour mit Quitte und Honig,2.95,Germany,3.59,Freigeist Bierkultur,5.0,Sour - Fruited,330ml,330,8.94,Sour
Orange Gose,2.95,Estonia,3.42,Põhjala,5.5,Sour - Fruited Gose,330ml,330,8.94,Sour
Boefke,2.95,Netherlands,2.9,Veldhovense Bierbrouwerij,8.2,Belgian Tripel,330ml,330,8.94,Belgian Tripel
Maisel & Friends Hopfenreiter #9,2.95,Germany,3.64,Brauerei Gebr. Maisel,8.5,Red Ale - Imperial / Double,330ml,330,8.94,Red Ale
Hey! Tjappie,2.95,Netherlands,3.6,Kiezel,4.5,Blonde / Golden Ale - Other,330ml,330,8.94,Blonde / Golden Ale
Santa Bee,2.95,Belgium,3.31,Brouwerij Boelens,8.5,Winter Ale,330ml,330,8.94,Winter Ale
The Piggy Brewing Pick Me Up,2.95,France,3.69,The Piggy Brewing Company,4.5,IPA - Session,Can 330ml,330,8.94,IPA
Octopus Blond 0.4 Alcoholvrij,2.95,Netherlands,3.09,Stadshaven Brouwerij,0.4,Non-Alcoholic - Other,330ml,330,8.94,Non-Alcoholic
Hoppakee,2.95,Netherlands,3.42,KraftBier,5.2,Pale Ale - American,330ml,330,8.94,Pale Ale
Wingman,2.95,Scotland,3.46,BrewDog,4.3,IPA - Session,330ml,330,8.94,IPA
Designated Dryver Alcoholarm Blond,2.95,Netherlands,3.15,Dutch Bargain,0.3,Non-Alcoholic - Other,Can 330ml,330,8.94,Non-Alcoholic
Blanche de Namur – Witbier,2.95,Belgium,3.4,Brasserie du Bocq,4.5,Wheat Beer - Witbier / Blanche,330ml,330,8.94,Wheat Beer
Vanilla Maple Madness 4.0,2.95,Netherlands,3.81,Brouwerij Klein Duimpje,11.0,Stout - Russian Imperial,330ml,330,8.94,Stout
"Guadalupe –  Mexican Lager mit Salz, Lime und Chilli",2.95,Germany,3.4,Kraftpaule/ orca brau,4.9,Lager - Mexican,330ml,330,8.94,Lager
40 Watt,2.95,Netherlands,3.44,100 Watt Brewery,5.8,Blonde / Golden Ale - Other,330ml,330,8.94,Blonde / Golden Ale
B5 India Pale Ale,2.95,Netherlands,3.34,Berging Brouwerij,5.5,IPA - Other,330ml,330,8.94,IPA
Barrel West-Fries Barleywine,2.95,Netherlands,3.53,De Bierbroeders,10.0,Barleywine - English,330ml,330,8.94,Barleywine
Barrel West-Fries Blond,2.95,Netherlands,3.23,De Bierbroeders,6.3,Blonde / Golden Ale - Other,330ml,330,8.94,Blonde / Golden Ale
Non(netje) IPA,2.95,Netherlands,3.1,Jopen,0.3,Non-Alcoholic - IPA,330ml,330,8.94,Non-Alcoholic
Lervig Hoppy Joe,2.95,Norway,3.43,LERVIG,4.7,Red Ale - American Amber / Red,330ml,330,8.94,Red Ale
Lille Kieler Blonde,2.95,Germany,3.4,Lillebräu,5.3,Belgian Blonde,330ml,330,8.94,Belgian Blonde
La Corne Tripel,2.95,Belgium,3.64,Brasserie des Légendes,10.0,Belgian Tripel,330ml,330,8.94,Belgian Tripel
Post Punk,2.95,Scotland,3.54,BrewDog,5.4,IPA - Fruited,330ml,330,8.94,IPA
Triple D'Anvers Tripel,2.95,Belgium,3.64,Brouwerij De Koninck,8.0,Belgian Tripel,330ml,330,8.94,Belgian Tripel
Mooie Nel IPA,2.95,Netherlands,3.88,Jopen,5.5,IPA - American,330ml,330,8.94,IPA
Non-Alcoholic Koene Ridder,2.95,Netherlands,3.54,Rock City Brewing,0.33,Non-Alcoholic - Porter / Stout,330ml,330,8.94,Non-Alcoholic
Gordon Xmas Ale,2.95,Belgium,3.41,Brewery John Martin & Brewery Timmermans,8.8,Scotch Ale / Wee Heavy,330ml,330,8.94,Scotch Ale / Wee Heavy
Val-Dieu Fruitée,2.95,Belgium,3.31,Brasserie de l'Abbaye du Val-Dieu,9.0,Fruit Beer,330ml,330,8.94,Fruit Beer
Val-Dieu Bière de Noël,2.95,Belgium,3.55,Brasserie de l'Abbaye du Val-Dieu,7.0,Winter Warmer,330ml,330,8.94,Winter Warmer
Good Luck Hill,4.2,United States,3.93,Southern Grist Brewing Company,5.4,Sour - Fruited,Can 470ml,470,8.94,Sour
Troubadour Magma Belgian IPA,2.95,Belgium,3.68,Brouwerij The Musketeers,9.0,IPA - Belgian,330ml,330,8.94,IPA
Apple & Elderflower,2.95,Croatia,3.42,Buzdovan,5.0,Cider - Herbed / Spiced / Hopped,330ml,330,8.94,Cider
KlevereTien,2.95,Belgium,3.56,Brouwerij Het Nest,10.0,Belgian Quadrupel,330ml,330,8.94,Belgian Quadrupel
Blauw Quadrupel 2023,2.95,Belgium,3.9,Bières de Chimay,9.0,Belgian Strong Dark Ale,330ml,330,8.94,Belgian Strong Dark Ale
IPA Alcoholvrij,2.95,Netherlands,3.28,Lowlander Beer,0.3,Non-Alcoholic - IPA,330ml,330,8.94,Non-Alcoholic
Cornet Smoked,2.95,Belgium,3.37,Brouwerij De Hoorn,8.5,Smoked Beer,330ml,330,8.94,Smoked Beer
Triple,2.95,Belgium,3.67,Brasserie de l'Abbaye du Val-Dieu,9.0,Belgian Tripel,330ml,330,8.94,Belgian Tripel
Première (Red),2.95,Belgium,3.72,Bières de Chimay,9.0,Belgian Dubbel,330ml,330,8.94,Belgian Dubbel
Very Chery,2.95,Netherlands,3.2,Jolie,4.5,Fruit Beer,330ml,330,8.94,Fruit Beer
Little Smuling Session IPA,2.95,Netherlands,3.34,Brouwerij Poesiat & Kater,3.1,IPA - Session,Can 330ml,330,8.94,IPA
Kruikje Blond,2.95,Netherlands,3.32,Stadsbrouwerij 013,6.5,Blonde / Golden Ale - Other,330ml,330,8.94,Blonde / Golden Ale
Zatte Tripel,2.95,Netherlands,3.61,Brouwerij 't IJ,8.0,Belgian Tripel,330ml,330,8.94,Belgian Tripel
Datisandere Koekoek Farmhouse Ale,2.95,Netherlands,3.45,Bird Brewery,6.5,Farmhouse Ale - Saison,330ml,330,8.94,Farmhouse Ale
?t Gouden IJ Goudblond Bier,2.95,Netherlands,3.58,Brouwerij 't IJ,6.8,Blonde / Golden Ale - Other,330ml,330,8.94,Blonde / Golden Ale
Brassers Blond,2.95,Netherlands,3.4,Brouwerij Homeland,6.1,Blonde / Golden Ale - Other,Can 330ml,330,8.94,Blonde / Golden Ale
Triple Trouble,2.95,Netherlands,3.58,Van Moll,8.2,Belgian Tripel,330ml,330,8.94,Belgian Tripel
De Klep / Club Haciënda Birra Limón,2.95,Netherlands,3.19,Brouwerij De Klep,5.7,Pilsner - Other,330ml,330,8.94,Pilsner
Christmas Ale,2.95,Belgium,3.68,Brouwerij Corsendonk,8.1,Winter Ale,330ml,330,8.94,Winter Ale
Riebedebie,2.95,Belgium,3.22,Brouwerij De Bie,9.0,Belgian Strong Golden Ale,330ml,330,8.94,Belgian Strong Golden Ale
Muifel Unne Zieverzak,2.95,Netherlands,3.42,Muifelbrouwerij,8.0,Belgian Tripel,330ml,330,8.94,Belgian Tripel
"Duvel 6,66%",2.95,Belgium,3.61,Duvel Moortgat,6.66,Belgian Blonde,330ml,330,8.94,Belgian Blonde
Frank Hexentäler Stout – Jahrgang 2021,2.95,Germany,3.22,Die Brauhandwerker,6.9,Stout - Oatmeal,330ml,330,8.94,Stout
Brasserie LeFort Tripel,2.95,Belgium,3.72,Omer Vander Ghinste,8.8,Belgian Tripel,330ml,330,8.94,Belgian Tripel
Cinq Cents (White),2.95,Belgium,3.73,Bières de Chimay,8.0,Belgian Tripel,330ml,330,8.94,Belgian Tripel
Gijle Bock,2.95,Belgium,3.24,Brouwerij Broeder Jacob,6.6,Bock - Single / Traditional,330ml,330,8.94,Bock
Questeerder,2.95,Netherlands,3.62,Bierbrouwerij De Magistraat,9.0,Belgian Strong Golden Ale,330ml,330,8.94,Belgian Strong Golden Ale
Wanderlust – Pale Ale,2.95,Germany,3.71,orca brau,5.4,Pale Ale - American,330ml,330,8.94,Pale Ale
Breugem Warme Groet,2.95,Netherlands,3.3,Breugem Bier,6.6,Belgian Dubbel,330ml,330,8.94,Belgian Dubbel
Pink Pogo Grapefruit Gember Blond,2.95,Netherlands,3.33,Bruut Bier,6.0,Blonde / Golden Ale - Other,330ml,330,8.94,Blonde / Golden Ale
LOULOU,2.95,Netherlands,3.39,Big Belly Brewing Company,6.3,Blonde / Golden Ale - Other,330ml,330,8.94,Blonde / Golden Ale
Quince Gose – Gose mit Quittensaft,2.95,Germany,3.56,Freigeist Bierkultur,5.0,Sour - Other Gose,330ml,330,8.94,Sour
Kasteel Cuvée Quadrupel,2.95,Belgium,3.81,Kasteel Brouwerij Vanhonsebrouck,11.0,Belgian Quadrupel,330ml,330,8.94,Belgian Quadrupel
Tete de Mort Triple Red,2.95,Belgium,3.29,Brasserie du Bocq,8.2,Fruit Beer,330ml,330,8.94,Fruit Beer
Hometown 0.5,2.95,Scotland,2.98,Fierce Beer,0.5,Non-Alcoholic - Lager,330ml,330,8.94,Non-Alcoholic
Dorée (Gold),2.95,Belgium,3.55,Bières de Chimay,10.0,Belgian Enkel / Patersbier,330ml,330,8.94,Belgian Enkel / Patersbier
Troubadour Magma,2.95,Belgium,3.68,Brouwerij The Musketeers,9.0,IPA - Belgian,330ml,330,8.94,IPA
Zeeuws Blond,2.95,Netherlands,3.45,Dutch Bargain,6.7,Blonde / Golden Ale - Other,330ml,330,8.94,Blonde / Golden Ale
Fructus,2.95,Belgium,3.38,Brasserie Lupulus,4.2,Wheat Beer - Fruited,330ml,330,8.94,Wheat Beer
Othmar Blond,2.95,Netherlands,3.47,Ootmarsummer Bierbrouwerij Heupink & Co,6.5,Blonde / Golden Ale - Other,330ml,330,8.94,Blonde / Golden Ale
Schelde Witheer,2.95,Belgium,3.36,Scheldebrouwerij,5.0,Wheat Beer - Witbier / Blanche,330ml,330,8.94,Wheat Beer
Kerel Saison,2.95,Belgium,3.29,VBDCK Brewery,5.5,Farmhouse Ale - Saison,330ml,330,8.94,Farmhouse Ale
Mooie Nel,2.95,Netherlands,3.59,Jopen,6.5,IPA - American,Bottle 330ml,330,8.94,IPA
Funky Falcon,2.95,Netherlands,3.5,Two Chefs Brewing,5.2,Pale Ale - American,330ml,330,8.94,Pale Ale
Nitwit Witbier,2.95,Netherlands,3.51,Brouwerij de Eeuwige Jeugd,6.0,Wheat Beer - Witbier / Blanche,330ml,330,8.94,Wheat Beer
Apple and Ginger Cider,2.95,Croatia,3.56,Buzdovan,5.0,Cider - Herbed / Spiced / Hopped,330ml,330,8.94,Cider
De Aftrapper,2.95,Netherlands,3.28,Brewery42,5.5,Lager - Munich Dunkel,330ml,330,8.94,Lager
Omega – Blond Sour Ale,2.95,Belgium,3.66,Brouwerij Alvinne,6.0,Sour - Other,330ml,330,8.94,Sour
Grande Réserve (Blue),2.95,Belgium,3.9,Bières de Chimay,9.0,Belgian Strong Dark Ale,330ml,330,8.94,Belgian Strong Dark Ale
Mangofeber IPA 4.2%,2.95,Sweden,3.79,Brewski,4.2,IPA - Imperial / Double,330ml,330,8.94,IPA
Vrijwit Alcoholvrij Witbier,2.95,Netherlands,3.08,Brouwerij 't IJ,0.5,Non-Alcoholic - Wheat,330ml,330,8.94,Non-Alcoholic
Triple D'Anvers,2.95,Belgium,3.64,Brouwerij De Koninck,8.0,Belgian Tripel,330ml,330,8.94,Belgian Tripel
La Chouffe 0.4,2.95,Belgium,2.74,Brasserie d'Achouffe,0.4,Non-Alcoholic - Other,330ml,330,8.94,Non-Alcoholic
Troubadour Westkust Black IPA,2.95,Belgium,3.56,Brouwerij The Musketeers,8.5,IPA - Imperial / Double Black,330ml,330,8.94,IPA
De Molen Water & Vuur NEIPA,2.95,Netherlands,3.58,Brouwerij de Molen,6.0,IPA - New England / Hazy,330ml,330,8.94,IPA
Roadie IPA,2.95,Netherlands,2.91,Rock City Brewing,4.5,Gluten-Free,330ml,330,8.94,Gluten-Free
Omer VanderGhinste Ypra,2.95,Belgium,3.47,Omer Vander Ghinste,6.0,Belgian Blonde,330ml,330,8.94,Belgian Blonde
Roadie Blond,2.95,Netherlands,3.28,Rock City Brewing,5.0,Blonde / Golden Ale - Other,330ml,330,8.94,Blonde / Golden Ale
Quadrupel 10,2.95,Belgium,3.51,Fort Lapin Brewery,10.0,Belgian Quadrupel,330ml,330,8.94,Belgian Quadrupel
Schelde Lamme Goedzak,2.95,Belgium,3.56,Scheldebrouwerij,7.0,Belgian Blonde,330ml,330,8.94,Belgian Blonde
PaasIJ 2024,2.95,Netherlands,3.55,Brouwerij 't IJ,7.0,Bock - Hell / Maibock / Lentebock,330ml,330,8.94,Bock
Vicaris Lino,2.95,Belgium,3.4,Brouwerij Dilewyns,6.5,Belgian Blonde,330ml,330,8.94,Belgian Blonde
Hop House 13,2.95,Ireland,3.38,Guinness,4.1,Lager - Pale,330ml,330,8.94,Lager
Tesselaar Eilandkriebel,2.95,Netherlands,3.36,Tesselaar Familiebrouwerij Diks,6.4,Blonde / Golden Ale - Other,330ml,330,8.94,Blonde / Golden Ale
Wychwood Hobgoblin Gold,4.49,England,3.44,Marston's Brewery,4.2,Blonde / Golden Ale - English,500ml,500,8.98,Blonde / Golden Ale
Sticky Clouds,4.49,Poland,3.98,Funky Fluid,8.1,IPA - Imperial / Double New England / Hazy,Can 500ml,500,8.98,IPA
Zwei Sorten Grün Grünhopfenbier,4.49,Germany,3.79,Munich Brew Mafia,5.8,Lager - Helles,500ml,500,8.98,Lager
Peanut Butter Milk Stout,4.49,United States,3.99,Belching Beaver Brewery,5.3,Stout - Milk / Sweet,500ml,500,8.98,Stout
Mac Ivors Traditional Dry Irish Cider,4.49,Northern Ireland,3.61,Mac Ivors Cider Company,5.6,Cider - Dry,500ml,500,8.98,Cider
Afterglow,4.49,Ireland,3.76,Galway Bay Brewery,6.0,IPA - New England / Hazy,500ml,500,8.98,IPA
Wychwood Hobgoblin Stout,4.49,England,3.36,Marston's Brewery,4.1,Stout - English,500ml,500,8.98,Stout
Guerilla,4.49,Italy,3.72,CRAK Brewery,5.8,IPA - American,500ml,500,8.98,IPA
Imagine Demons: Smoke & Mirrors,4.49,Netherlands,3.48,Happy Demons Craft Beer,6.4,Porter - Smoked,500ml,500,8.98,Porter
Mundaka Sunset,3.59,Italy,3.77,CRAK Brewery,4.6,IPA - Session,400ml,400,8.98,IPA
Imported Goods – Kaltgehopftes Weissbier,3.95,Germany,3.66,FrauGruber Brewing,5.1,Wheat Beer - Other,Can 440ml,440,8.98,Wheat Beer
SONORA,3.95,Spain,3.36,Garage Beer Co.,3.4,Blonde / Golden Ale - Other,Can 440ml,440,8.98,Blonde / Golden Ale
Double Stout,4.49,England,3.54,Shepherd Neame,5.2,Stout - English,500ml,500,8.98,Stout
Cannonball,3.95,England,3.74,Magic Rock Brewing,7.4,IPA - American,Can 440ml,440,8.98,IPA
To Ol Patio Patio Peach Iced Tea Pale Ale,3.95,Denmark,3.14,To Øl,5.0,Pale Ale - Other,Can 440ml,440,8.98,Pale Ale
St. Austell Tribute Pale Ale,4.49,England,3.46,St Austell Brewery,4.2,Pale Ale - English,500ml,500,8.98,Pale Ale
Deep Cover,4.49,Poland,3.67,Funky Fluid,6.2,IPA - American,Can 500ml,500,8.98,IPA
St. Austell Mena Dhu Stout,4.49,England,3.69,St Austell Brewery,4.5,Stout - English,500ml,500,8.98,Stout
Double Hazy Jane,3.95,Scotland,3.84,BrewDog,7.2,IPA - Imperial / Double New England / Hazy,Can 440ml,440,8.98,IPA
Winter Cake,4.49,Poland,3.54,Funky Fluid,6.0,Stout - Foreign / Export,Can 500ml,500,8.98,Stout
99 Luftballoons,3.95,Spain,3.56,Cierzo Brewing Co.,5.8,Festbier,Can 440ml,440,8.98,Festbier
Berliner Pils,4.49,Poland,3.54,Browar Nepomucen,4.9,Pilsner - German,500ml,500,8.98,Pilsner
Camba Chiemsee Dark,3.95,Germany,3.53,Camba Bavaria,5.6,Schwarzbier,Can 440ml,440,8.98,Schwarzbier
Wychwood Hobgoblin Session IPA,4.49,England,3.29,Marston's Brewery,3.4,IPA - Session,500ml,500,8.98,IPA
Shepherd Neame India Pale Ale,4.49,England,3.2,Lidl GB,6.0,Pale Ale - American,500ml,500,8.98,Pale Ale
Mac Ivors Medium Irish Cider,4.49,Northern Ireland,3.55,Mac Ivors Cider Company,4.5,Cider - Traditional / Apfelwein,500ml,500,8.98,Cider
St. Austell Proper Job IPA,4.49,England,3.44,St Austell Brewery,4.5,IPA - English,500ml,500,8.98,IPA
Fresh Squeeze Vol. 2 Strawberry - Watermelon,4.49,Poland,3.51,TankBusters.Co,4.5,Sour - Fruited Gose,500ml,500,8.98,Sour
Valhalla Weizen,4.49,Netherlands,3.48,From The North Brewing Company,5.6,Wheat Beer - Hefeweizen,500ml,500,8.98,Wheat Beer
Zichovec Krahulik 12,4.49,Czech Republic,3.49,Rodinný Pivovar Zichovec,5.1,Pilsner - Czech / Bohemian,500ml,500,8.98,Pilsner
Collab PL: Watch Out,4.49,Poland,3.8,Browar PINTA,6.5,IPA - New England / Hazy,500ml,500,8.98,IPA
Moersleutel CYCT: Friction,3.95,Netherlands,3.7,Moersleutel Craft Brewery,6.0,IPA - Other,Can 440ml,440,8.98,IPA
Przekład,4.49,Poland,3.71,Przetwórnia Chmielu,4.0,Scottish Ale,500ml,500,8.98,Scottish Ale
Hazy .394,3.19,United States,3.71,AleSmith Brewing Company,6.0,Pale Ale - New England / Hazy,355ml,355,8.99,Pale Ale
California IPA,3.19,United States,3.47,Sierra Nevada Brewing Co.,4.2,IPA - Session,355ml,355,8.99,IPA
Mango Jai Alai,3.19,United States,3.7,Cigar City Brewing,7.5,IPA - American,355ml,355,8.99,IPA
Salty Crew,3.19,United States,3.53,Coronado Brewing Company,4.5,Blonde / Golden Ale - American,355ml,355,8.99,Blonde / Golden Ale
Guayabera,3.19,United States,3.71,Cigar City Brewing,5.5,Pale Ale - American,355ml,355,8.99,Pale Ale
Torpedo Extra IPA,3.19,United States,3.72,Sierra Nevada Brewing Co.,7.2,IPA - American,Can 355ml,355,8.99,IPA
Alohawk,4.25,United States,3.66,Loomis Basin Brewing Company,8.0,Strong Ale - American,473ml,473,8.99,Strong Ale
Jai Low,3.19,United States,3.53,Cigar City Brewing,4.0,IPA - Session,355ml,355,8.99,IPA
Dale's Pale Ale,3.19,United States,3.63,Oskar Blues Brewery,6.5,Pale Ale - American,355ml,355,8.99,Pale Ale
Weihenstephan Festbier,4.5,Germany,3.61,Bayerische Staatsbrauerei Weihenstephan,5.8,Festbier,500ml,500,9.0,Festbier
Most,4.5,Poland,3.93,Browar Cztery Ściany,6.5,IPA - Imperial / Double New England / Hazy,Can 500ml,500,9.0,IPA
Christmas Ale,4.5,England,3.34,Shepherd Neame,7.0,Winter Ale,500ml,500,9.0,Winter Ale
St. Feuillien Grisette Bio Citra Hop,2.25,Belgium,3.45,Brasserie St-Feuillien,8.0,Belgian Tripel,Bottle 250ml,250,9.0,Belgian Tripel
DOK Johannes De Weize II,2.97,Belgium,3.51,Dok Brewing Company,5.4,Wheat Beer - Hefeweizen,330ml,330,9.0,Wheat Beer
Sumea,4.5,Poland,3.66,Browar Sarabanda,6.2,IPA - New England / Hazy,Can 500ml,500,9.0,IPA
Wild West,4.5,Poland,3.56,Browar Sarabanda,6.2,IPA - American,Can 500ml,500,9.0,IPA
Hofbrau Munich Weisse,4.5,Germany,3.55,Staatliches Hofbräuhaus München,5.1,Lager - Helles,500ml,500,9.0,Lager
Hofbrau Munich Original,4.5,Germany,3.55,Staatliches Hofbräuhaus München,5.1,Lager - Helles,500ml,500,9.0,Lager
Gaffel Kolsch,4.5,Germany,3.35,Privatbrauerei Gaffel Becker,4.8,Kölsch,500ml,500,9.0,Kölsch
Dream Job,4.5,Romania,3.95,Hop Hooligans,6.0,IPA - New England / Hazy,Can 500ml,500,9.0,IPA
Small Pale Ale Centennial Columbus Chinook,4.5,England,3.75,The Kernel Brewery,4.2,Pale Ale - American,Can 500ml,500,9.0,Pale Ale
Precious,4.5,Poland,3.88,Browarny Craft Beer,6.5,IPA - New England / Hazy,Can 500ml,500,9.0,IPA
Hop Selection: Mosaic,4.5,Poland,3.79,Browar PINTA,8.3,IPA - Imperial / Double,500ml,500,9.0,IPA
Budels Golden Ale - Dry Hopped Sorachi Ace,2.7,Netherlands,3.19,Budelse Brouwerij,6.0,Pale Ale - American,300ml,300,9.0,Pale Ale
Pere Noel,6.75,Belgium,3.45,Brouwerij De Ranke,7.0,Winter Ale,Bottle 750ml,750,9.0,Winter Ale
Kellerbier,4.5,Germany,3.55,Ayinger Privatbrauerei,5.0,Kellerbier / Zwickelbier,500ml,500,9.0,Kellerbier / Zwickelbier
Augustiner Helles,4.5,Germany,3.64,Augustiner-Bräu München,5.2,Lager - Helles,500ml,500,9.0,Lager
IIPPAA,4.5,Poland,3.73,Browar PINTA,8.1,IPA - Imperial / Double,500ml,500,9.0,IPA
Pan IPAni Double 10th Anniversary,4.5,Poland,3.84,Trzech Kumpli,7.0,IPA - Imperial / Double New England / Hazy,Can 500ml,500,9.0,IPA
Subliminal Messaging,4.5,England,3.84,DEYA Brewing Company,5.0,Pale Ale - American,500ml,500,9.0,Pale Ale
TankBusters- Let Me In,4.5,Poland,3.6,TankBusters.Co,5.2,Porter - English,500ml,500,9.0,Porter
Weiherer / Fat Head's - Hopferla,4.5,Germany,3.33,Brauerei Kundmüller/ Fat Head's Brewery,7.5,IPA - American,500ml,500,9.0,IPA
Old Ale (Mild Dark),4.5,England,3.48,Adnams,4.1,Mild - Dark,500ml,500,9.0,Mild
Scareweiss,4.5,Croatia,3.66,Pulfer Brewery,5.5,Wheat Beer - Hefeweizen,500ml,500,9.0,Wheat Beer
Jessenhofke MAYA,2.97,Belgium,3.28,Biologische Brouwerij Jessenhofke,6.0,Blonde / Golden Ale - Other,330ml,330,9.0,Blonde / Golden Ale
Marble Mild (Mild Dark),4.5,England,3.64,Marble Beers Ltd,4.1,Mild - Dark,500ml,500,9.0,Mild
Shock Therapy V55,4.5,Romania,3.74,Hop Hooligans,6.5,IPA - New England / Hazy,Can 500ml,500,9.0,IPA
Sun & Fun Wild Pilsner,2.97,Belgium,3.61,Brouwerij Alvinne,6.0,Pilsner - Other,330ml,330,9.0,Pilsner
Henry Westons Perry,4.5,England,3.41,Westons Cider,7.4,Cider - Perry / Poiré,500ml,500,9.0,Cider
Gorgeous Rhode Island,4.5,Poland,3.6,Magic Road,6.0,Sour - Fruited,Can 500ml,500,9.0,Sour
De la Senne Jambe-de-Bois,2.97,Belgium,3.56,Brasserie de la Senne,8.0,Belgian Tripel,330ml,330,9.0,Belgian Tripel
Texels Vuurbaak,2.7,Netherlands,3.46,Texelse Bierbrouwerij,5.5,Red Ale - Irish,300ml,300,9.0,Red Ale
Herr Kolonel,4.5,Romania,3.42,Clandestin Beer,5.0,Lager - Pale,500ml,500,9.0,Lager
La Vermontoise,6.75,Belgium,3.8,Brasserie de Blaugies/ Hill Farmstead Brewery,6.0,Farmhouse Ale - Saison,Bottle 750ml,750,9.0,Farmhouse Ale
Oud Beersel: Rozenlambiek Beerbox,27.9,Belgium,3.68,Oud Beersel,6.8,Lambic - Other,3100ml,3100,9.0,Lambic
Winter Welcome Ale 2024-2025,4.95,England,3.53,Samuel Smith,6.0,Winter Ale,550ml,550,9.0,Winter Ale
Andechs Hefe Weisse Hell,4.5,Germany,3.71,Klosterbrauerei Andechs,5.5,Wheat Beer - Hefeweizen,500ml,500,9.0,Wheat Beer
Solo Philia,2.97,Greece,3.35,Σόλο (Solo),5.0,Wheat Beer - Witbier / Blanche,330ml,330,9.0,Wheat Beer
Fruh Kolsch 50cl,4.5,Germany,3.32,Cölner Hofbräu Früh,4.8,Kölsch,500ml,500,9.0,Kölsch
Boltmaker (Bitter Best),4.5,England,3.55,Timothy Taylor's Brewery,4.2,Bitter - Best,500ml,500,9.0,Bitter
Schneider Kristall Weizen TAP 2 50cl,4.5,Germany,3.51,Schneider Weisse G. Schneider & Sohn,4.9,Wheat Beer - Kristallweizen,500ml,500,9.0,Wheat Beer
Crowd Control,4.5,Romania,3.88,Hop Hooligans,6.0,IPA - New England / Hazy,Can 500ml,500,9.0,IPA
All Out,3.2,United States,3.33,Athletic Brewing Company,0.5,Non-Alcoholic - Porter / Stout,Can 355ml,355,9.01,Non-Alcoholic
Scarlet Pimpernel IPA,4.51,Ireland,3.67,Killarney Brewing Company,5.0,IPA - Red,500ml,500,9.02,IPA
Mangolada,2.98,Czech Republic,3.55,Axiom Brewery,5.4,Pale Ale - Fruited,Can 330ml,330,9.03,Pale Ale
Cuvée Clarisse Rum Infused,2.98,Belgium,3.66,Brouwerij Wilderen,11.2,Belgian Strong Dark Ale,330ml,330,9.03,Belgian Strong Dark Ale
Cuvée Clarisse Whisky Infused Wild Weasel,2.98,Belgium,3.75,Brouwerij Wilderen,10.2,Belgian Strong Dark Ale,330ml,330,9.03,Belgian Strong Dark Ale
7 Hop 7 Grain DDH IPA,2.98,Scotland,3.43,BRULO,6.1,Non-Alcoholic - IPA,330ml,330,9.03,Non-Alcoholic
Rover Truck,6.79,United States,3.75,Toppling Goliath Brewing Co.,5.0,Stout - Oatmeal,Bottle 750ml,750,9.05,Stout
Sander Rubi Red Ale,2.99,Canada,3.46,Moon Under Water Brewery | Pub | Distillery,6.0,Sour - Fruited,330ml,330,9.06,Sour
Mastodom,2.99,United States,3.79,Ninkasi Brewing Company,8.0,IPA - Imperial / Double,330ml,330,9.06,IPA
Luctor Et Emergo - Zeeuws Weizen,2.99,Netherlands,3.31,Bierbrouwerij Vermeersen,6.0,Wheat Beer - Hefeweizen,330ml,330,9.06,Wheat Beer
Rhodesian,2.99,Netherlands,3.65,Brouwerij Frontaal,11.3,Barleywine - American,330ml,330,9.06,Barleywine
Wild Zealand,2.99,Denmark,3.39,Copenhagen Commons,6.0,Pale Ale - Other,330ml,330,9.06,Pale Ale
Pineapple Express,2.99,Netherlands,3.46,Brouwerij Frontaal,5.2,Wheat Beer - Witbier / Blanche,330ml,330,9.06,Wheat Beer
Tilmans Pilsner,2.99,Germany,3.59,Tilmans Biere,4.7,Pilsner - Czech / Bohemian,330ml,330,9.06,Pilsner
Hop & Drop,2.99,Netherlands,3.42,Brouwerij de Molen,8.5,Porter - Other,330ml,330,9.06,Porter
Zötler Schwarzer Ritter Baltic Porter,2.99,Germany,3.42,Privat-Brauerei Zötler,7.7,Porter - Baltic,330ml,330,9.06,Porter
Zuster Agatha,2.99,Netherlands,3.64,Muifelbrouwerij,10.0,Belgian Quadrupel,330ml,330,9.06,Belgian Quadrupel
Heemraad,2.99,Netherlands,3.36,Bierbrouwerij De Magistraat,4.8,Wheat Beer - Witbier / Blanche,330ml,330,9.06,Wheat Beer
Heimathafen Gabi Helles,2.99,Germany,3.29,Heimathafen - Erfurter Braumanufaktur,4.9,Lager - Helles,330ml,330,9.06,Lager
Zundert 10,2.99,Netherlands,3.74,Trappistenbrouwerij de Kievit B.V.,10.0,Belgian Quadrupel,330ml,330,9.06,Belgian Quadrupel
Nittenauer Amanda Pils,2.99,Italy,3.59,Birrificio Emiliano/ Brauhaus Nittenau,5.1,Lager - IPL (India Pale Lager),330ml,330,9.06,Lager
Nittenauer Doldenzwerg,2.99,Germany,3.57,Brauhaus Nittenau,6.3,Pale Ale - American,330ml,330,9.06,Pale Ale
Helles im Wunderland,2.99,Germany,3.38,Mashsee Brauerei,4.7,Lager - Helles,330ml,330,9.06,Lager
Nittenauer Lola,2.99,Switzerland,3.19,Lola,0.38,Non-Alcoholic - Porter / Stout,330ml,330,9.06,Non-Alcoholic
Nittenauer Le Chauffeur,2.99,Germany,3.44,Brauhaus Nittenau,0.38,Non-Alcoholic - IPA,330ml,330,9.06,Non-Alcoholic
Berliner Perle Helles Alkoholfrei,2.99,Germany,3.18,Brauerei Lemke,4.5,Non-Alcoholic - Lager,330ml,330,9.06,Non-Alcoholic
Goldgräber,2.99,Germany,3.46,Landgang Brauerei,5.2,Pale Ale - American,330ml,330,9.06,Pale Ale
Nittenauer The Wit,2.99,Germany,3.59,Brauhaus Nittenau,7.2,IPA - American,330ml,330,9.06,IPA
Amerikanischer Traum,2.99,Germany,3.49,Landgang Brauerei,6.5,IPA - American,330ml,330,9.06,IPA
Karel On Steroids – #400 Limited Flowable Edition (2024),2.99,Netherlands,3.73,Kaapse Brouwers,8.4,IPA - Imperial / Double,Can 330ml,330,9.06,IPA
BrewDog x Lemke Trainspotting Cold Pale Ale (Berlin Beer Week 24),2.99,Scotland,3.37,BrewDog,4.2,Pale Ale - American,330ml,330,9.06,Pale Ale
Wildwuchs Große Freiheit,2.99,Germany,2.86,Wildwuchs Brauwerk Hamburg,0.29,Non-Alcoholic - Other,330ml,330,9.06,Non-Alcoholic
Kehrwieder über Normal Null,2.99,Germany,3.26,Kehrwieder Kreativbrauerei,0.4,Non-Alcoholic - IPA,330ml,330,9.06,Non-Alcoholic
Gember Gold,2.99,Netherlands,3.18,Gebrouwen Door Vrouwen,4.6,Spiced / Herbed Beer,330ml,330,9.06,Spiced / Herbed Beer
Attent Alt,2.99,Netherlands,3.39,Brouwerij Heft,4.9,Altbier - Traditional,330ml,330,9.06,Altbier
Der Kapitän,2.99,Germany,3.01,Landgang Brauerei,0.5,Non-Alcoholic - Pale Ale,330ml,330,9.06,Non-Alcoholic
Megalodom,2.99,United States,3.83,Ninkasi Brewing Company,10.0,IPA - Triple,330ml,330,9.06,IPA
Tilmans Pale Ale,2.99,Germany,3.51,Tilmans Biere,4.9,Pale Ale - American,330ml,330,9.06,Pale Ale
Makers Monk,2.99,Netherlands,3.52,Rock City Brewing,8.0,Brown Ale - Imperial / Double,330ml,330,9.06,Brown Ale
Tricerahops,2.99,United States,3.89,Ninkasi Brewing Company,8.0,IPA - Imperial / Double,330ml,330,9.06,IPA
Wildwuchs Schlankes,2.99,Germany,3.3,Wildwuchs Brauwerk Hamburg,4.7,Lager - Pale,330ml,330,9.06,Lager
Single,2.99,Netherlands,3.33,Brouwerij Noordt,4.5,Wheat Beer - American Pale Wheat,330ml,330,9.06,Wheat Beer
MMXXX,2.99,Scotland,3.75,BrewDog,10.0,Barleywine - American,330ml,330,9.06,Barleywine
Petrus Dubbel,2.99,Belgium,3.32,Brouwerij De Brabandere,7.0,Belgian Dubbel,330ml,330,9.06,Belgian Dubbel
Force Majeur  Bruin,2.99,Belgium,2.88,Force Majeure,0.4,Non-Alcoholic - Other,330ml,330,9.06,Non-Alcoholic
Zötler Heilewelt,2.99,Germany,3.45,Privat-Brauerei Zötler,4.9,Pale Ale - English,330ml,330,9.06,Pale Ale
Helemaal Leipa – Juicy NEIPA,2.99,Netherlands,3.56,Hofbrouwerij Reijngoud,6.5,IPA - New England / Hazy,330ml,330,9.06,IPA
Wildwuchs Fastmoker,2.99,Germany,3.34,Wildwuchs Brauwerk Hamburg,4.9,Pilsner - Other,330ml,330,9.06,Pilsner
Witte Aap,2.99,Netherlands,3.29,Guilty Monkey Brewery,5.0,Wheat Beer - Witbier / Blanche,330ml,330,9.06,Wheat Beer
Ludwig,2.99,Netherlands,3.37,Kaapse Brouwers,6.0,Festbier,330ml,330,9.06,Festbier
Bok,2.99,Netherlands,3.51,Kaapse Brouwers,6.5,Bock - Single / Traditional,330ml,330,9.06,Bock
Orca Brau Fränkisches Landbier BIO,2.99,Germany,3.42,orca brau,5.2,Historical Beer - Other,330ml,330,9.06,Historical Beer
Luctor Et Emergo - Dubbel,2.99,Netherlands,3.19,Bierbrouwerij Vermeersen,6.5,Belgian Dubbel,330ml,330,9.06,Belgian Dubbel
The Original Smokey,2.99,Netherlands,3.62,De Kromme Haring,8.5,Porter - Smoked,330ml,330,9.06,Porter
Kehrwieder üNN überNormalNull IPA alkoholfrei,2.99,Germany,3.26,Kehrwieder Kreativbrauerei,0.4,Non-Alcoholic - IPA,330ml,330,9.06,Non-Alcoholic
Acid Junk,2.99,Belgium,3.47,NovaBirra,4.5,IPA - Sour,330ml,330,9.06,IPA
Hopfensturm,2.99,Germany,3.43,Privatbrauerei Waldhaus,4.9,Pale Ale - Other,330ml,330,9.06,Pale Ale
Berliner Perle Helles,2.99,Germany,3.41,Brauerei Lemke,4.9,Lager - Helles,330ml,330,9.06,Lager
It's Been A Looong Time,2.99,Sweden,3.78,Chad Beer,8.0,IPA - Imperial / Double New England / Hazy,330ml,330,9.06,IPA
Heffy,2.99,Netherlands,3.28,Rock City Brewing,5.5,Wheat Beer - Hefeweizen,330ml,330,9.06,Wheat Beer
Freya,2.99,Netherlands,3.39,Walhalla Brouwerij & Proeflokaal,5.3,Wheat Beer - Witbier / Blanche,330ml,330,9.06,Wheat Beer
030 Pale Ale Alkoholfrei,2.99,Germany,3.27,Brauerei Lemke,5.0,Non-Alcoholic - Pale Ale,330ml,330,9.06,Non-Alcoholic
Dubbelbok Glutenvrij,2.99,Netherlands,3.54,Brouwerij Klein Duimpje,8.5,Gluten-Free,330ml,330,9.06,Gluten-Free
köbi Helles Bayerisches Lager,2.99,Germany,3.31,köbi – Königsbrunner Biermanufaktur,5.3,Lager - Helles,330ml,330,9.06,Lager
030 Pale Ale,2.99,Germany,3.46,Brauerei Lemke,5.0,Pale Ale - American,330ml,330,9.06,Pale Ale
Kuehn Kunz Rosen Mainzer Dombräu Helles,2.99,Germany,3.43,KUEHN KUNZ ROSEN,5.2,Lager - Helles,330ml,330,9.06,Lager
Hopfenreiter 2024,2.99,Germany,3.71,Brauerei Gebr. Maisel,8.5,IPA - Imperial / Double,330ml,330,9.06,IPA
Bok,2.99,Netherlands,3.51,Kaapse Brouwers,7.0,Bock - Single / Traditional,330ml,330,9.06,Bock
Acedrinks X Dutch Bargain Quadrupel Makes Me Nuts!,2.99,Netherlands,3.72,Dutch Bargain,10.0,Belgian Quadrupel,330ml,330,9.06,Belgian Quadrupel
ÜberQuell Supadupa,2.99,Germany,3.59,ÜberQuell Brauwerkstätten,6.0,IPA - American,330ml,330,9.06,IPA
Kehrwieder Miami Grove Juicy Pale Ale alkoholfrei,2.99,Germany,3.54,Kehrwieder Kreativbrauerei,0.4,Non-Alcoholic - Pale Ale,330ml,330,9.06,Non-Alcoholic
Don Limone,2.99,Germany,3.59,Munich Brew Mafia,5.3,Pilsner - German,330ml,330,9.06,Pilsner
Brewdog Hoppy Christmas,2.99,Scotland,3.8,BrewDog,7.2,IPA - American,330ml,330,9.06,IPA
Kehrwieder Miami Grove,2.99,Germany,3.54,Kehrwieder Kreativbrauerei,0.4,Non-Alcoholic - Pale Ale,330ml,330,9.06,Non-Alcoholic
Nittenauer Mein Wildes,2.99,Germany,3.34,Brauhaus Nittenau,5.7,Kellerbier / Zwickelbier,330ml,330,9.06,Kellerbier / Zwickelbier
Brouwerij De Bie- Winterbie,2.99,Belgium,3.34,Brouwerij De Bie,8.0,Winter Warmer,330ml,330,9.06,Winter Warmer
Kehrwieder x Riedenburger Frischer Traum (2024) BIO,2.99,Germany,3.49,Kehrwieder Kreativbrauerei/ Riedenburger Brauhaus,5.7,Pale Ale - American,330ml,330,9.06,Pale Ale
Freispiel,2.99,Austria,2.85,Trumer Privatbrauerei,0.5,Non-Alcoholic - Lager,330ml,330,9.06,Non-Alcoholic
Zeeuwse Bierselectie Zeeuws Buutendiekertje,2.99,Netherlands,3.25,Brouwerij 't Meuleneind,6.9,Belgian Dubbel,330ml,330,9.06,Belgian Dubbel
Kite,2.99,Netherlands,3.48,Brouwerij Solaes,3.8,IPA - Session,330ml,330,9.06,IPA
Wittorfer Una Clara,2.99,Germany,3.51,Wittorfer Brauerei Neumünster,5.0,Lager - Mexican,330ml,330,9.06,Lager
Orca Goldie,2.99,Germany,3.66,orca brau,4.8,Blonde / Golden Ale - Other,330ml,330,9.06,Blonde / Golden Ale
Linkebal II,2.99,Netherlands,3.34,Vet & Lazy,3.5,Shandy / Radler,330ml,330,9.06,Shandy / Radler
Kuehn Kunz Rosen Mainzer Pils,2.99,Germany,3.38,KUEHN KUNZ ROSEN,5.0,Pilsner - German,330ml,330,9.06,Pilsner
RONNIE – Oranje Blond,2.99,Netherlands,3.33,Big Belly Brewing Company,5.0,Blonde / Golden Ale - Other,330ml,330,9.06,Blonde / Golden Ale
ÜberQuell Pillepalle alkoholfrei,2.99,Germany,3.48,ÜberQuell Brauwerkstätten,0.4,Non-Alcoholic - Pale Ale,330ml,330,9.06,Non-Alcoholic
Überquell Fresh Hop Püls,2.99,Germany,3.57,ÜberQuell Brauwerkstätten,4.7,Pilsner - German,330ml,330,9.06,Pilsner
Puck V5: Lemon Meringue,2.99,Netherlands,3.45,Kaapse Brouwers,5.5,Sour - Fruited,330ml,330,9.06,Sour
Bindlestiff IPA,2.99,Germany,3.56,Vagabund Brauerei,6.2,IPA - American,330ml,330,9.06,IPA
Lervig Pils,2.99,Norway,3.23,LERVIG,4.7,Pilsner - German,330ml,330,9.06,Pilsner
Lervig No Worries Wild Berries,2.99,Norway,2.85,LERVIG,0.5,Non-Alcoholic - IPA,330ml,330,9.06,Non-Alcoholic
Dinkeldoppelbock,2.99,Germany,3.43,Privatbrauerei Sander,8.1,Bock - Doppelbock,330ml,330,9.06,Bock
Indo Gone Wild,2.99,Netherlands,3.23,X-brewing,5.5,Farmhouse Ale - Saison,330ml,330,9.06,Farmhouse Ale
Brewing Carte Blanche,2.99,France,3.56,The Piggy Brewing Company,5.0,Wheat Beer - American Pale Wheat,Can 330ml,330,9.06,Wheat Beer
Viven Classic Bruin,2.99,Belgium,3.35,Beerdevelopment Viven,6.1,Brown Ale - Belgian,330ml,330,9.06,Brown Ale
Brewing Piggy Driver,2.99,France,3.51,The Piggy Brewing Company,1.9,Pale Ale - American,Can 330ml,330,9.06,Pale Ale
Kuehn Kunz Rosen Unplugged Alkoholfreies Pale Ale,2.99,Germany,3.4,KUEHN KUNZ ROSEN,0.5,Non-Alcoholic - Pale Ale,330ml,330,9.06,Non-Alcoholic
Wildwuchs To Absent Friends,2.99,Germany,3.78,Wildwuchs Brauwerk Hamburg,7.0,Bitter - Best,330ml,330,9.06,Bitter
Bitter-Ballenbad (Bitter Best),2.99,Belgium,3.25,Dok Brewing Company,4.5,Bitter - Best,330ml,330,9.06,Bitter
D'n Ossebock,2.99,Netherlands,3.5,Muifelbrouwerij,7.0,Bock - Single / Traditional,330ml,330,9.06,Bock
Juice Punch 0.5,2.99,Netherlands,3.27,Brouwerij Frontaal,0.5,Non-Alcoholic - IPA,330ml,330,9.06,Non-Alcoholic
Hazy Leven,2.99,Netherlands,3.53,Hert Bier,6.0,IPA - New England / Hazy,330ml,330,9.06,IPA
Nirvana,2.99,Netherlands,3.41,Van Moll,5.2,Wheat Beer - Witbier / Blanche,330ml,330,9.06,Wheat Beer
Head First,2.99,Netherlands,3.51,Brouwerij Frontaal,4.5,IPA - Other,330ml,330,9.06,IPA
Sticky Fingers,3.99,Netherlands,3.42,KOMPAAN Dutch Craft Beer Company,7.0,Bock - Single / Traditional,Can 440ml,440,9.07,Bock
A Hazy shade of Summer,3.99,Netherlands,3.53,X-brewing,4.5,IPA - New England / Hazy,Can 440ml,440,9.07,IPA
My Milkshake Brings All The Boys To The Farm,3.99,Netherlands,3.73,Dutch Bargain,7.0,IPA - Milkshake,Can 440ml,440,9.07,IPA
Cherry Lady,3.99,Netherlands,3.75,Rolo1977 Beers,4.8,Sour - Fruited,Can 440ml,440,9.07,Sour
Reloaded IPA,3.99,Estonia,3.55,Tanker Brewery,5.8,IPA - Session,Can 440ml,440,9.07,IPA
Galibot | Verre à pied 33 cl,6.8,France,3.58,Brasserie Galibot,6.0,IPA - American,Bottle 750ml,750,9.07,IPA
Fuerst Wiacek Raving Pils Hoppy Lager (New Batch 24),3.99,Germany,3.62,FUERST WIACEK,5.0,Pilsner - Other,Can 440ml,440,9.07,Pilsner
Alman's Weisse,3.99,Germany,3.67,Yankee & Kraut,5.5,Wheat Beer - Hefeweizen,Can 440ml,440,9.07,Wheat Beer
Mangolicious IPA,3.99,Estonia,3.45,Tanker Brewery,4.7,IPA - Fruited,Can 440ml,440,9.07,IPA
Retro Gamer Cherry Berliner Weisse,3.99,Estonia,3.32,Tanker Brewery,4.0,Sour - Fruited Berliner Weisse,Can 440ml,440,9.07,Sour
Brokilde Brown Organic,6.8,Denmark,3.34,To Øl,6.5,Brown Ale - Other,Bottle 750ml,750,9.07,Brown Ale
Dead Guy Pilsner,3.99,United States,3.58,Rogue Ales,5.0,Pilsner - Other,Can 440ml,440,9.07,Pilsner
Lager,3.99,Germany,3.72,Craftcore Brewing,5.0,Lager - Pale,Can 440ml,440,9.07,Lager
Normal Beer,3.99,Ukraine,3.35,Дідько Brewery,5.3,Blonde / Golden Ale - Other,Can 440ml,440,9.07,Blonde / Golden Ale
Dehydration Yuzu & Lemon Gose,3.99,Estonia,3.54,Tanker Brewery,5.5,Sour - Fruited Gose,Can 440ml,440,9.07,Sour
Abstraction DDH Pale Ale,3.99,Estonia,3.64,Tanker Brewery,5.5,Pale Ale - American,Can 440ml,440,9.07,Pale Ale
Year of the Dragon,3.99,Netherlands,3.65,Brouwerij Kees,5.8,IPA - American,Can 440ml,440,9.07,IPA
Festbier (2024),3.99,Germany,3.64,FUERST WIACEK,5.5,Festbier,Can 440ml,440,9.07,Festbier
Saturnus,3.99,Estonia,3.61,Põhjala,5.0,Pale Ale - New England / Hazy,Can 440ml,440,9.07,Pale Ale
Brokilde Blonde Organic,6.8,Denmark,3.38,To Øl,6.0,Blonde / Golden Ale - Other,Bottle 750ml,750,9.07,Blonde / Golden Ale
Zlatá raketa,6.8,Czech Republic,3.89,Pivovar Matuška,7.0,IPA - American,Bottle 750ml,750,9.07,IPA
KLR,3.99,Romania,3.54,Bereta Brewing Co.,5.4,Kellerbier / Zwickelbier,Can 440ml,440,9.07,Kellerbier / Zwickelbier
Side Road,3.99,France,3.68,The Piggy Brewing Company,6.0,IPA - Belgian,Can 440ml,440,9.07,IPA
Haystack Haze,3.99,Netherlands,3.52,X-brewing,5.8,IPA - New England / Hazy,Can 440ml,440,9.07,IPA
Apes And the Bunny Roll,3.99,Netherlands,3.31,X-brewing,5.4,Wheat Beer - American Pale Wheat,Can 440ml,440,9.07,Wheat Beer
Casa Nera,6.8,France,4.03,The Piggy Brewing Company,12.0,Stout - Imperial / Double,Bottle 750ml,750,9.07,Stout
Soulfly,3.99,Netherlands,3.51,X-brewing,5.5,IPA - American,Can 440ml,440,9.07,IPA
10th Anniversary TDH New England Dipa - KEG typ A,181.7,Poland,3.94,Browar Stu Mostów,7.0,Sour - Fruited,20000ml,20000,9.08,Sour
HBC 630,4.54,Poland,4.07,Funky Fluid,8.7,IPA - Triple New England / Hazy,Can 500ml,500,9.08,IPA
Bohemian Lager,4.0,England,3.56,Utopian Brewing Ltd,4.2,Pilsner - Czech / Bohemian,Can 440ml,440,9.09,Pilsner
Tripel 9,3.0,Belgium,3.47,Brouwerij De Koperen Markies,9.0,Belgian Tripel,330ml,330,9.09,Belgian Tripel
Black Hero,3.0,Slovakia,3.11,Nilio Brewery,0.5,Non-Alcoholic - Porter / Stout,330ml,330,9.09,Non-Alcoholic
Space Operator,4.0,Ireland,3.83,Whiplash,6.8,IPA - New England / Hazy,Can 440ml,440,9.09,IPA
Hilleveld,3.0,Belgium,3.35,Brouwerij Westkwartier,6.2,Sour - Other,330ml,330,9.09,Sour
The Fish Needs A Suzuki (Lager American Light),4.0,Germany,3.37,FUERST WIACEK,4.2,Lager - American Light,Can 440ml,440,9.09,Lager
Slagmuylder Witkap Pater Dubbel,3.0,Belgium,3.37,Brouwerij Slaghmuylder,7.0,Belgian Dubbel,330ml,330,9.09,Belgian Dubbel
Duvel Tripel Hop Citra,3.0,Belgium,3.68,Duvel Moortgat,9.5,IPA - Belgian,330ml,330,9.09,IPA
Lefort,3.0,Belgium,3.62,Omer Vander Ghinste,9.0,Belgian Strong Dark Ale,330ml,330,9.09,Belgian Strong Dark Ale
Dubbel - Glutenvrij,3.0,Belgium,3.34,Brouwerij Slaapmutske,7.4,Gluten-Free,330ml,330,9.09,Gluten-Free
Smoochie Orange,3.0,Netherlands,3.56,Brouwerij LOST,0.3,Non-Alcoholic - Sour,330ml,330,9.09,Non-Alcoholic
Zero Power,3.0,Slovakia,3.1,Nilio Brewery,0.5,Non-Alcoholic - Other,330ml,330,9.09,Non-Alcoholic
Urban Orchard Cans,3.0,England,3.35,Hawkes,4.5,Cider - Dry,330ml,330,9.09,Cider
Gouden Carolus Whisky Infused,3.0,Belgium,4.0,Brouwerij Het Anker,11.7,Belgian Strong Dark Ale,330ml,330,9.09,Belgian Strong Dark Ale
Nitro Merlin,3.0,United States,3.9,Firestone Walker Brewing Company,5.5,Stout - Milk / Sweet,330ml,330,9.09,Stout
Abbey Rave Tripel,3.0,Netherlands,3.56,Baxbier,8.7,Belgian Tripel,Can 330ml,330,9.09,Belgian Tripel
Kompaan Thrill Seeker,3.0,Netherlands,3.26,KOMPAAN Dutch Craft Beer Company,0.3,Non-Alcoholic - IPA,330ml,330,9.09,Non-Alcoholic
Implosion,3.0,Denmark,3.19,To Øl,0.3,Non-Alcoholic - IPA,330ml,330,9.09,Non-Alcoholic
Petrus Dubbel Bruin,3.0,Belgium,3.32,Brouwerij De Brabandere,7.0,Belgian Dubbel,330ml,330,9.09,Belgian Dubbel
Oikenbock,3.0,Netherlands,3.41,Dampegheest,6.5,Bock - Single / Traditional,330ml,330,9.09,Bock
Les Perles Du Homard Saison,3.0,Netherlands,3.54,De Kromme Haring,8.0,Farmhouse Ale - Saison,330ml,330,9.09,Farmhouse Ale
Leftover Lemon & Elderflower,3.0,Netherlands,3.34,Lowlander Beer,3.8,Fruit Beer,330ml,330,9.09,Fruit Beer
Aischbüffel,3.0,Germany,3.44,Brauerei Rittmayer Hallerndorf,6.5,Bock - Single / Traditional,330ml,330,9.09,Bock
Smoky George,3.0,Germany,3.18,Brauerei Rittmayer Hallerndorf,7.0,Rauchbier,330ml,330,9.09,Rauchbier
Premium Pils,3.0,France,3.49,Azimut Brasserie,5.0,Pilsner - Italian,330ml,330,9.09,Pilsner
Helles,4.0,England,3.57,Lost and Grounded Brewers,4.4,Lager - Helles,Can 440ml,440,9.09,Lager
Halte,3.0,France,3.76,Sacrilège,4.2,Farmhouse Ale - Grisette,330ml,330,9.09,Farmhouse Ale
Amazing Haze,4.0,Sweden,3.87,Stigbergets Bryggeri,6.5,IPA - New England / Hazy,Can 440ml,440,9.09,IPA
Revival,4.0,England,3.43,Moor Beer Company,3.4,Bitter - Session / Ordinary,Can 440ml,440,9.09,Bitter
Tropical IPA,3.0,Wales,2.91,Drop Bear Beer Co.,0.5,Non-Alcoholic - IPA,Can 330ml,330,9.09,Non-Alcoholic
New World Lager,3.0,Wales,2.89,Drop Bear Beer Co.,0.5,Non-Alcoholic - Lager,Can 330ml,330,9.09,Non-Alcoholic
Prost,4.0,England,3.44,Full Circle Brew Co,4.1,Lager - Helles,Can 440ml,440,9.09,Lager
Hero Sin,3.0,Spain,3.36,Basqueland Brewing,0.5,Non-Alcoholic - IPA,330ml,330,9.09,Non-Alcoholic
BIO Blond Organic Belgian Blond,3.0,Netherlands,3.4,Jopen,6.5,Belgian Blonde,Can 330ml,330,9.09,Belgian Blonde
Bonfire Stout,3.0,Wales,3.02,Drop Bear Beer Co.,0.5,Non-Alcoholic - Porter / Stout,Can 330ml,330,9.09,Non-Alcoholic
Houtgerijpte Rook Dubbelbock,3.0,Netherlands,3.44,Duits & Lauret,7.5,Bock - Doppelbock,330ml,330,9.09,Bock
Petrus Blonde,3.0,Belgium,3.35,Brouwerij De Brabandere,6.6,Belgian Blonde,330ml,330,9.09,Belgian Blonde
De Eeuwige Jeugd Bokkelul,3.0,Netherlands,3.42,Brouwerij de Eeuwige Jeugd,7.0,Bock - Weizenbock,330ml,330,9.09,Bock
Flip Flopped White Socked Strong Hopped White IPA,3.0,Finland,3.45,The Flying Dutchman Nomad Brewing Company,5.5,IPA - White / Wheat,330ml,330,9.09,IPA
Houblon Chouffe Belgian IPA,3.0,Belgium,3.67,Brasserie d'Achouffe,9.0,IPA - Belgian,330ml,330,9.09,IPA
Mur Porteur,3.0,France,3.64,Brasserie La Malpolon,5.0,Porter - English,330ml,330,9.09,Porter
Master Quad 2 years Red Wine BA,3.0,Belgium,3.9,Brewery De Meester,9.5,Belgian Quadrupel,330ml,330,9.09,Belgian Quadrupel
Bullhouse - Road Trippin,4.0,Northern Ireland,3.58,Bullhouse Brew Co,4.0,Pale Ale - XPA (Extra Pale),Can 440ml,440,9.09,Pale Ale
Stu Mostów X Morpheus ZuBREWka,3.0,Belgium,3.84,Brouwerij Alvinne,5.0,Sour - Other,330ml,330,9.09,Sour
Naka (仲),3.0,Belgium,3.77,Brouwerij Alvinne,5.5,Sour - Other,330ml,330,9.09,Sour
Schelde brouwerij degustatie glas,3.0,Belgium,3.03,Scheldebrouwerij,5.0,Pilsner - Other,330ml,330,9.09,Pilsner
Life's A Beach Session IPA,3.0,Netherlands,3.44,Jopen,4.5,IPA - Session,Can 330ml,330,9.09,IPA
6% Blonde,3.0,Belgium,3.46,Abbaye de Maredsous,6.0,Belgian Dubbel,330ml,330,9.09,Belgian Dubbel
1984,3.0,France,3.61,Hoppy Road,6.5,Farmhouse Ale - Saison,330ml,330,9.09,Farmhouse Ale
Hooglander Hazy Pale Ale,4.0,Netherlands,3.62,Hooglander Bier,5.2,Pale Ale - New England / Hazy,Can 440ml,440,9.09,Pale Ale
Delirium Red Fruit Beer,3.0,Belgium,3.58,Delirium - Huyghe Brewery,8.0,Fruit Beer,330ml,330,9.09,Fruit Beer
St Guinefort,3.0,Netherlands,3.42,Vet & Lazy,6.7,Belgian Blonde,330ml,330,9.09,Belgian Blonde
Dolden Bock,3.0,Germany,3.62,Riedenburger Brauhaus,7.9,Bock - Weizendoppelbock,330ml,330,9.09,Bock
Goed Huwelijk Session IPA,3.0,Netherlands,3.11,Brouwerij Allema,3.8,IPA - Session,330ml,330,9.09,IPA
Boogie Blond,3.0,Netherlands,3.4,POPHOP,6.0,Blonde / Golden Ale - Other,330ml,330,9.09,Blonde / Golden Ale
Road Trippin' (XPA),4.0,Northern Ireland,3.58,Bullhouse Brew Co,4.0,Pale Ale - XPA (Extra Pale),Can 440ml,440,9.09,Pale Ale
Othmar Weizen Dubbelbock,3.0,Netherlands,3.51,Ootmarsummer Bierbrouwerij Heupink & Co,8.6,Bock - Weizendoppelbock,330ml,330,9.09,Bock
Rauchkopf,3.0,Belgium,3.44,Skøllmann,6.0,Smoked Beer,330ml,330,9.09,Smoked Beer
Keller Pils Cans,4.0,England,3.47,Lost and Grounded Brewers,4.8,Kellerbier / Zwickelbier,Can 440ml,440,9.09,Kellerbier / Zwickelbier
Yulu,3.0,England,3.46,Siren Craft Brew,3.6,Pale Ale - Other,Can 330ml,330,9.09,Pale Ale
Dubbel,3.0,Netherlands,3.33,Brouwerij Eeuwig Zonde,7.0,Belgian Dubbel,330ml,330,9.09,Belgian Dubbel
Schelde brewery tasting glass,3.0,United States,3.54,Rivertown Brewery & Barrel House (Ohio),5.2,Pale Ale - Belgian,330ml,330,9.09,Pale Ale
Zenne Pils,3.0,Belgium,3.48,Brasserie de la Senne,4.9,Pilsner - Other,330ml,330,9.09,Pilsner
Koel & Krachtig Cold IPA,3.0,Netherlands,3.5,Brouwerij de Molen,7.1,IPA - Cold,Can 330ml,330,9.09,IPA
Karel,3.0,Netherlands,3.41,Kaapse Brouwers,4.5,IPA - Session,330ml,330,9.09,IPA
Bon Secours Blonde de Noël,3.0,Belgium,3.48,Brasserie Caulier,9.0,Winter Ale,330ml,330,9.09,Winter Ale
Implosion Lager,3.0,Denmark,3.19,To Øl,0.3,Non-Alcoholic - IPA,330ml,330,9.09,Non-Alcoholic
Highway To Jail,4.0,Poland,3.71,Browar Trójmiejski Lubrow,7.0,IPA - American,Can 440ml,440,9.09,IPA
LAB,3.0,Hungary,3.63,Reketye Brewing Co.,4.5,Sour - Other Gose,330ml,330,9.09,Sour
Bird of Prey,3.0,Netherlands,3.6,Uiltje Brewing Company,5.8,IPA - American,330ml,330,9.09,IPA
Clwb Tropica NA,3.0,Wales,3.2,Tiny Rebel Brewing Co,0.5,Non-Alcoholic - IPA,Can 330ml,330,9.09,Non-Alcoholic
Pionier Tripel,3.0,Netherlands,3.54,Brouwerij Poort,9.0,Belgian Tripel,330ml,330,9.09,Belgian Tripel
Coastal IPA,3.0,Netherlands,3.53,Dutch Bargain,5.8,IPA - American,330ml,330,9.09,IPA
Grand Cru,3.0,Belgium,3.47,Galea Craft Beers,9.5,Belgian Strong Golden Ale,330ml,330,9.09,Belgian Strong Golden Ale
Paix Dieu Triple,3.0,Belgium,3.77,Brasserie Caulier,10.0,Belgian Tripel,330ml,330,9.09,Belgian Tripel
Johannieter Weizen Dubbelbok,3.0,Netherlands,3.54,Jopen,9.0,Bock - Weizendoppelbock,330ml,330,9.09,Bock
Pulpt - Level 44cl,4.0,England,3.57,Pulpt,5.4,Cider - Dry,Can 440ml,440,9.09,Cider
Zuidwester,3.0,Netherlands,3.48,Dutch Bargain,8.5,Belgian Tripel,330ml,330,9.09,Belgian Tripel
Bush Caractère,3.0,Belgium,3.62,Brasserie Dubuisson,12.0,Belgian Strong Golden Ale,330ml,330,9.09,Belgian Strong Golden Ale
Eiszäpfle Märzen,3.0,Germany,3.47,Badische Staatsbrauerei Rothaus,5.6,Märzen,330ml,330,9.09,Märzen
Foncée Whiskey Infused,3.0,Belgium,3.51,Brouwerij De Poes,8.5,Belgian Strong Dark Ale,330ml,330,9.09,Belgian Strong Dark Ale
SHIPA Citra Biologisch,3.0,Netherlands,3.46,Naeckte Brouwers,6.8,IPA - American,330ml,330,9.09,IPA
Taxandria Peaty Barrel,3.0,Belgium,3.15,Gallico,9.0,Stout - Belgian,330ml,330,9.09,Stout
Bevog x Soulfly Prophecy of the Hops,4.55,Austria,3.7,Brauhaus Bevog,4.3,IPA - Session,500ml,500,9.1,IPA
Ring a Ding,4.56,Czech Republic,3.78,Axiom Brewery,6.6,IPA - New England / Hazy,Can 500ml,500,9.12,IPA
Mano Negra,3.01,Belgium,3.56,Brouwerij Alvinne,10.0,Stout - Imperial / Double,330ml,330,9.12,Stout
Hard to Get - keg,182.5,Belgium,3.74,Dok Brewing Company,11.0,Stout - Imperial / Double,20000ml,20000,9.12,Stout
The Piggy Brewing Carte Blanche,3.01,France,3.56,The Piggy Brewing Company,5.0,Wheat Beer - American Pale Wheat,Can 330ml,330,9.12,Wheat Beer
Hades,3.02,United States,3.55,Great Divide Brewing Company,10.0,Belgian Strong Golden Ale,330ml,330,9.15,Belgian Strong Golden Ale
Extra Kriek,2.29,Belgium,3.37,Belle-Vue,4.1,Lambic - Kriek,Bottle 250ml,250,9.16,Lambic
Budels Kolos,2.75,Netherlands,3.24,Budelse Brouwerij,7.5,Belgian Strong Golden Ale,300ml,300,9.17,Belgian Strong Golden Ale
IJsbock BIO,2.75,Netherlands,3.55,Gulpener Bierbrouwerij,10.3,Bock - Eisbock,300ml,300,9.17,Bock
La Mule Berliner Weisse,3.03,Belgium,3.55,Brasserie de la Mule,3.5,Sour - Berliner Weisse,330ml,330,9.18,Sour
The Piggy Brewing Pig IPA,3.03,France,3.91,The Piggy Brewing Company,5.8,IPA - New England / Hazy,Can 330ml,330,9.18,IPA
La Mule Helles,3.03,Belgium,3.42,Brasserie de la Mule,4.8,Lager - Helles,330ml,330,9.18,Lager
Selfish Games Golden Glow,4.04,Hungary,3.4,HORIZONT Brewing,5.1,Wheat Beer - Witbier / Blanche,Can 440ml,440,9.18,Wheat Beer
Weiherer - Imperial IPA,4.6,Germany,3.47,Brauerei Kundmüller/ Fat Head's Brewery,9.0,IPA - Imperial / Double,500ml,500,9.2,IPA
Rothaus Hefe Weizen 50cl,4.6,Germany,3.59,Badische Staatsbrauerei Rothaus,5.4,Wheat Beer - Hefeweizen,500ml,500,9.2,Wheat Beer
Thornbridge x Stone West Side Glory,4.05,England,3.73,Thornbridge Brewery,7.0,IPA - American,Can 440ml,440,9.2,IPA
Jever Pilsener,4.6,Germany,3.13,Friesisches Brauhaus zu Jever,4.9,Pilsner - German,Bottle 500ml,500,9.2,Pilsner
Rajska Gala Cydr Spokojny,6.9,Poland,4.03,Cydr Chyliczki,12.0,Cider - Dry,Bottle 750ml,750,9.2,Cider
Tegernseer Dunkel Export,4.6,Germany,3.54,Herzoglich Bayerisches Brauhaus Tegernsee,5.0,Lager - Munich Dunkel,500ml,500,9.2,Lager
ART+74 Pastry Philly Sour,4.6,Poland,3.9,Browar Stu Mostów,5.1,Sour - Smoothie / Pastry,Bottle 500ml,500,9.2,Sour
Hofbrau Winterzwickl,4.6,Germany,3.43,Staatliches Hofbräuhaus München,5.5,Kellerbier / Zwickelbier,500ml,500,9.2,Kellerbier / Zwickelbier
Hertl Maracuja Felix,4.6,Germany,3.6,Braumanufaktur Hertl,5.7,Sour - Smoothie / Pastry,500ml,500,9.2,Sour
NA Low Alcohol,2.3,Belgium,1.94,Brasserie Jupiler,0.5,Non-Alcoholic - Lager,Bottle 250ml,250,9.2,Non-Alcoholic
Guiliguili,6.9,France,3.78,Microbrasserie La Montagnarde,4.8,Farmhouse Ale - Grisette,Bottle 750ml,750,9.2,Farmhouse Ale
Basket Case,4.6,Poland,3.82,Browarny Craft Beer,6.5,IPA - New England / Hazy,Can 500ml,500,9.2,IPA
Ladara Bourbon Bock,4.6,Germany,3.64,Brauerei Ott,6.8,Bock - Single / Traditional,500ml,500,9.2,Bock
Schlenkerla Marzen,4.6,Germany,3.48,"Schlenkerla (""Heller-Bräu"" Trum)",5.1,Rauchbier,500ml,500,9.2,Rauchbier
"Saison Dupont 0,75l",6.9,Belgium,3.68,Brasserie Dupont,6.5,Farmhouse Ale - Saison,Bottle 750ml,750,9.2,Farmhouse Ale
Into The Burning Sky,4.05,Netherlands,3.17,Brouwerij Frontaal/ Fermenthings,4.7,Lager - Amber / Red,Can 440ml,440,9.2,Lager
Smoko,4.6,Poland,3.72,Browarny Craft Beer,7.5,IPA - Imperial / Double New England / Hazy,Can 500ml,500,9.2,IPA
Schneider Weizen Hell Tap 1,4.6,Germany,3.61,Schneider Weisse G. Schneider & Sohn,5.2,Wheat Beer - Hefeweizen,500ml,500,9.2,Wheat Beer
Bim Bam Boom,4.6,Poland,4.13,Browar Stu Mostów,5.0,Sour - Smoothie / Pastry,Bottle 500ml,500,9.2,Sour
Czeremcha Cydr Spokojny,6.9,Poland,3.92,Cydr Chyliczki,6.3,Cider - Other Fruit,Bottle 750ml,750,9.2,Cider
Reneta 2023 Cydr Spokojny,6.9,Poland,3.88,Cydr Chyliczki,7.8,Cider - Dry,Bottle 750ml,750,9.2,Cider
Ocean Drive,4.6,Poland,3.85,Browarny Craft Beer,5.0,IPA - Session,Can 500ml,500,9.2,IPA
Shark Attack,4.6,Czech Republic,3.72,Sibeeria,4.6,IPA - Session,Can 500ml,500,9.2,IPA
Tegernseer 1806 Max I. Joseph Jubiläums Export,4.6,Germany,3.61,Herzoglich Bayerisches Brauhaus Tegernsee,5.2,Lager - Dortmunder / Export,500ml,500,9.2,Lager
Jarnicoton,4.05,France,3.85,Vendale,5.0,Sour - Fruited Gose,Can 440ml,440,9.2,Sour
Promenada,4.6,Poland,3.68,Browar Cztery Ściany,5.8,Sour - Fruited,Can 500ml,500,9.2,Sour
West Coast IPA,3.04,Sweden,3.62,Poppels Bryggeri,6.5,IPA - American,Can 330ml,330,9.21,IPA
Hazy IPA,3.04,Sweden,3.71,Poppels Bryggeri,6.5,IPA - New England / Hazy,Can 330ml,330,9.21,IPA
Toewijding,3.04,Netherlands,3.42,Van Moll,5.0,Belgian Blonde,Can 330ml,330,9.21,Belgian Blonde
Blonde Simmie,3.04,Netherlands,3.37,Brouwerij Frontaal,5.0,Belgian Blonde,330ml,330,9.21,Belgian Blonde
DOK / Blech.Brut Belegd Bruud,3.04,Belgium,3.39,Dok Brewing Company,4.1,Farmhouse Ale - Saison,330ml,330,9.21,Farmhouse Ale
Hemelsbruin,3.05,Netherlands,3.64,Brouwerij De Werf,9.0,Belgian Quadrupel,330ml,330,9.24,Belgian Quadrupel
Cuvee Clarisse Wild Weasel Whisky Infused,3.05,Belgium,3.75,Brouwerij Wilderen,10.2,Belgian Strong Dark Ale,330ml,330,9.24,Belgian Strong Dark Ale
Grand Cru Strong Golden Ale,3.05,Belgium,3.65,Brouwerij Hoegaarden,8.5,Belgian Strong Golden Ale,330ml,330,9.24,Belgian Strong Golden Ale
Fjaðrárgljúfur,3.05,Belgium,3.39,Puffin Brewery,8.5,Sour - Other,330ml,330,9.24,Sour
Tripel Hop Cashmere Zwaar Blond,3.05,Belgium,3.61,Duvel Moortgat,9.5,IPA - Belgian,330ml,330,9.24,IPA
HODR – Coffee Stout,3.05,Netherlands,3.54,Walhalla Brouwerij & Proeflokaal,6.0,Stout - Coffee,330ml,330,9.24,Stout
Herr Oakmeister von Dunkelweizen,3.05,Netherlands,3.46,Uiltje Brewing Company,5.9,Wheat Beer - Dunkelweizen,330ml,330,9.24,Wheat Beer
KlevereTien Quadrupel,3.05,Belgium,3.56,Brouwerij Het Nest,10.0,Belgian Quadrupel,330ml,330,9.24,Belgian Quadrupel
Tripel,3.05,Belgium,3.81,Brouwerij der Trappisten van Westmalle,9.5,Belgian Tripel,330ml,330,9.24,Belgian Tripel
Grand Cru Vlaams Rood,3.05,Belgium,3.65,Brouwerij Rodenbach,6.0,Sour - Flanders Red Ale,330ml,330,9.24,Sour
Keizer Karel Ommegang Tripel,3.05,Belgium,3.48,Brouwerij Haacht Brasserie,8.0,Belgian Tripel,330ml,330,9.24,Belgian Tripel
Stout en Moedig,3.05,Netherlands,3.3,Brouwerij De 7 Deugden,7.5,Stout - Coffee,330ml,330,9.24,Stout
Don't Put it on Pizza,4.62,Poland,3.71,Funky Fluid,4.8,IPA - Session,500ml,500,9.24,IPA
GTI-mperial,3.05,Netherlands,3.56,De Brouwschuur,10.5,Stout - Russian Imperial,330ml,330,9.24,Stout
Cuvée Clarisse Wild Weasel Whiskey Infused,3.05,Belgium,3.75,Brouwerij Wilderen,10.2,Belgian Strong Dark Ale,330ml,330,9.24,Belgian Strong Dark Ale
Tripel 10,3.05,Belgium,4.05,Abbaye de Maredsous,10.0,Belgian Tripel,330ml,330,9.24,Belgian Tripel
Gulden Draak Smoked,3.05,Belgium,3.53,Brouwerij Van Steenberge,10.5,Smoked Beer,330ml,330,9.24,Smoked Beer
Steaming On The Dok Of The Day,3.05,Belgium,3.38,Dok Brewing Company,5.1,California Common,330ml,330,9.24,California Common
Jessenhofke RSRV,3.05,Belgium,3.43,Biologische Brouwerij Jessenhofke,10.0,Belgian Quadrupel,330ml,330,9.24,Belgian Quadrupel
Coco,4.62,Czech Republic,3.74,Sibeeria,4.7,Porter - Other,Can 500ml,500,9.24,Porter
Juicy Lucy,3.05,Netherlands,3.64,Uiltje Brewing Company,5.5,IPA - New England / Hazy,330ml,330,9.24,IPA
Rituel 9 Zwaar Blond,3.05,Belgium,3.64,Abbaye de Leffe,9.0,Belgian Strong Golden Ale,330ml,330,9.24,Belgian Strong Golden Ale
Goudenband Vlaams Oud Bruin,3.05,Belgium,3.69,Brouwerij Liefmans,8.0,Sour - Flanders Oud Bruin,330ml,330,9.24,Sour
Razende Bok,3.05,Netherlands,3.38,Tesselaar Familiebrouwerij Diks,6.0,Bock - Single / Traditional,330ml,330,9.24,Bock
Satan Gold,3.05,Belgium,3.42,Brouwerij De Block,8.0,Belgian Strong Golden Ale,330ml,330,9.24,Belgian Strong Golden Ale
Kriek Retro Lambicus,3.05,Belgium,3.42,Brewery John Martin & Brewery Timmermans,4.5,Lambic - Kriek,330ml,330,9.24,Lambic
Val-dieu Grand Cru,3.05,Belgium,3.78,Brasserie de l'Abbaye du Val-Dieu,10.5,Belgian Quadrupel,330ml,330,9.24,Belgian Quadrupel
Pacific Haze,3.05,Netherlands,3.67,Dutch Bargain,6.5,IPA - New England / Hazy,330ml,330,9.24,IPA
Orval Brettanomyces blond,3.05,Belgium,3.68,Brasserie d'Orval,6.2,Pale Ale - Belgian,330ml,330,9.24,Pale Ale
Arpus Brewing Co. Tdh Vista X Mckenzie Session Ipa,4.62,Latvia,3.99,Ārpus Brewing Co.,6.5,IPA - New England / Hazy,500ml,500,9.24,IPA
Breugem Compliment,3.05,Netherlands,3.4,Breugem Bier,5.1,Farmhouse Ale - Saison,330ml,330,9.24,Farmhouse Ale
Amber Ale Glutenvrij Biologisch,3.05,Belgium,2.93,Brasserie de Brunehaut,6.5,Gluten-Free,330ml,330,9.24,Gluten-Free
De Molen Bommen & Granaten,3.05,Netherlands,3.82,Brouwerij de Molen,11.0,Barleywine - Other,330ml,330,9.24,Barleywine
4-Granen Bok,3.05,Netherlands,3.39,Jopen,6.5,Bock - Single / Traditional,330ml,330,9.24,Bock
10 Blond,3.05,Belgium,3.68,Brouwerij Malheur,10.0,Belgian Strong Golden Ale,330ml,330,9.24,Belgian Strong Golden Ale
Zichovec Nectar of Happiness,6.94,Czech Republic,4.0,Rodinný Pivovar Zichovec,7.0,IPA - New England / Hazy,Bottle 750ml,750,9.25,IPA
Tripel,6.95,Netherlands,3.49,Dutch Bargain,8.5,Belgian Tripel,Bottle 750ml,750,9.27,Belgian Tripel
Isid'Or Tripel,6.95,Netherlands,3.75,Bierbrouwerij De Koningshoeven,7.5,Belgian Strong Golden Ale,Bottle 750ml,750,9.27,Belgian Strong Golden Ale
Organic Chocolate Stout,5.1,England,4.04,Samuel Smith,5.0,Stout - Other,Bottle 550ml,550,9.27,Stout
4 Granenbok,6.95,Netherlands,3.39,Jopen,6.5,Bock - Single / Traditional,Bottle 750ml,750,9.27,Bock
Je Moeder,6.95,Netherlands,3.5,Vet & Lazy,8.5,Belgian Tripel,Bottle 750ml,750,9.27,Belgian Tripel
Grande Reserve,6.95,Belgium,3.9,Bières de Chimay,9.0,Belgian Strong Dark Ale,Bottle 750ml,750,9.27,Belgian Strong Dark Ale
Medusa Hero,3.29,United States,3.72,Revolution Brewing Company,6.3,IPA - American,355ml,355,9.27,IPA
Grande Réserve 2024 (Blue),6.95,Belgium,4.0,Bières de Chimay,9.0,Belgian Strong Dark Ale,Bottle 750ml,750,9.27,Belgian Strong Dark Ale
White,3.29,United States,3.64,Breakside Brewery,5.2,Wheat Beer - Witbier / Blanche,355ml,355,9.27,Wheat Beer
New England IPA,3.06,Sweden,3.64,Poppels Bryggeri,7.0,IPA - New England / Hazy,Can 330ml,330,9.27,IPA
Tak Pale Ale,3.06,Austria,3.55,Brauhaus Bevog,5.5,Pale Ale - American,Can 330ml,330,9.27,Pale Ale
Filou,6.95,Belgium,3.53,Kasteel Brouwerij Vanhonsebrouck,8.5,Belgian Tripel,Bottle 750ml,750,9.27,Belgian Tripel
Moinette Biologique,6.95,Belgium,3.61,Brasserie Dupont,7.5,Farmhouse Ale - Saison,Bottle 750ml,750,9.27,Farmhouse Ale
Torpedo,3.29,United States,3.72,Sierra Nevada Brewing Co.,7.2,IPA - American,355ml,355,9.27,IPA
Hazy Little Thing,3.29,United States,3.78,Sierra Nevada Brewing Co.,6.7,IPA - New England / Hazy,355ml,355,9.27,IPA
Avec les Bons Voeux,6.95,Belgium,3.8,Brasserie Dupont,9.5,Farmhouse Ale - Saison,Bottle 750ml,750,9.27,Farmhouse Ale
Uffe,3.06,Sweden,3.51,Brewski,5.9,IPA - American,Can 330ml,330,9.27,IPA
Goses Are Red,6.95,United States,3.87,The Bruery Terreux,5.6,Sour - Fruited Gose,Bottle 750ml,750,9.27,Sour
Heesakker Oaked (Limited Edition),6.97,Belgium,3.4,Microbrouwerij Mølder & Coöp.,8.3,Belgian Blonde,Bottle 750ml,750,9.29,Belgian Blonde
DOK Dubbel Inzet,3.07,Belgium,3.32,Dok Brewing Company,5.5,Historical Beer - Other,330ml,330,9.3,Historical Beer
Pinta Nectaron Heroes,4.65,Poland,3.74,Browar PINTA,8.0,IPA - Imperial / Double,Can 500ml,500,9.3,IPA
Cherry,4.65,Poland,3.79,Funky Fluid,4.0,Sour - Fruited Berliner Weisse,500ml,500,9.3,Sour
Fifty / Fifty – Pineapple,4.65,Poland,4.07,Magic Road,4.0,Sour - Smoothie / Pastry,500ml,500,9.3,Sour
7PK,3.07,Belgium,3.39,PK Bier,7.0,Specialty Grain,330ml,330,9.3,Specialty Grain
La Mule Kölsch,3.07,Belgium,3.44,Brasserie de la Mule/ La Jungle,5.0,Kölsch,330ml,330,9.3,Kölsch
Extinction Is Forever!: Tasmanian Devil,4.65,Austria,3.55,Brauhaus Bevog,4.3,Lager - Munich Dunkel,500ml,500,9.3,Lager
Cosmic Little Thing,5.29,United States,3.82,Sierra Nevada Brewing Co.,8.0,IPA - Imperial / Double New England / Hazy,568ml,568,9.31,IPA
Udune Witbier,4.1,Estonia,3.49,Põhjala,4.5,Wheat Beer - Witbier / Blanche,Can 440ml,440,9.32,Wheat Beer
Of Je Wind Lust?!,4.1,Netherlands,3.55,Crooked Spider,8.0,Belgian Tripel,Can 440ml,440,9.32,Belgian Tripel
Gold Dorée Blond,6.99,Belgium,3.55,Bières de Chimay,4.8,Belgian Enkel / Patersbier,Bottle 750ml,750,9.32,Belgian Enkel / Patersbier
Lucky Lumberjack,4.1,Poland,3.82,Browar Stu Mostów,6.3,IPA - Other,Can 440ml,440,9.32,IPA
Baphomet,6.99,United States,3.84,Revolution Brewing Company,6.66,Bock - Single / Traditional,Bottle 750ml,750,9.32,Bock
PB Eugene,6.99,United States,3.78,Revolution Brewing Company,6.8,Porter - Other,Bottle 750ml,750,9.32,Porter
Boosh,4.1,England,3.72,Yonder Brewing & Blending,4.5,Pale Ale - New England / Hazy,Can 440ml,440,9.32,Pale Ale
DDH Halcyon,4.1,England,3.81,Thornbridge Brewery,7.4,IPA - Imperial / Double,Can 440ml,440,9.32,IPA
Knot,4.1,Romania,3.96,Bereta Brewing Co.,8.0,IPA - Imperial / Double New England / Hazy,Can 440ml,440,9.32,IPA
Rouge Premiére,6.99,Belgium,3.72,Bières de Chimay,7.0,Belgian Dubbel,Bottle 750ml,750,9.32,Belgian Dubbel
Meesterstuk 2025,6.99,Netherlands,4.11,Jopen,11.11,Stout - Pastry,Bottle 750ml,750,9.32,Stout
Avec Les Bons Voeux,6.99,Belgium,3.66,Brasserie Dupont,9.5,Belgian Tripel,Bottle 750ml,750,9.32,Belgian Tripel
Ripe,6.99,United States,4.2,Great Notion Brewing,7.0,IPA - New England / Hazy,Bottle 750ml,750,9.32,IPA
Hazy IPA,6.99,United States,3.81,Jester King Brewery,6.7,IPA - New England / Hazy,Bottle 750ml,750,9.32,IPA
Great Northern Lager,4.1,England,3.35,Northern Monk,4.0,Lager - Pale,Can 440ml,440,9.32,Lager
Peach on the Beach,4.1,Poland,3.96,Browar Stu Mostów,6.0,Sour - Fruited Gose,Can 440ml,440,9.32,Sour
8 Down,4.1,Romania,3.92,Bereta Brewing Co.,6.2,IPA - New England / Hazy,Can 440ml,440,9.32,IPA
Cucooler Than You Think,4.1,Poland,3.69,Browar Stu Mostów,5.7,Stout - Milk / Sweet,Can 440ml,440,9.32,Stout
Elegast Pumpkin Spice Sparkling Orchard Chai Cider,4.1,Netherlands,,Elegast Cidery,6.5,Cider - Dry,Can 440ml,440,9.32,Cider
Hop Hop Hoppy,4.1,Poland,3.52,Browar Stu Mostów,2.9,Grodziskie / Grätzer,Can 440ml,440,9.32,Grodziskie / Grätzer
Teach the Peach,4.1,Poland,4.14,Browar Stu Mostów,5.0,Sour - Smoothie / Pastry,Can 440ml,440,9.32,Sour
Racine Bio,7.0,France,4.06,Sacrilège,6.5,Wild Ale - Other,Bottle 750ml,750,9.33,Wild Ale
Pater,7.0,Belgium,3.54,Brouwerij Corsendonk,6.5,Belgian Dubbel,Bottle 750ml,750,9.33,Belgian Dubbel
Moriau Oude Geuze,3.5,Belgium,3.81,Brouwerij Boon,7.0,Lambic - Gueuze,Bottle 375ml,375,9.33,Lambic
Foraging Elderflower,3.5,Portugal,3.55,Fermentage,4.5,Pilsner - Other,Bottle 375ml,375,9.33,Pilsner
Texels Stormbock,2.8,Netherlands,3.65,Texelse Bierbrouwerij,10.0,Bock - Doppelbock,300ml,300,9.33,Bock
Val-Dieu Cuvee 800,7.0,Belgium,3.51,Brasserie de l'Abbaye du Val-Dieu,6.0,Pale Ale - Belgian,Bottle 750ml,750,9.33,Pale Ale
Jessenhofke TRPL,3.08,Belgium,3.43,Biologische Brouwerij Jessenhofke,8.0,Belgian Tripel,330ml,330,9.33,Belgian Tripel
Jessenhofke PMPRNL,3.08,Belgium,3.39,Biologische Brouwerij Jessenhofke,8.0,Spiced / Herbed Beer,330ml,330,9.33,Spiced / Herbed Beer
Oude Kriek 2022,7.0,Belgium,3.7,Brouwerij Eylenbosch,6.2,Lambic - Kriek,Bottle 750ml,750,9.33,Lambic
La Moneuse,7.0,Belgium,3.74,Brasserie de Blaugies,8.0,Farmhouse Ale - Saison,Bottle 750ml,750,9.33,Farmhouse Ale
Chapter 10: Raspberry Beeret,4.39,Netherlands,3.21,Jopen,5.0,Blonde / Golden Ale - Other,Can 470ml,470,9.34,Blonde / Golden Ale
Little Nectar Pineapple Mango Guava,4.4,United States,3.99,Phase Three Brewing,4.5,Sour - Fruited,Can 470ml,470,9.36,Sour
Nittenauer The Wit alkoholfrei,3.09,Germany,3.17,Brauhaus Nittenau,0.4,Non-Alcoholic - Wheat,330ml,330,9.36,Non-Alcoholic
Raisin Awareness for Died Grapes,4.12,Netherlands,3.83,Moersleutel Craft Brewery,12.0,Rye Wine,Can 440ml,440,9.36,Rye Wine
Double Fruited Boysenberry Blackberry Raspberry Hill  - Canne on 26-01-2021,4.4,United States,4.09,Southern Grist Brewing Company,5.6,Sour - Fruited,Can 470ml,470,9.36,Sour
Gaelic Amore,4.12,Ireland,3.79,Lough Gill Brewery,7.0,IPA - New England / Hazy,Can 440ml,440,9.36,IPA
Karel (Glutenvrij),3.09,Netherlands,3.41,Kaapse Brouwers,4.9,IPA - Session,330ml,330,9.36,IPA
Harrie (Glutenvrij),3.09,Netherlands,3.28,Kaapse Brouwers,6.1,Farmhouse Ale - Saison,330ml,330,9.36,Farmhouse Ale
Köbi Zwickl Kellerbier,3.09,Germany,3.25,köbi – Königsbrunner Biermanufaktur,6.0,Kellerbier / Zwickelbier,330ml,330,9.36,Kellerbier / Zwickelbier
Baltic Porter,3.09,Germany,3.46,BRLO,7.0,Porter - Baltic,330ml,330,9.36,Porter
Vánoční Stout - Vanilla Cocoa,7.02,Czech Republic,3.64,Pivovar Mazák,6.3,Stout - Other,Bottle 750ml,750,9.36,Stout
Pêche Mel Bush,3.09,Belgium,3.43,Brasserie Dubuisson,8.5,Fruit Beer,330ml,330,9.36,Fruit Beer
Lervig No Worries FYR OPP!,3.09,Norway,3.17,LERVIG,0.5,Non-Alcoholic - IPA,330ml,330,9.36,Non-Alcoholic
Wychwood King Goblin,4.69,England,3.55,Marston's Brewery,6.6,Strong Ale - English,500ml,500,9.38,Strong Ale
Wonders – Thai Mango Lassi,4.69,Poland,3.84,Magic Road,5.0,Sour - Smoothie / Pastry,500ml,500,9.38,Sour
XB Ruby Ale,4.69,England,3.38,Theakston,4.5,Bitter - Extra Special / Strong (ESB),500ml,500,9.38,Bitter
Wychwood Hobgoblin Ruby Beer,4.69,England,3.4,Marston's Brewery,5.2,Brown Ale - English,500ml,500,9.38,Brown Ale
Wychwood Hobgoblin IPA,4.69,England,3.51,Marston's Brewery,5.0,IPA - English,500ml,500,9.38,IPA
Lost Lager,3.1,Scotland,3.3,BrewDog,4.5,Pilsner - Other,Can 330ml,330,9.39,Pilsner
Troubadour Imperial Stout,3.1,Belgium,3.64,Brouwerij The Musketeers,9.0,Stout - Belgian,330ml,330,9.39,Stout
Tropical Twist,3.1,Poland,3.56,Browar Trójmiejski Lubrow,5.2,Sour - Fruited,Can 330ml,330,9.39,Sour
Delirium Argentum Belgian IPA,3.1,Belgium,3.6,Delirium - Huyghe Brewery,7.0,IPA - Belgian,330ml,330,9.39,IPA
Deep Side Of Hapiness,3.1,France,3.58,Azimut Brasserie,5.2,Pale Ale - New England / Hazy,330ml,330,9.39,Pale Ale
Tesselaar Eilandbier,3.1,Netherlands,3.28,Tesselaar Familiebrouwerij Diks,5.0,Pilsner - Other,330ml,330,9.39,Pilsner
Oud Bruin,3.1,Belgium,3.52,Brouwerij Westkwartier,6.0,Sour - Flanders Oud Bruin,330ml,330,9.39,Sour
White Mamba Witbier,3.1,Netherlands,3.43,Two Chefs Brewing,5.0,Wheat Beer - Witbier / Blanche,Can 330ml,330,9.39,Wheat Beer
St Feuillien Triple,3.1,Belgium,3.66,Brasserie St-Feuillien,8.5,Belgian Tripel,330ml,330,9.39,Belgian Tripel
Slufter Bok,3.1,Netherlands,3.5,Tesselaar Familiebrouwerij Diks,7.5,Bock - Single / Traditional,330ml,330,9.39,Bock
Bierbrouwerij VD Volendam Zeebonck,3.1,Netherlands,,Brouwerij VD Volendam,6.5,Blond,330ml,330,9.39,Blond
Kayserops,3.1,Netherlands,3.37,De Kromme Haring,5.1,Kellerbier / Zwickelbier,330ml,330,9.39,Kellerbier / Zwickelbier
Triple,3.1,Belgium,3.73,Bières de Chimay,8.0,Belgian Tripel,330ml,330,9.39,Belgian Tripel
Van Honsebrouck Kasteel Barista Chocolate Quad,3.1,Belgium,3.77,Kasteel Brouwerij Vanhonsebrouck,11.0,Belgian Quadrupel,330ml,330,9.39,Belgian Quadrupel
Hop Art Gluten Free,3.1,Netherlands,3.41,vandeStreek bier,5.0,IPA - American,330ml,330,9.39,IPA
Brasserie Haacht Keizer Karel Goud Blond (Charles Quint),3.1,Belgium,3.53,Brouwerij Haacht Brasserie,8.5,Belgian Strong Golden Ale,330ml,330,9.39,Belgian Strong Golden Ale
Elburg - Witte Voswief,3.1,Nederland,3.96,Stadsbrouwerij Vos,5.0,Witbier,330ml,330,9.39,Witbier
Pomona IPA,3.1,Poland,3.7,Browar Trójmiejski Lubrow,5.2,IPA - New England / Hazy,Can 330ml,330,9.39,IPA
Bokbeest,3.1,Belgium,3.45,Scheldebrouwerij,7.5,Bock - Doppelbock,330ml,330,9.39,Bock
Dubbelbock,3.1,Netherlands,3.56,Brouwerij Artemis,8.5,Bock - Doppelbock,330ml,330,9.39,Bock
24033 Triple,3.1,Belgium,3.66,Brasserie St-Feuillien,8.5,Belgian Tripel,330ml,330,9.39,Belgian Tripel
Hilly Hoppy Sour Raw Ale,3.1,Netherlands,3.43,Brouwerij Poesiat & Kater,5.0,Sour - Other,Can 330ml,330,9.39,Sour
Herkenrode Abbey Noctis,3.1,Belgium,3.39,Brouwerij Cornelissen,7.0,Brown Ale - Belgian,330ml,330,9.39,Brown Ale
White Kveiking,3.1,Belgium,3.49,Skøllmann,6.0,IPA - White / Wheat,330ml,330,9.39,IPA
It's A Blond,3.1,Netherlands,3.33,Brouwerij Kees,6.0,Belgian Blonde,330ml,330,9.39,Belgian Blonde
Tripel,3.1,Belgium,3.63,Kasteel Brouwerij Vanhonsebrouck,11.0,Belgian Tripel,330ml,330,9.39,Belgian Tripel
Van Honsebrouck Kasteel Cuvee du Chateau,3.1,Belgium,3.81,Kasteel Brouwerij Vanhonsebrouck,11.0,Belgian Quadrupel,330ml,330,9.39,Belgian Quadrupel
Moedige Margaretha,3.1,Netherlands,3.56,Brouwerij De 12 Stuyvers,10.0,Belgian Quadrupel,330ml,330,9.39,Belgian Quadrupel
Limburgse Witte Peach & Mango,3.1,Belgium,3.14,Brouwerij Cornelissen,4.2,Wheat Beer - Fruited,330ml,330,9.39,Wheat Beer
Sour Station Raspberry,3.1,Czech Republic,3.54,Axiom Brewery,4.5,Sour - Fruited Berliner Weisse,Can 330ml,330,9.39,Sour
Vicaris Generaal,3.1,Belgium,3.48,Brouwerij Dilewyns,8.5,Belgian Strong Dark Ale,330ml,330,9.39,Belgian Strong Dark Ale
Opsteker,3.1,Netherlands,3.46,Gudzekop,6.4,Belgian Blonde,330ml,330,9.39,Belgian Blonde
Bokbier 4-Granen Bok,3.1,Netherlands,3.39,Jopen,6.5,Bock - Single / Traditional,Can 330ml,330,9.39,Bock
Jailhouse Blog,3.1,Poland,3.71,Browar Trójmiejski Lubrow,5.2,Sour - Other,Can 330ml,330,9.39,Sour
Sancti Adalberti Egmondse Blonde,3.1,Netherlands,3.33,Brouwerij Egmond,5.7,Blonde / Golden Ale - Other,330ml,330,9.39,Blonde / Golden Ale
Duvel Tripel Hop Cashmere,3.1,Belgium,3.61,Duvel Moortgat,9.5,IPA - Belgian,330ml,330,9.39,IPA
IPA,3.1,France,3.22,Brasserie Goudale - Les Brasseurs de Gayant,7.2,IPA - Belgian,330ml,330,9.39,IPA
FF Lekker Met Je Bek in het Zonnetje Session IPA,3.1,Netherlands,3.43,Uiltje Brewing Company,3.6,IPA - Session,Can 330ml,330,9.39,IPA
Monster Soup DB,3.1,Netherlands,3.51,Butcher’s Tears,4.5,Brown Ale - English,330ml,330,9.39,Brown Ale
Pils Française BIO,3.1,France,3.41,Effet Papillon,4.5,Pilsner - Other,330ml,330,9.39,Pilsner
Hopulair,3.1,Belgium,3.41,Skøllmann,6.0,IPA - American,330ml,330,9.39,IPA
Limburgse Witte True Original,3.1,Belgium,3.47,Brouwerij Cornelissen,5.0,Wheat Beer - Witbier / Blanche,330ml,330,9.39,Wheat Beer
Pilsner,3.1,Austria,3.45,Brauhaus Bevog,4.2,Pilsner - German,330ml,330,9.39,Pilsner
Whitebait American Wheat Ale,3.1,Netherlands,3.31,De Kromme Haring,4.5,Wheat Beer - American Pale Wheat,Can 330ml,330,9.39,Wheat Beer
Schelde Hop Ruiter,3.1,Belgium,3.61,Scheldebrouwerij,8.0,Belgian Tripel,330ml,330,9.39,Belgian Tripel
B3 Driegranen Tripel,3.1,Netherlands,3.46,Berging Brouwerij,8.4,Belgian Tripel,330ml,330,9.39,Belgian Tripel
Westmalle Triple,3.1,Belgium,3.81,Brouwerij der Trappisten van Westmalle,9.5,Belgian Tripel,330ml,330,9.39,Belgian Tripel
Limburgse Witte Rosé,3.1,Belgium,3.31,Brouwerij Cornelissen,3.5,Fruit Beer,330ml,330,9.39,Fruit Beer
Brugse Bok (2024),3.1,Belgium,3.45,Brouwerij De Halve Maan,6.0,Bock - Single / Traditional,330ml,330,9.39,Bock
150 (groen),3.1,Belgium,3.75,Bières de Chimay,10.0,Belgian Strong Golden Ale,330ml,330,9.39,Belgian Strong Golden Ale
Pannepot Vintage 2022,3.1,Belgium,3.94,De Struise Brouwers,10.0,Belgian Strong Dark Ale,330ml,330,9.39,Belgian Strong Dark Ale
Handlanger Double IPA Blik SB,3.1,Netherlands,3.61,KOMPAAN Dutch Craft Beer Company,8.2,IPA - Imperial / Double,330ml,330,9.39,IPA
IPA AAP,3.1,Netherlands,3.4,Guilty Monkey Brewery,6.6,IPA - American,330ml,330,9.39,IPA
I Don't give a Sip,3.1,Estonia,3.36,Anderson's Craft Beer,6.1,Pumpkin / Yam Beer,330ml,330,9.39,Pumpkin / Yam Beer
Sterke Blonde (Glutenvrij),3.1,Netherlands,3.41,Brouwerij Klein Duimpje,7.2,Blonde / Golden Ale - Other,330ml,330,9.39,Blonde / Golden Ale
Het Blonde Hert Blond,3.1,Netherlands,3.44,Bennebroecks,5.5,Blonde / Golden Ale - Other,330ml,330,9.39,Blonde / Golden Ale
Ants Pants,3.1,Belgium,3.04,Brouwerij 't Verzet,4.8,Porter - English,330ml,330,9.39,Porter
Turf ‘N Surf Salted Tripel,3.1,Netherlands,3.41,vandeStreek bier,7.5,Belgian Tripel,330ml,330,9.39,Belgian Tripel
Trêve,3.1,France,3.81,Sacrilège,5.4,Farmhouse Ale - Saison,330ml,330,9.39,Farmhouse Ale
Borderline,3.1,France,3.54,Azimut Brasserie,4.5,IPA - Session,330ml,330,9.39,IPA
Bommen & Granaten Barleywine,3.1,Netherlands,3.82,Brouwerij de Molen,11.0,Barleywine - Other,330ml,330,9.39,Barleywine
Citra Rye IPA,3.1,Netherlands,3.48,Brouwerij Pronck,5.0,IPA - Rye,330ml,330,9.39,IPA
Les Perles du Homard,3.1,Netherlands,3.54,De Kromme Haring,8.0,Farmhouse Ale - Saison,330ml,330,9.39,Farmhouse Ale
Bokkienator Dubbelbock,3.1,Netherlands,3.46,BE+ER,8.0,Bock - Doppelbock,330ml,330,9.39,Bock
Blanche Lime Basilic,3.1,France,3.5,Azimut Brasserie,4.5,Wheat Beer - Witbier / Blanche,330ml,330,9.39,Wheat Beer
HEMP,3.1,Netherlands,3.07,Berging Brouwerij,5.2,Spiced / Herbed Beer,330ml,330,9.39,Spiced / Herbed Beer
Eilandkriebel,3.1,Netherlands,3.36,Tesselaar Familiebrouwerij Diks,6.4,Blonde / Golden Ale - Other,330ml,330,9.39,Blonde / Golden Ale
vandeStreek Hazy Weekend,3.1,Netherlands,3.62,vandeStreek bier,6.6,IPA - New England / Hazy,Can 330ml,330,9.39,IPA
Tesselaar Strandstruner,3.1,Netherlands,3.47,Tesselaar Familiebrouwerij Diks,5.5,Wheat Beer - Other,330ml,330,9.39,Wheat Beer
Witbier,3.1,France,3.55,Pragmatic,4.5,Wheat Beer - Witbier / Blanche,330ml,330,9.39,Wheat Beer
Tripel,3.1,Netherlands,3.62,Brouwerij Artemis,8.5,Belgian Tripel,330ml,330,9.39,Belgian Tripel
Tripel,3.1,Netherlands,3.55,Grutte Pier Brouwerij,7.5,Belgian Tripel,330ml,330,9.39,Belgian Tripel
Colombo,3.1,Belgium,3.44,Rimor Brewery,6.4,Belgian Blonde,330ml,330,9.39,Belgian Blonde
Lervig  FYR OPP!  No Worries Yuzu 0.5,3.1,Norway,3.17,LERVIG,0.5,Non-Alcoholic - IPA,Can 330ml,330,9.39,Non-Alcoholic
IJbräu,3.1,Netherlands,3.48,Brouwerij 't IJ,6.5,Wheat Beer - Dunkelweizen,330ml,330,9.39,Wheat Beer
Tamera,3.1,Belgium,3.56,Enigma,9.0,Belgian Tripel,330ml,330,9.39,Belgian Tripel
Gebrouwen door Vrouwen Tricky Tripel,3.1,Netherlands,3.51,Gebrouwen Door Vrouwen,7.8,Belgian Tripel,330ml,330,9.39,Belgian Tripel
Duchesse Chocolate Cherry,3.1,Belgium,3.9,Brouwerij Verhaeghe,6.8,Sour - Flanders Red Ale,330ml,330,9.39,Sour
Grunnegs Gold,3.1,Netherlands,3.57,Floem,8.8,Belgian Tripel,330ml,330,9.39,Belgian Tripel
Johannieter,3.1,Netherlands,3.54,Jopen,9.0,Bock - Weizendoppelbock,330ml,330,9.39,Bock
Herkenrode Abbey Cister,3.1,Belgium,3.41,Brouwerij Cornelissen,6.5,Belgian Blonde,330ml,330,9.39,Belgian Blonde
Eigenzinnige Herfstbok,3.1,Netherlands,3.44,BE+ER,6.5,Bock - Single / Traditional,330ml,330,9.39,Bock
Kerel Bière De Garde,3.1,Belgium,3.36,VBDCK Brewery,7.0,Farmhouse Ale - Bière de Garde,330ml,330,9.39,Farmhouse Ale
Puck V2,3.1,Netherlands,3.47,Kaapse Brouwers,5.5,Sour - Fruited,330ml,330,9.39,Sour
Straffe Hendrik Brugs Tripel Bier,3.1,Belgium,3.76,Brouwerij De Halve Maan,9.0,Belgian Tripel,330ml,330,9.39,Belgian Tripel
Marle,3.1,Netherlands,3.42,Brouwerij Poesiat & Kater,6.0,Belgian Blonde,330ml,330,9.39,Belgian Blonde
Meester Blond,3.1,Belgium,3.32,Brewery De Meester,7.5,IPA - Belgian,330ml,330,9.39,IPA
St Feuillien Blonde,3.1,Belgium,3.49,Brasserie St-Feuillien,7.5,Belgian Strong Golden Ale,330ml,330,9.39,Belgian Strong Golden Ale
De Molen Dag & Dauw,3.1,Netherlands,3.59,Brouwerij de Molen,7.1,IPA - Fruited,330ml,330,9.39,IPA
Siren Hypernova,4.13,England,3.43,Siren Craft Brew,3.8,Pilsner - German,Can 440ml,440,9.39,Pilsner
Bitter Simonds 1880,4.7,England,3.82,The Kernel Brewery,6.5,Bitter - Extra Special / Strong (ESB),Bottle 500ml,500,9.4,Bitter
Moana,4.7,Poland,3.84,Funky Fluid,6.6,IPA - New England / Hazy,Can 500ml,500,9.4,IPA
A London Porter,4.7,England,4.06,The Kernel Brewery,5.3,Porter - English,Bottle 500ml,500,9.4,Porter
Schlenkerla Rauchbier Weizen,4.7,Germany,3.55,"Schlenkerla (""Heller-Bräu"" Trum)",5.2,Rauchbier,Bottle 500ml,500,9.4,Rauchbier
Pale Ale Summit,4.7,England,3.81,The Kernel Brewery,5.5,Pale Ale - American,Bottle 500ml,500,9.4,Pale Ale
Helles,4.7,Germany,3.45,"Schlenkerla (""Heller-Bräu"" Trum)",4.3,Lager - Helles,Bottle 500ml,500,9.4,Lager
Andechs Spezial Hell,4.7,Germany,3.52,Klosterbrauerei Andechs,5.9,Festbier,500ml,500,9.4,Festbier
Augustiner Weissbier,4.7,Germany,3.67,Augustiner-Bräu München,5.4,Wheat Beer - Hefeweizen,500ml,500,9.4,Wheat Beer
Peche Lambicus,2.35,Belgium,3.49,Brewery John Martin & Brewery Timmermans,4.0,Lambic - Fruit,Bottle 250ml,250,9.4,Lambic
Svatováclavská 13,4.7,Czech Republic,3.7,Vinohradský pivovar,4.5,Pilsner - Czech / Bohemian,500ml,500,9.4,Pilsner
Stu Mostow WRCLW Pszeniczny,4.7,Poland,3.49,WRCLW,5.0,Wheat Beer - Hefeweizen,500ml,500,9.4,Wheat Beer
Cuvee des Trolls,2.35,Belgium,3.47,Brasserie Dubuisson,7.0,Belgian Blonde,Bottle 250ml,250,9.4,Belgian Blonde
Pale Ale Rakau,4.7,England,3.72,The Kernel Brewery,5.8,Pale Ale - American,Bottle 500ml,500,9.4,Pale Ale
Full Sprint,4.7,Romania,3.93,Hop Hooligans,4.0,IPA - Session,Can 500ml,500,9.4,IPA
Pinta / Mount - Hazy Discovery Mount Maunganui,4.7,Poland,3.97,Browar PINTA,6.5,IPA - New England / Hazy,Can 500ml,500,9.4,IPA
Fantastic Voyage,4.7,Poland,3.73,Funky Fluid,6.2,IPA - American,Can 500ml,500,9.4,IPA
Lagerbier,4.7,England,3.78,The Kernel Brewery,5.2,Lager - Helles,Bottle 500ml,500,9.4,Lager
Lite Pilsner,4.7,Norway,2.93,LERVIG,4.5,Gluten-Free,Can 500ml,500,9.4,Gluten-Free
Rothaus Hefe-Weizen 5L Mini Keg,47.0,Germany,3.59,Badische Staatsbrauerei Rothaus,5.1,Wheat Beer - Hefeweizen,5000ml,5000,9.4,Wheat Beer
Tegernseer Spezial,4.7,Germany,3.6,Herzoglich Bayerisches Brauhaus Tegernsee,5.6,Lager - Dortmunder / Export,500ml,500,9.4,Lager
Mahrs Brau Helles,4.7,Germany,3.52,Mahr's Bräu,4.9,Lager - Helles,500ml,500,9.4,Lager
Hop Session,3.11,Hungary,3.42,HORIZONT Brewing,4.0,IPA - Session,330ml,330,9.42,IPA
Citrus giveaway - Grapefruit & Pomegranate,4.71,Poland,3.64,Magic Road,4.2,Sour - Fruited,Can 500ml,500,9.42,Sour
Mad Light,3.11,Hungary,3.45,Mad Scientist,4.4,IPA - Session,330ml,330,9.42,IPA
Schlenkerla Marzen Rauchbier MINI KEG,47.1,Germany,3.48,"Schlenkerla (""Heller-Bräu"" Trum)",10.0,Rauchbier,5000ml,5000,9.42,Rauchbier
Brain Dance,3.11,Hungary,3.49,Reketye Brewing Co.,3.7,Sour - Berliner Weisse,Can 330ml,330,9.42,Sour
Reinventing Fear,6.6,Wales,4.02,Polly's Brew Co.,6.5,IPA - New England / Hazy,700ml,700,9.43,IPA
Völgy Honey Lager,4.15,Hungary,3.62,Brew Your Mind,7.0,Honey Beer,Can 440ml,440,9.43,Honey Beer
Asterion,4.72,Croatia,3.78,Pulfer Brewery,6.1,IPA - New England / Hazy,500ml,500,9.44,IPA
Verzet Oud Bruin,3.12,Belgium,3.59,Brouwerij 't Verzet,6.0,Sour - Flanders Oud Bruin,330ml,330,9.45,Sour
Easy A,3.13,Hungary,3.5,HORIZONT Brewing,4.5,Pale Ale - American,330ml,330,9.48,Pale Ale
Rozenlambiek,29.39,Belgium,3.68,Oud Beersel,6.8,Lambic - Other,3100ml,3100,9.48,Lambic
Moesjke Blond,3.13,Belgium,3.32,Bierfirma Ultima,6.9,Belgian Blonde,330ml,330,9.48,Belgian Blonde
Special Export,3.13,Ireland,3.51,Guinness,8.0,Stout - Foreign / Export,330ml,330,9.48,Stout
Moesjke Tripple (T.H.T.: 30/06/2024),3.13,Belgium,3.44,Bierfirma Ultima,8.5,Belgian Tripel,330ml,330,9.48,Belgian Tripel
Struise Pannepot 2023,3.13,Belgium,3.92,De Struise Brouwers,10.0,Belgian Strong Dark Ale,330ml,330,9.48,Belgian Strong Dark Ale
La Trappe Witte Trappist,3.13,Netherlands,3.6,Bierbrouwerij De Koningshoeven,7.0,Wheat Beer - Witbier / Blanche,330ml,330,9.48,Wheat Beer
Hazy Little Thing IPA,5.39,United States,3.78,Sierra Nevada Brewing Co.,6.7,IPA - New England / Hazy,568ml,568,9.49,IPA
Creatures of Magic,4.49,United States,4.05,Burlington Beer Company,6.5,IPA - New England / Hazy,473ml,473,9.49,IPA
Fruitlands,4.49,United States,3.81,Modern Times Beer,4.8,Sour - Fruited Gose,Can 473ml,473,9.49,Sour
Uncanny Valley,4.49,United States,4.05,Burlington Beer Company,7.0,IPA - New England / Hazy,473ml,473,9.49,IPA
Orderville,4.49,United States,3.92,Modern Times Beer,7.2,IPA - New England / Hazy,Can 473ml,473,9.49,IPA
White [ can],4.49,United States,3.75,Allagash Brewing Company,5.2,Wheat Beer - Witbier / Blanche,473ml,473,9.49,Wheat Beer
Secret Safari,4.49,United States,3.71,Abnormal Beer Co.,5.0,Pale Ale - American,473ml,473,9.49,Pale Ale
Light In The Window,4.49,United States,3.88,Burlington Beer Company,5.9,IPA - Rye,473ml,473,9.49,IPA
Green Yield,4.49,United States,4.07,The Drowned Lands Brewery,7.2,IPA - New England / Hazy,473ml,473,9.49,IPA
Bourbon Barrel Aged Cider,4.75,Netherlands,3.39,Elegast Cidery,6.5,Cider - Dry,500ml,500,9.5,Cider
Golden Spear Blonde,4.75,Ireland,3.54,Killarney Brewing Company,4.8,Blonde / Golden Ale - Other,500ml,500,9.5,Blonde / Golden Ale
Prophecy Of The Hops (bbf: 09-06-25),4.75,Austria,3.7,Brauhaus Bevog,4.3,IPA - Session,500ml,500,9.5,IPA
Full Circle,4.75,Ireland,3.69,Killarney Brewing Company,5.0,IPA - American,500ml,500,9.5,IPA
Steinbier Original,4.75,Germany,3.34,Brauhaus Leikeim,5.8,Historical Beer - Steinbier,500ml,500,9.5,Historical Beer
Salty Lemon,3.14,Sweden,3.74,Brewski,4.7,Sour - Fruited Berliner Weisse,Can 330ml,330,9.52,Sour
Alman's Pils,4.19,Germany,3.51,Yankee & Kraut,4.9,Pilsner - German,Can 440ml,440,9.52,Pilsner
Heimathafen Erfurter Urbier Brown Ale,3.14,Germany,,Heimathafen - Erfurter Braumanufaktur,5.5,Historical Beer - Other,330ml,330,9.52,Historical Beer
Boer Bloem,3.14,Belgium,3.03,De Proefbrouwerij,0.3,Non-Alcoholic - Other,330ml,330,9.52,Non-Alcoholic
Arpus Brewing Co. Double-decoction Spalter Select Pilsner,4.19,United States,3.55,Big Storm Brewing Co.,6.2,IPA - American,Can 440ml,440,9.52,IPA
Blonde Boei,3.14,Netherlands,3.55,Stadsbrouwerij 013,5.0,Belgian Tripel,330ml,330,9.52,Belgian Tripel
Brewing Onda Angelica,4.19,France,3.71,The Piggy Brewing Company,4.8,Pale Ale - New England / Hazy,Can 440ml,440,9.52,Pale Ale
Brunehaut Triple,3.14,Belgium,3.32,Brasserie de Brunehaut,8.0,Gluten-Free,330ml,330,9.52,Gluten-Free
BIO Friedensbier Golden Ale,3.14,Germany,3.44,Finne Brauerei,5.2,Wheat Beer - Hefeweizen,330ml,330,9.52,Wheat Beer
B2 Biscuit Blond,3.14,Netherlands,3.35,Berging Brouwerij,5.0,Belgian Blonde,330ml,330,9.52,Belgian Blonde
Pauwel Kwak Rouge,3.14,Belgium,3.34,Brouwerij Bosteels,8.0,Fruit Beer,330ml,330,9.52,Fruit Beer
Brique House / Au Baron Hello Darkness,7.15,France,3.53,Brique House Brewery,4.6,Farmhouse Ale - Saison,Bottle 750ml,750,9.53,Farmhouse Ale
Léto 2024,4.77,Czech Republic,3.79,Sibeeria,4.1,IPA - Session,Can 500ml,500,9.54,IPA
PMA,4.2,England,3.58,Moor Beer Company,5.3,Pale Ale - American,Can 440ml,440,9.55,Pale Ale
Rhubarbra Streisand,4.2,England,3.58,Brew York,5.5,Pale Ale - Fruited,Can 440ml,440,9.55,Pale Ale
Koyt,3.15,Netherlands,3.43,Jopen,8.5,Historical Beer - Gruit / Ancient Herbed Ale,330ml,330,9.55,Historical Beer
Bohemian Pilsner – Pilsner,3.15,Germany,3.31,Brauerei Lemke,5.0,Pilsner - Czech / Bohemian,330ml,330,9.55,Pilsner
Pop Hop Boogie Blond,3.15,Netherlands,3.4,POPHOP,6.0,Blonde / Golden Ale - Other,330ml,330,9.55,Blonde / Golden Ale
ROTT. Kaapse,3.15,Netherlands,3.25,Kaapse Brouwers/ ROTT. Brouwers,4.7,Lager - Dark,330ml,330,9.55,Lager
Heeren Van Swieten Blond,3.15,Netherlands,3.42,Brouwerij De 12 Stuyvers,6.0,Belgian Blonde,330ml,330,9.55,Belgian Blonde
Barrel West-Fries Dunkelweizen,3.15,Netherlands,3.18,De Bierbroeders,5.5,Wheat Beer - Dunkelweizen,330ml,330,9.55,Wheat Beer
All Systems Down,4.2,England,3.64,Full Circle Brew Co,4.5,Stout - Oatmeal,Can 440ml,440,9.55,Stout
Bird of Prey IPA,3.15,Netherlands,3.6,Uiltje Brewing Company,5.8,IPA - American,Can 330ml,330,9.55,IPA
The Pine Ridge The Outrageous Oysters Stout,4.2,Sweden,3.39,The Pine Ridge Brewery,4.8,Stout - Oyster,Can 440ml,440,9.55,Stout
When Life Gives You Hops 2023,3.15,Belgium,3.51,FoxTown Beer Crew,7.0,IPA - American,330ml,330,9.55,IPA
Straffe Hendrik Wild 2024,3.15,Belgium,3.52,Brouwerij De Halve Maan,10.0,Brett Beer,330ml,330,9.55,Brett Beer
Happy Christmas!,4.2,England,3.36,Cloudwater Brew Co.,3.4,Pale Ale - Fruited,Can 440ml,440,9.55,Pale Ale
Triple Extra,3.15,Belgium,3.76,Abbaye Notre-Dame de Saint-Rémy,8.1,Belgian Tripel,330ml,330,9.55,Belgian Tripel
Cult,4.2,England,3.55,Mash Gang,0.5,Non-Alcoholic - Pale Ale,Can 440ml,440,9.55,Non-Alcoholic
Breugem High Five,3.15,Netherlands,3.57,Breugem Bier,7.9,Belgian Tripel,330ml,330,9.55,Belgian Tripel
Tripel Biologisch Glutenvrij,3.15,Belgium,3.32,Brasserie de Brunehaut,8.0,Gluten-Free,330ml,330,9.55,Gluten-Free
Quince Naturel Cider,3.15,Estonia,3.68,Jaanihanso,5.5,Cider - Other Fruit,330ml,330,9.55,Cider
Rosé Naturel Cider,3.15,Estonia,3.68,Jaanihanso,5.5,Cider - Rosé,330ml,330,9.55,Cider
RHEUM Naturel,3.15,Estonia,3.68,Jaanihanso,5.5,Cider - Other Fruit,Can 330ml,330,9.55,Cider
Grain Game Wheat Tripel,3.15,Netherlands,3.51,vandeStreek bier,7.5,Belgian Tripel,Can 330ml,330,9.55,Belgian Tripel
La Vie En Rose,3.15,Belgium,3.42,Brouwerij De Dochter van de Korenaar,5.0,Wheat Beer - Witbier / Blanche,330ml,330,9.55,Wheat Beer
Crabbies Ginger Beer,3.15,Scotland,3.46,John Crabbie & Co,4.0,Hard Ginger Beer,330ml,330,9.55,Hard Ginger Beer
Sorbetto: Strawberry Cherry Lime,4.2,Germany,3.62,Pastore,0.5,Pilsner - Other,Can 440ml,440,9.55,Pilsner
Kloosterbier Dubbelblond,3.15,Netherlands,3.45,Brouwerij Kleiburg,7.3,Belgian Strong Golden Ale,330ml,330,9.55,Belgian Strong Golden Ale
Belle Fleur,3.15,Belgium,3.63,Brouwerij De Dochter van de Korenaar,6.0,IPA - Belgian,330ml,330,9.55,IPA
Lost & Grounded Fest Bier,4.2,England,3.75,Lost and Grounded Brewers,5.6,Festbier,Can 440ml,440,9.55,Festbier
An Lager Waltz,3.15,Netherlands,3.31,100 Watt Brewery,5.0,Lager - Vienna,330ml,330,9.55,Lager
Hoop,4.2,England,3.61,Full Circle Brew Co,5.5,Gluten-Free,Can 440ml,440,9.55,Gluten-Free
Brouwerij de Bie Winter Bie,3.15,Belgium,3.34,Brouwerij De Bie,8.0,Winter Warmer,330ml,330,9.55,Winter Warmer
v. Vollenhoven & Co Bokbier,3.15,Netherlands,3.31,Brouwerij Poesiat & Kater,6.5,Bock - Single / Traditional,330ml,330,9.55,Bock
Tropical Ralphie Weizen,3.15,Netherlands,3.46,Two Chefs Brewing,5.0,Wheat Beer - Hefeweizen,Can 330ml,330,9.55,Wheat Beer
Le Phallus,3.15,Netherlands,3.31,Vet & Lazy,6.3,Porter - English,330ml,330,9.55,Porter
Wazig New England IPA,3.15,Netherlands,3.48,Bruut Bier,5.0,IPA - New England / Hazy,330ml,330,9.55,IPA
"Popihn | Gose Fleur de Sel / Coriandre | 4,6%",4.2,France,3.81,Popihn,4.6,Sour - Traditional Gose,Can 440ml,440,9.55,Sour
AF Margarita Gose,4.2,England,3.77,Cloudwater Brew Co.,0.5,Non-Alcoholic - Sour,Can 440ml,440,9.55,Non-Alcoholic
Gajes Dry Hopped Tripel,3.15,Netherlands,3.63,Bruut Bier,8.0,Belgian Tripel,330ml,330,9.55,Belgian Tripel
AF Pink Grapefruit Radler,4.2,England,3.76,Cloudwater Brew Co.,0.5,Non-Alcoholic - Shandy / Radler,Can 440ml,440,9.55,Non-Alcoholic
Zeeuwse Lust,3.15,Netherlands,3.39,Brouwerij Kees,5.0,Wheat Beer - Hefeweizen,330ml,330,9.55,Wheat Beer
Reise X Schiling Brewing,4.2,England,3.85,Track Brewing Company,5.6,Lager - Munich Dunkel,Can 440ml,440,9.55,Lager
Keller Pils,4.2,England,3.47,Lost and Grounded Brewers,4.8,Kellerbier / Zwickelbier,Can 440ml,440,9.55,Kellerbier / Zwickelbier
Proud To Be Blackberrie Stout Glutenvrij,3.15,Netherlands,3.52,Brouwerij Klein Duimpje,11.0,Stout - Russian Imperial,330ml,330,9.55,Stout
Alhambra Reserva Roja,3.15,Spain,3.48,Grupo Cervezas Alhambra,7.2,Bock - Single / Traditional,330ml,330,9.55,Bock
St. Louis Premium Gueuze,2.39,Belgium,3.23,Kasteel Brouwerij Vanhonsebrouck,4.5,Lambic - Gueuze,Bottle 250ml,250,9.56,Lambic
Classic| Rodenbach (BE),2.39,Belgium,3.45,Brouwerij Rodenbach,5.2,Sour - Flanders Red Ale,Bottle 250ml,250,9.56,Sour
Dubbel,4.5,Netherlands,3.48,Sion Kloosterbier,7.0,Belgian Dubbel,Can 470ml,470,9.57,Belgian Dubbel
Gorgeous Romania,4.79,Poland,3.86,Magic Road,5.5,Sour - Smoothie / Pastry,500ml,500,9.58,Sour
Soulfly - Prophecy of the Hops,4.79,Austria,3.7,Brauhaus Bevog,4.3,IPA - Session,500ml,500,9.58,IPA
"Beauty – Blueberries, Blackcurrant & Vanilla",4.79,Poland,3.74,Magic Road,5.0,Sour - Smoothie / Pastry,500ml,500,9.58,Sour
Soulfly – Prophecy of the Hops,4.79,Austria,3.7,Brauhaus Bevog,4.3,IPA - Session,500ml,500,9.58,IPA
Mistrzowskie Gose,4.79,Poland,3.49,Kultowy Browar Staropolski,4.6,Sour - Fruited Gose,500ml,500,9.58,Sour
Kriek,3.55,Belgium,3.53,Brouwerij Boon,25.0,Lambic - Kriek,Bottle 370ml,370,9.59,Lambic
Ghostface,4.8,Poland,4.05,Funky Fluid,9.1,IPA - Triple New England / Hazy,Can 500ml,500,9.6,IPA
Rauchbier Marzen,4.8,Germany,3.48,"Schlenkerla (""Heller-Bräu"" Trum)",5.1,Rauchbier,Bottle 500ml,500,9.6,Rauchbier
Lervig - Hoppy Holiday Haze,4.8,Norway,3.55,LERVIG,4.7,Pale Ale - Milkshake,500ml,500,9.6,Pale Ale
Cassis Lambic Beer,2.4,Belgium,3.63,Brouwerij Lindemans,3.5,Lambic - Fruit,Bottle 250ml,250,9.6,Lambic
Export India Porter,4.8,England,3.83,The Kernel Brewery,6.1,Porter - Other,Bottle 500ml,500,9.6,Porter
Aecht Schlenkerla Rauchbier Helles Lagerbier,4.8,Germany,3.48,"Schlenkerla (""Heller-Bräu"" Trum)",4.3,Lager - Helles,Bottle 500ml,500,9.6,Lager
Hefe-Weissbier,4.8,Germany,3.67,Paulaner Brauerei,5.5,Wheat Beer - Hefeweizen,500ml,500,9.6,Wheat Beer
SMOOTHIE BOWL - BLACK PARROT,4.8,Poland,3.91,Browar Nepomucen,5.3,Sour - Smoothie / Pastry,500ml,500,9.6,Sour
Mosaic,4.8,Czech Republic,3.65,Rodinný Pivovar Zichovec,5.1,Pale Ale - American,500ml,500,9.6,Pale Ale
Schneider Bayrisch Hell,4.8,Germany,3.52,Schneider's Landbrauerei,4.9,Lager - Helles,Bottle 500ml,500,9.6,Lager
Piña Colada Pleasure,4.8,Poland,3.84,Moczybroda,8.8,Sour - Smoothie / Pastry,Can 500ml,500,9.6,Sour
Weissbier,4.8,Germany,3.67,Augustiner-Bräu München,5.4,Wheat Beer - Hefeweizen,Bottle 500ml,500,9.6,Wheat Beer
Schneider Weisse tap 7 Unser Original,4.8,Germany,3.66,Schneider Weisse G. Schneider & Sohn,5.4,Wheat Beer - Hefeweizen,Bottle 500ml,500,9.6,Wheat Beer
Hofbräu Dunkel,4.8,Germany,3.7,Staatliches Hofbräuhaus München,5.5,Lager - Munich Dunkel,Bottle 500ml,500,9.6,Lager
Hazy Discovery Lübeck,4.8,Poland,3.84,Browar PINTA,6.5,IPA - New England / Hazy,500ml,500,9.6,IPA
Sour Station Black Currant,3.17,Czech Republic,3.62,Axiom Brewery,4.5,Sour - Fruited Berliner Weisse,Can 330ml,330,9.61,Sour
La Mule Hefe Weisse,3.17,Belgium,3.45,Brasserie de la Mule,5.4,Wheat Beer - Hefeweizen,330ml,330,9.61,Wheat Beer
Giant Step,3.85,Italy,3.83,CRAK Brewery,7.5,IPA - American,400ml,400,9.62,IPA
Oude Geuze,7.22,Belgium,3.98,Hanssens Artisanaal,6.0,Lambic - Gueuze,Bottle 750ml,750,9.63,Lambic
Gouveneur Dubbel,2.89,Netherlands,3.28,Lindeboom,6.5,Belgian Dubbel,300ml,300,9.63,Belgian Dubbel
Cherry Wood Lambic,29.89,Belgium,3.79,Oud Beersel,6.8,Lambic - Other,3100ml,3100,9.64,Lambic
Rabarberlambiek,29.89,Belgium,3.75,Oud Beersel,5.0,Lambic - Other,3100ml,3100,9.64,Lambic
Round & Round,4.25,Bulgaria,3.57,Metalhead,4.8,Lager - Helles,Can 440ml,440,9.66,Lager
Helles Oak Aged,4.25,Germany,3.73,Blech.Brut 8 Bit,5.0,Lager - Helles,Can 440ml,440,9.66,Lager
Mango Bay,4.25,Hungary,3.66,Mad Scientist,5.2,Pale Ale - Milkshake,Can 440ml,440,9.66,Pale Ale
Racer 5,3.43,United States,3.84,Bear Republic Brewing Co.,7.5,IPA - American,355ml,355,9.66,IPA
Imperial IPA,4.25,Germany,3.67,Camba Bavaria,8.9,IPA - Imperial / Double,Can 440ml,440,9.66,IPA
Passion for Session,4.25,Netherlands,3.47,Brouwerij Kees,4.5,IPA - Session,Can 440ml,440,9.66,IPA
Pitch Shifter,4.25,England,3.61,Neon Raptor Brewing Co.,4.2,Stout - Irish Dry,Can 440ml,440,9.66,Stout
Weekend Vibes,3.43,United States,3.79,Coronado Brewing Company,6.8,IPA - American,355ml,355,9.66,IPA
Twilight Cucudile,4.25,Hungary,3.67,FIRST Craft Beer,4.0,Sour - Fruited,Can 440ml,440,9.66,Sour
Hazy Jane NEIPA Alkoholfrei,3.19,Scotland,3.67,BrewDog,5.0,IPA - New England / Hazy,330ml,330,9.67,IPA
Implosion Lager,3.19,Denmark,2.95,To Øl,0.5,Non-Alcoholic - Lager,330ml,330,9.67,Non-Alcoholic
Jai Alai,3.19,United States,3.92,Cigar City Brewing,7.5,IPA - American,330ml,330,9.67,IPA
Wild Zealand,3.19,Denmark,3.39,Copenhagen Commons,5.9,Pale Ale - Other,330ml,330,9.67,Pale Ale
Blurred Lines NEIPA,7.25,Netherlands,3.65,Jopen,5.3,IPA - New England / Hazy,Bottle 750ml,750,9.67,IPA
IPA,3.19,Netherlands,3.37,Trots Rotterdams Bier,6.5,IPA - American,330ml,330,9.67,IPA
VielleichtAthlet Session Lager,3.19,Germany,3.42,Mashsee Brauerei,3.6,Lager - Pale,330ml,330,9.67,Lager
Au Baron Saison Baron Prune,7.25,France,3.84,Brasserie au Baron,6.0,Farmhouse Ale - Saison,Bottle 750ml,750,9.67,Farmhouse Ale
Nittenauer Le Chauffeur alkoholfrei IPA,3.19,Germany,3.44,Brauhaus Nittenau,0.38,Non-Alcoholic - IPA,330ml,330,9.67,Non-Alcoholic
"Duvel 6,66 Belgian Blond",3.19,Belgium,3.61,Duvel Moortgat,6.66,Belgian Blonde,330ml,330,9.67,Belgian Blonde
Lervig No Worries Alkoholfrei,3.19,Norway,3.19,LERVIG,0.5,Non-Alcoholic - IPA,330ml,330,9.67,Non-Alcoholic
Orca Brau/Freigeist Born To Be Free Pale Ale Radler Alkoholfrei,3.19,Germany,3.51,orca brau,0.5,Non-Alcoholic - Shandy / Radler,330ml,330,9.67,Non-Alcoholic
Blondt,3.19,Netherlands,3.46,Brouwerij Noordt,6.0,Blonde / Golden Ale - Other,330ml,330,9.67,Blonde / Golden Ale
Nittenauer IPA,3.19,Germany,3.59,Brauhaus Nittenau,7.2,IPA - American,330ml,330,9.67,IPA
Laine,3.19,Estonia,3.57,Pühaste Brewery,4.0,Pale Ale - New England / Hazy,330ml,330,9.67,Pale Ale
Wildwuchs Mucki Hop IPA BIO,3.19,Germany,3.4,Wildwuchs Brauwerk Hamburg,6.5,IPA - American,330ml,330,9.67,IPA
Farmhouse Rock,3.19,Netherlands,3.46,Jopen,7.0,Farmhouse Ale - Other,330ml,330,9.67,Farmhouse Ale
Chiron,3.19,England,3.57,Thornbridge Brewery,5.0,Pale Ale - American,330ml,330,9.67,Pale Ale
Au Baron / Sibeeria Saison Bohémienne,7.25,France,3.65,Brasserie au Baron,5.0,Farmhouse Ale - Saison,Bottle 750ml,750,9.67,Farmhouse Ale
Atomic Torpedo Imperial IPA,5.49,United States,3.87,Sierra Nevada Brewing Co.,9.2,IPA - Imperial / Double,568ml,568,9.67,IPA
Bird of Prey 0.2 IPA,3.19,Netherlands,3.3,Uiltje Brewing Company,0.2,Non-Alcoholic - IPA,330ml,330,9.67,Non-Alcoholic
Wildwuchs Wilde Holle Holunder Weiße,3.19,Germany,3.2,Wildwuchs Brauwerk Hamburg,1.5,Shandy / Radler,330ml,330,9.67,Shandy / Radler
Canceled Plans Hazy Session IPA,3.19,Germany,3.55,BRLO,3.8,IPA - Session,330ml,330,9.67,IPA
Grombaard,3.19,Netherlands,3.43,Tesselaar Familiebrouwerij Diks,5.0,Belgian Blonde,330ml,330,9.67,Belgian Blonde
Punk IPA alkoholfrei,3.19,Scotland,3.71,BrewDog,5.2,IPA - American,Can 330ml,330,9.67,IPA
Lervig No Worries Pineapple Alkoholfrei,3.19,Norway,3.12,LERVIG,0.5,Non-Alcoholic - IPA,330ml,330,9.67,Non-Alcoholic
Au Baron / Jester King Noblesse Oblige,7.25,France,3.67,Brasserie au Baron/ Jester King Brewery,4.7,Farmhouse Ale - Bière de Garde,Bottle 750ml,750,9.67,Farmhouse Ale
Gymnastic Flies,3.19,Estonia,3.69,Pühaste Brewery,6.9,IPA - American,330ml,330,9.67,IPA
Skipper,3.19,Estonia,3.72,Pühaste Brewery,6.0,IPA - New England / Hazy,330ml,330,9.67,IPA
Orca Brau Goldie Hell BIO,3.19,Germany,3.66,orca brau,4.8,Blonde / Golden Ale - Other,330ml,330,9.67,Blonde / Golden Ale
Bijles,3.19,Netherlands,3.23,De Bierklas,4.8,Belgian Blonde,330ml,330,9.67,Belgian Blonde
Weizenbock,3.19,Germany,3.37,Privatbrauerei Sander,6.8,Bock - Weizenbock,330ml,330,9.67,Bock
BlackBock,3.19,Netherlands,3.31,vandeStreek bier,6.0,Bock - Single / Traditional,330ml,330,9.67,Bock
NEIPA,3.19,Netherlands,3.71,Eggens,8.0,IPA - Imperial / Double New England / Hazy,330ml,330,9.67,IPA
Secret Santa,7.25,Denmark,3.45,Amager Bryghus,10.5,Belgian Quadrupel,Bottle 750ml,750,9.67,Belgian Quadrupel
Lervig No Worries Grapefruit Alkoholfrei,3.19,Norway,3.25,LERVIG,0.5,Non-Alcoholic - IPA,330ml,330,9.67,Non-Alcoholic
DakuWaqa,3.19,Netherlands,3.49,De Kromme Haring,6.0,IPA - White / Wheat,330ml,330,9.67,IPA
Lervig No Worries Mango Alkoholfrei,3.19,Norway,3.27,LERVIG,0.5,Non-Alcoholic - IPA,330ml,330,9.67,Non-Alcoholic
Lervig No Worries Wild Berries Alkoholfrei,3.19,Norway,2.85,LERVIG,0.5,Non-Alcoholic - IPA,330ml,330,9.67,Non-Alcoholic
Kuehn Kunz Rosen Gutenberg Bock Heller Doppelbock,3.19,Germany,3.59,KUEHN KUNZ ROSEN,8.5,Bock - Doppelbock,330ml,330,9.67,Bock
Superfreunde Pils,3.19,Germany,3.33,SUPERFREUNDE,4.8,Pilsner - German,330ml,330,9.67,Pilsner
Blanche,3.19,Belgium,3.69,Bières de Chimay,8.0,Belgian Tripel,330ml,330,9.67,Belgian Tripel
Waldmeister-Weisse,3.19,Germany,3.34,Brauerei Lemke,4.0,Sour - Berliner Weisse,330ml,330,9.67,Sour
Blond,3.19,Belgium,,Omer Vander Ghinste,8.0,Blonde / Golden Ale - Other,330ml,330,9.67,Blonde / Golden Ale
Lervig Ginger Beer,3.19,Norway,3.2,LERVIG,4.7,Hard Ginger Beer,330ml,330,9.67,Hard Ginger Beer
Nittenauer Lola Coffee Porter alkoholfrei,3.19,Switzerland,3.19,Lola,0.38,Non-Alcoholic - Porter / Stout,330ml,330,9.67,Non-Alcoholic
Ich Bin Raspberry,3.19,Denmark,3.62,Mikkeller,3.7,Sour - Fruited Berliner Weisse,330ml,330,9.67,Sour
Fuck My Life – Limited Edition,3.19,Netherlands,3.6,Guilty Monkey Brewery,10.0,Barleywine - Other,330ml,330,9.67,Barleywine
köbi Böck Schwarzes Bockbier,3.19,Germany,3.13,köbi – Königsbrunner Biermanufaktur,7.0,Bock - Single / Traditional,330ml,330,9.67,Bock
Duvel Belgian Golden Ale,3.19,Belgium,3.72,Duvel Moortgat,8.5,Belgian Strong Golden Ale,330ml,330,9.67,Belgian Strong Golden Ale
Winter Ale,6.29,United States,3.81,Fremont Brewing,8.0,Winter Ale,Bottle 650ml,650,9.68,Winter Ale
Vichtenaar,2.42,Belgium,3.12,Brouwerij Verhaeghe,5.1,Sour - Flanders Red Ale,Bottle 250ml,250,9.68,Sour
Blaugies / Hill Farmstead La Vermontoise,7.27,Belgium,3.8,Brasserie de Blaugies/ Hill Farmstead Brewery,6.0,Farmhouse Ale - Saison,Bottle 750ml,750,9.69,Farmhouse Ale
Blaugies La Moneuse Special Winter Ale,7.27,Belgium,3.61,Brasserie de Blaugies,8.0,Winter Ale,Bottle 750ml,750,9.69,Winter Ale
Blaugies Saison d'Epeautre,7.27,Belgium,3.72,Brasserie de Blaugies,6.0,Farmhouse Ale - Saison,Bottle 750ml,750,9.69,Farmhouse Ale
Blaugies Darbyste,7.27,Belgium,3.62,Brasserie de Blaugies,5.8,Farmhouse Ale - Saison,Bottle 750ml,750,9.69,Farmhouse Ale
Blaugies La Moneuse,7.27,Belgium,3.74,Brasserie de Blaugies,8.0,Farmhouse Ale - Saison,Bottle 750ml,750,9.69,Farmhouse Ale
Sancti Adalberti Rum Infused Tripel,3.2,Netherlands,3.54,Brouwerij Egmond,7.5,Belgian Tripel,330ml,330,9.7,Belgian Tripel
Weize Vos,3.2,Netherlands,3.5,Stadsbrouwerij Vos Elburg,5.4,Wheat Beer - Hefeweizen,330ml,330,9.7,Wheat Beer
Heisse Weißen,3.2,Netherlands,3.27,Dorpsbrouwerij de Pimpelmeesch,5.5,Wheat Beer - Hefeweizen,330ml,330,9.7,Wheat Beer
Pilsner,3.2,Norway,3.16,LERVIG,4.7,Pilsner - Other,Bottle 330ml,330,9.7,Pilsner
Oro Verde,3.2,France,3.73,Brasserie de Clemery,5.0,Spiced / Herbed Beer,330ml,330,9.7,Spiced / Herbed Beer
Panty Stout,3.2,Netherlands,3.4,Oedipus Brewing,6.0,Stout - American,330ml,330,9.7,Stout
Pyszne Puwi,3.2,Poland,3.56,Browar Trójmiejski Lubrow,5.5,Sour - Smoothie / Pastry,Can 330ml,330,9.7,Sour
BIRD OF PREY,3.2,Netherlands,3.6,Uiltje Brewing Company,5.8,IPA - American,330ml,330,9.7,IPA
Kerel Organic Wit BIO,3.2,Belgium,3.3,VBDCK Brewery,6.6,Wheat Beer - Witbier / Blanche,330ml,330,9.7,Wheat Beer
Ada Xmas,3.2,Belgium,2.96,Beer Merchants,9.0,Non-Alcoholic - Porter / Stout,330ml,330,9.7,Non-Alcoholic
Dance Rave Dance,3.2,Belgium,3.55,Brasserie Surréaliste,4.2,IPA - Session,330ml,330,9.7,IPA
Lellebel,3.2,Netherlands,3.57,Brouwerij de Eeuwige Jeugd,5.7,Blonde / Golden Ale - Other,330ml,330,9.7,Blonde / Golden Ale
Floris Kriek,3.2,Belgium,3.53,Delirium - Huyghe Brewery,3.0,Wheat Beer - Fruited,330ml,330,9.7,Wheat Beer
150Watt Quadrupel,3.2,Netherlands,3.63,100 Watt Brewery,10.0,Belgian Quadrupel,330ml,330,9.7,Belgian Quadrupel
Bierbrouwerij VD Volendam VPA Volendam Pale Ale,3.2,Netherlands,,Brouwerij VD Volendam,5.5,IPA,330ml,330,9.7,IPA
Ada Raspberry Basilicum Saison,3.2,Belgium,3.44,Brouwerij de HopHemel,5.5,Farmhouse Ale - Saison,330ml,330,9.7,Farmhouse Ale
Carte Blanche,3.2,Belgium,3.64,Brouwerij Wolf,8.5,Belgian Strong Golden Ale,330ml,330,9.7,Belgian Strong Golden Ale
Watou - Tokyo,3.2,Belgium,3.48,Brouwerij St.Bernardus,6.0,Wheat Beer - Witbier / Blanche,330ml,330,9.7,Wheat Beer
150 Groen,3.2,Belgium,3.75,Bières de Chimay,10.0,Belgian Strong Golden Ale,330ml,330,9.7,Belgian Strong Golden Ale
Witbier,3.2,Netherlands,3.44,Thorns Wit,5.6,Wheat Beer - Witbier / Blanche,330ml,330,9.7,Wheat Beer
10,3.2,Belgium,3.68,Brouwerij Malheur,10.0,Belgian Strong Golden Ale,330ml,330,9.7,Belgian Strong Golden Ale
Stormbock (2024),3.2,Netherlands,3.65,Texelse Bierbrouwerij,10.0,Bock - Doppelbock,330ml,330,9.7,Bock
Schuppenboer Grand Cru,3.2,Belgium,3.67,Brouwerij Het Nest,10.0,Belgian Tripel,330ml,330,9.7,Belgian Tripel
Peace & Joy,3.2,Belgium,3.73,Brouwerij Alvinne,10.0,Winter Ale,330ml,330,9.7,Winter Ale
Kompaan Levensgenieter,3.2,Netherlands,3.57,KOMPAAN Dutch Craft Beer Company,4.5,IPA - New England / Hazy,330ml,330,9.7,IPA
Implosion: Fruited,3.2,Denmark,3.07,To Øl,0.3,Non-Alcoholic - Other,Can 330ml,330,9.7,Non-Alcoholic
Swell,3.2,England,3.04,The Gipsy Hill Brewing Co.,4.0,Non-Alcoholic Beer - Lager,Can 330ml,330,9.7,Non-Alcoholic Beer
Slobberbok Glutenvrij,3.2,Netherlands,3.52,Brouwerij Klein Duimpje,7.5,Gluten-Free,330ml,330,9.7,Gluten-Free
Doerak,3.2,Netherlands,3.54,Van Moll,6.3,IPA - American,330ml,330,9.7,IPA
Cuvée Clarisse Omerta Rum Liquor Infused,3.2,Belgium,3.66,Brouwerij Wilderen,11.2,Belgian Strong Dark Ale,330ml,330,9.7,Belgian Strong Dark Ale
Muifel Zuster Agatha,3.2,Netherlands,3.64,Muifelbrouwerij,10.0,Belgian Quadrupel,330ml,330,9.7,Belgian Quadrupel
Geselligkeit,3.2,Germany,3.65,orca brau,5.4,Wheat Beer - Hefeweizen,330ml,330,9.7,Wheat Beer
King Louie,3.2,France,3.62,ZooBrew Brasserie Animale,7.5,IPA - Rye,330ml,330,9.7,IPA
Eem Tierig,3.2,Netherlands,3.38,Brouwerij Eembier,6.7,IPA - Other,330ml,330,9.7,IPA
Oesterstout Belgisch Stout,3.2,Belgium,3.49,Scheldebrouwerij,8.5,Stout - Oyster,330ml,330,9.7,Stout
The Garden Pale Ale,3.2,Croatia,3.57,The Garden Brewery,4.8,Pale Ale - American,330ml,330,9.7,Pale Ale
Key Master,3.2,Wales,3.79,Tiny Rebel Brewing Co,6.0,Stout - Pastry,330ml,330,9.7,Stout
Gate Keeper,3.2,Wales,3.77,Tiny Rebel Brewing Co,6.0,Stout - Milk / Sweet,330ml,330,9.7,Stout
Brouwerij de Bie Blonde Bie,3.2,Belgium,3.3,Brouwerij De Bie,8.0,Belgian Strong Golden Ale,330ml,330,9.7,Belgian Strong Golden Ale
Straffe Hendrik 9 Tripel,3.2,Belgium,3.76,Brouwerij De Halve Maan,9.0,Belgian Tripel,330ml,330,9.7,Belgian Tripel
Hannes De Vijfhoeker Pale Ale,3.2,Netherlands,3.48,Briljant Brouwhuis,5.5,Pale Ale - American,330ml,330,9.7,Pale Ale
Barbe Rouge,3.2,France,3.5,Brasserie du Midi,5.5,Red Ale - Irish,330ml,330,9.7,Red Ale
IPA,3.2,Hungary,3.57,Fehér Nyúl,6.5,IPA - American,Can 330ml,330,9.7,IPA
Gruut Amber,3.2,Belgium,3.33,Gentse Gruut Stadsbrouwerij,6.6,Historical Beer - Gruit / Ancient Herbed Ale,330ml,330,9.7,Historical Beer
Zeebonk,3.2,Netherlands,3.62,Brouwerij Homeland,7.1,IPA - New England / Hazy,330ml,330,9.7,IPA
Langharig Tuig,3.2,Netherlands,3.54,Van Moll,5.5,Wheat Beer - Hopfenweisse,Can 330ml,330,9.7,Wheat Beer
Overzees,3.2,Netherlands,3.46,Gudzekop,6.0,Pale Ale - American,330ml,330,9.7,Pale Ale
Blond,3.2,Netherlands,3.39,Duits & Lauret,6.5,Blonde / Golden Ale - Other,330ml,330,9.7,Blonde / Golden Ale
Blonde Botbekker,3.2,Netherlands,3.42,Stadsbrouwerij Vos Elburg,6.0,Belgian Blonde,330ml,330,9.7,Belgian Blonde
Bush Amber Caractère,3.2,Belgium,3.62,Brasserie Dubuisson,12.0,Belgian Strong Golden Ale,330ml,330,9.7,Belgian Strong Golden Ale
Blau Frei,3.2,Germany,3.66,Mashsee Brauerei,0.4,Non-Alcoholic - Other,330ml,330,9.7,Non-Alcoholic
Zeeuwse Bierselectie Zeeuws Blondje,3.2,Netherlands,3.2,Versplus BV,6.0,Blonde / Golden Ale - Other,330ml,330,9.7,Blonde / Golden Ale
The Garden India Pale Ale,3.2,Croatia,3.77,The Garden Brewery,6.0,IPA - Milkshake,330ml,330,9.7,IPA
Trappistes Rochefort Triple Extra,3.2,Belgium,3.76,Abbaye Notre-Dame de Saint-Rémy,8.1,Belgian Tripel,330ml,330,9.7,Belgian Tripel
Orthographie,3.2,Netherlands,3.36,Brouwerij In De Nacht,6.5,Blonde / Golden Ale - Other,330ml,330,9.7,Blonde / Golden Ale
HipHop Take My Brett,3.2,Belgium,3.09,De Keukenbrouwers,8.0,IPA - Brett,330ml,330,9.7,IPA
Lervig Sour Suzy - Can,3.2,Norway,3.18,LERVIG,4.0,Sour - Berliner Weisse,330ml,330,9.7,Sour
Pourparlers,3.2,France,3.77,Sacrilège,6.2,Farmhouse Ale - Saison,330ml,330,9.7,Farmhouse Ale
Koene Ridder Non Alcoholic,3.2,Netherlands,3.01,Rock City Brewing,0.33,Non-Alcoholic - Other,330ml,330,9.7,Non-Alcoholic
Du Bois Des Pendus Tripel,3.2,Belgium,3.64,Brasserie des Légendes,10.0,Belgian Tripel,330ml,330,9.7,Belgian Tripel
Floris Chocolat,3.2,Belgium,2.79,Delirium - Huyghe Brewery,4.2,Spiced / Herbed Beer,330ml,330,9.7,Spiced / Herbed Beer
Paranormal / Seven Island Sympsosium,3.2,Sweden,3.53,Paranormal Brewing Co/ Seven Island Brewery,8.0,Stout - Imperial / Double,Can 330ml,330,9.7,Stout
ROEM Blond,3.2,Netherlands,3.36,De Zoetermeerse Brouwerij,6.0,Belgian Blonde,330ml,330,9.7,Belgian Blonde
Forbidden Fruits Triple Berry Session Sour,3.2,England,3.71,Three Hills Brewing,4.5,Sour - Fruited,Can 330ml,330,9.7,Sour
Poperings Hommelbier Dry Hopped,3.2,Belgium,3.49,Leroy Breweries,7.5,IPA - Belgian,330ml,330,9.7,IPA
Petit Boulba,3.2,Belgium,3.46,Brasserie de la Senne,2.8,Table Beer,330ml,330,9.7,Table Beer
Pils,3.2,Netherlands,3.27,Jopen,4.7,Pilsner - German,Can 330ml,330,9.7,Pilsner
Alderbastend Jolige Jopie,3.2,Netherlands,3.33,Alderbastend Bieren,6.4,Blonde / Golden Ale - Other,330ml,330,9.7,Blonde / Golden Ale
Belgisch Blond,3.2,Netherlands,3.5,Brouwerij Artemis,6.2,Belgian Blonde,330ml,330,9.7,Belgian Blonde
Bush Blonde Triple,3.2,Belgium,3.62,Brasserie Dubuisson,10.5,Belgian Strong Golden Ale,330ml,330,9.7,Belgian Strong Golden Ale
Mosaic Hop,3.2,Netherlands,3.56,Brouwerij Kees,5.5,IPA - Belgian,330ml,330,9.7,IPA
Zundert Trappist 10,3.2,Netherlands,3.74,Trappistenbrouwerij de Kievit B.V.,10.0,Belgian Quadrupel,330ml,330,9.7,Belgian Quadrupel
Easy Livin',3.2,Wales,3.57,Tiny Rebel Brewing Co,4.3,Pale Ale - American,330ml,330,9.7,Pale Ale
Gebroeders Hermans Freres Tipsy Gold,3.2,Belgium,3.45,Gebroeders Hermans Frères bv,7.5,Belgian Blonde,330ml,330,9.7,Belgian Blonde
Majdnem Búza Citrusokkal,3.2,Hungary,3.14,Szent András Sörfőzde,0.5,Non-Alcoholic - Wheat,330ml,330,9.7,Non-Alcoholic
Pannepot 2022 Vintage,3.2,Belgium,3.94,De Struise Brouwers,10.0,Belgian Strong Dark Ale,330ml,330,9.7,Belgian Strong Dark Ale
Witgoud,3.2,Netherlands,3.33,Brouwerij Leidse Goud,5.5,Wheat Beer - Witbier / Blanche,330ml,330,9.7,Wheat Beer
Gruut Amber Ale,3.2,Belgium,3.33,Gentse Gruut Stadsbrouwerij,6.6,Historical Beer - Gruit / Ancient Herbed Ale,330ml,330,9.7,Historical Beer
Blackbock,3.2,Netherlands,3.31,vandeStreek bier,6.0,Bock - Single / Traditional,330ml,330,9.7,Bock
Luminous Pi,7.29,United States,4.18,Great Notion Brewing,7.5,Sour - Smoothie / Pastry,Bottle 750ml,750,9.72,Sour
Parasol,7.3,France,4.1,Ellipse,4.5,Farmhouse Ale - Other,Bottle 750ml,750,9.73,Farmhouse Ale
DOK / Lucky Bay Do you can from a land down under?,3.21,Belgium,3.49,Dok Brewing Company,5.0,Pale Ale - Australian,330ml,330,9.73,Pale Ale
Duvel otwieracz D,7.3,Belgium,3.72,Duvel Moortgat,8.5,Belgian Strong Golden Ale,Bottle 750ml,750,9.73,Belgian Strong Golden Ale
L'Etoile,3.21,Belgium,3.43,L'Ermitage,4.6,Lager - Pale,330ml,330,9.73,Lager
Luden Lager,3.21,Germany,3.44,Astra St. Pauli Brauerei,5.0,Lager - IPL (India Pale Lager),330ml,330,9.73,Lager
Badin Kjerringøy,3.21,Norway,3.38,Bådin,4.7,Gluten-Free,330ml,330,9.73,Gluten-Free
La Mule Berliner Weisse Sureau,3.21,Belgium,3.67,Brasserie de la Mule,3.5,Sour - Berliner Weisse,330ml,330,9.73,Sour
Nachtschicht,3.21,Germany,3.12,Astra St. Pauli Brauerei,5.2,Dark Ale,330ml,330,9.73,Dark Ale
Hof Ten Dormaal Zure van Tildonk,3.21,Belgium,3.7,Brouwerij Hof ten Dormaal,6.0,Sour - Other,330ml,330,9.73,Sour
Xocoatl,7.3,France,4.05,Independent House,10.5,Stout - Imperial / Double Pastry,Bottle 750ml,750,9.73,Stout
Weizenbeisser,3.21,Germany,3.26,Astra St. Pauli Brauerei,5.7,Wheat Beer - Hefeweizen,330ml,330,9.73,Wheat Beer
Keller Kalle,3.21,Germany,3.31,Astra St. Pauli Brauerei,5.4,Kellerbier / Zwickelbier,330ml,330,9.73,Kellerbier / Zwickelbier
Clémentine,3.21,Belgium,3.34,Brasserie Atrium,5.3,Wheat Beer - Fruited,330ml,330,9.73,Wheat Beer
Lollihop,4.87,Czech Republic,3.77,Sibeeria,6.6,IPA - American,Can 500ml,500,9.74,IPA
Topping Revolution,4.87,Poland,3.68,Maltgarden,5.5,Sour - Smoothie / Pastry,Can 500ml,500,9.74,Sour
High Speed Blender,4.87,Poland,3.91,Maltgarden,5.2,Sour - Smoothie / Pastry,Can 500ml,500,9.74,Sour
Siren Sunlight Shapes,4.29,England,3.71,Siren Craft Brew,6.5,Lager - Helles,Can 440ml,440,9.75,Lager
Flux Hazy Pale Ale,4.29,Sweden,3.63,Apex Brewing Company,4.5,Pale Ale - New England / Hazy,Can 440ml,440,9.75,Pale Ale
Crowded Room Kellerbier,4.29,Germany,3.7,FrauGruber Brewing,5.2,Kellerbier / Zwickelbier,Can 440ml,440,9.75,Kellerbier / Zwickelbier
Camba IPA,4.29,United States,3.68,Boston Beer Company/ Camba Bavaria,7.2,IPA - New England / Hazy,Can 440ml,440,9.75,IPA
Summertime: Part 2,4.29,Latvia,3.83,Hopalaa,4.5,IPA - Session,Can 440ml,440,9.75,IPA
Liquid Refreshment DH Kellerbier,4.29,Germany,3.75,FrauGruber Brewing,4.9,Kellerbier / Zwickelbier,Can 440ml,440,9.75,Kellerbier / Zwickelbier
Double-Decoction Spalter Select Pilsner,4.29,Latvia,3.59,Ārpus Brewing Co.,5.0,Pilsner - German,Can 440ml,440,9.75,Pilsner
Japanese Rice Lager,4.29,Denmark,3.31,Mikkeller,5.1,Lager - Japanese Rice,Can 440ml,440,9.75,Lager
Pale Ale,4.29,Germany,3.74,Craftcore Brewing,5.5,Pale Ale - Other,Can 440ml,440,9.75,Pale Ale
24/7 Helles,4.29,Germany,3.45,FrauGruber Brewing,5.2,Lager - Helles,Can 440ml,440,9.75,Lager
Imported Goods DH Weissbier,4.29,Germany,3.66,FrauGruber Brewing,5.1,Wheat Beer - Other,Can 440ml,440,9.75,Wheat Beer
Camba Amber Ale,4.29,Scotland,,St. Andrews Brewing Co,5.0,Pale Ale - American,Can 440ml,440,9.75,Pale Ale
Dead Rabbit,3.22,Hungary,3.74,MONYO Brewing Co.,9.5,IPA - Imperial / Double,330ml,330,9.76,IPA
Pigeon,3.22,Belgium,3.62,La Source Beer Co.,3.5,IPA - Sour,330ml,330,9.76,IPA
Chouffe Blanche,3.22,Belgium,3.6,Brasserie d'Achouffe,6.5,Wheat Beer - Witbier / Blanche,330ml,330,9.76,Wheat Beer
Sour Series - Cooldown Symphony,3.22,Hungary,3.63,HORIZONT Brewing,3.0,Sour - Fruited Berliner Weisse,330ml,330,9.76,Sour
La Trappe Epos,3.22,Netherlands,3.18,Bierbrouwerij De Koningshoeven,4.8,Non-Alcoholic - Pale Ale,330ml,330,9.76,Non-Alcoholic
Rattle & Rum – Rum & Oak Chip Stout,4.3,Scotland,3.69,BrewDog,7.4,Stout - English,Can 440ml,440,9.77,Stout
Blue Jay,4.3,England,2.83,Brew York,0.5,Non-Alcoholic - Lager,Can 440ml,440,9.77,Non-Alcoholic
Fuzzy,4.3,England,3.73,Cloudwater Brew Co.,4.2,Pale Ale - New England / Hazy,Can 440ml,440,9.77,Pale Ale
Bullhouse - Suds,4.3,Northern Ireland,3.69,Bullhouse Brew Co,4.5,Pale Ale - American,Can 440ml,440,9.77,Pale Ale
Teamwork,4.89,Czech Republic,3.71,Axiom Brewery,15.0,IPA - New England / Hazy,500ml,500,9.78,IPA
Brassers Blond,3.23,Netherlands,3.4,Brouwerij Homeland,15.0,Blonde / Golden Ale - Other,330ml,330,9.79,Blonde / Golden Ale
Armout Macleod,3.23,Belgium,3.42,BRAUW,8.4,Scotch Ale / Wee Heavy,330ml,330,9.79,Scotch Ale / Wee Heavy
De la Senne Bruxellensis,3.23,Belgium,3.32,Brasserie de la Senne,6.5,Brett Beer,Bottle 330ml,330,9.79,Brett Beer
Pango IPA,3.23,Sweden,3.52,Brewski,5.9,IPA - Fruited,Can 330ml,330,9.79,IPA
De la Senne Saison van de Bruwer,3.23,Belgium,3.28,Brasserie de la Senne,5.3,Farmhouse Ale - Brett,330ml,330,9.79,Farmhouse Ale
La Biere Darbyste,3.67,Belgium,3.62,Brasserie de Blaugies,5.8,Farmhouse Ale - Saison,Bottle 375ml,375,9.79,Farmhouse Ale
La Saison D'Epeautre,3.67,Belgium,3.87,Brasserie de Blaugies,6.0,Farmhouse Ale - Saison,Bottle 375ml,375,9.79,Farmhouse Ale
Dunkel,4.9,Germany,3.54,Herzoglich Bayerisches Brauhaus Tegernsee,5.0,Lager - Munich Dunkel,Bottle 500ml,500,9.8,Lager
Rosey Nosey,4.9,England,3.24,Batemans,4.9,Winter Ale,500ml,500,9.8,Winter Ale
Ezel,4.9,Poland,3.62,Browarny Craft Beer,6.0,Sour - Smoothie / Pastry,Can 500ml,500,9.8,Sour
Sweetest Perfection,4.9,Poland,3.87,Browar Sarabanda,5.6,Sour - Smoothie / Pastry,Can 500ml,500,9.8,Sour
Sunburst Swirl,4.9,Poland,3.87,Browar Sarabanda,5.6,Sour - Smoothie / Pastry,Can 500ml,500,9.8,Sour
Slice of Life,4.9,Poland,3.86,Funky Fluid,6.5,IPA - New England / Hazy,Can 500ml,500,9.8,IPA
Dyniamit! Pumpkin Ale,4.9,Poland,3.44,Browar PINTA,6.0,Pumpkin / Yam Beer,500ml,500,9.8,Pumpkin / Yam Beer
Guadalupe,4.31,Spain,3.37,Gross,4.7,Lager - Mexican,Can 440ml,440,9.8,Lager
Christmas in Killarney,4.9,Ireland,3.5,Killarney Brewing Company,6.7,Belgian Dubbel,500ml,500,9.8,Belgian Dubbel
Brauer Carsten,4.9,Germany,3.34,Braumanufaktur Hertl,5.6,Pale Ale - Other,500ml,500,9.8,Pale Ale
Rolling Papers,4.9,Northern Ireland,3.79,Bullhouse Brew Co,5.2,IPA - New England / Hazy,500ml,500,9.8,IPA
Achel Superior Dark,7.35,Belgium,3.92,Brouwerij der Sint-Benedictusabdij De Achelse Kluis,9.5,Belgian Quadrupel,Bottle 750ml,750,9.8,Belgian Quadrupel
Stowford Press Apple Cider,4.9,England,3.3,Westons Cider,4.5,Cider - Dry,500ml,500,9.8,Cider
Hazy Discovery San Sebastian,4.9,Poland,3.85,Browar PINTA,6.5,IPA - New England / Hazy,500ml,500,9.8,IPA
Wheat Me Up!,4.31,Latvia,3.65,Hopalaa,4.7,IPA - White / Wheat,Can 440ml,440,9.8,IPA
Henry Westons Medium Dry Vintage Cider 2022,4.9,England,3.83,Westons Cider,8.2,Cider - Dry,500ml,500,9.8,Cider
Ur-Ur-Ur-Ur-Ur-Opa,4.9,Germany,3.26,Braumanufaktur Hertl,5.4,Historical Beer - Other,500ml,500,9.8,Historical Beer
Henry Westons Medium Vintage Rosé 2021,4.9,England,3.38,Westons Cider,4.5,Cider - Rosé,500ml,500,9.8,Cider
Cold Delivery IPA,4.9,Poland,3.72,Browar PINTA,6.5,IPA - Cold,500ml,500,9.8,IPA
Prime - West Coast IPA,4.9,Poland,3.71,Moon Lark Brewery,6.4,IPA - American,500ml,500,9.8,IPA
Veridian Hailstorm,4.9,Croatia,3.77,Pulfer Brewery,5.7,Pale Ale - New England / Hazy,500ml,500,9.8,Pale Ale
The Piggy Brewing Limonata Granité,4.31,France,3.71,The Piggy Brewing Company,4.8,Sour - Fruited,Can 440ml,440,9.8,Sour
Mango Submarine,4.32,Latvia,3.84,Hopalaa,5.4,Pale Ale - American,Can 440ml,440,9.82,Pale Ale
Amsterdams Wit,3.24,Netherlands,3.46,Brouwerij Homeland,10.0,Wheat Beer - Witbier / Blanche,330ml,330,9.82,Wheat Beer
Big Wave,3.49,United States,3.52,Kona Brewing Company,4.4,Blonde / Golden Ale - American,355ml,355,9.83,Blonde / Golden Ale
Whit Rapids,3.49,United States,3.53,Ninkasi Brewing Company,5.5,Wheat Beer - Witbier / Blanche,355ml,355,9.83,Wheat Beer
Celebration Fresh Hop IPA 2024,3.49,United States,3.92,Sierra Nevada Brewing Co.,6.8,IPA - American,355ml,355,9.83,IPA
Big Wave Golden Ale,3.49,United States,3.52,Kona Brewing Company,4.4,Blonde / Golden Ale - American,355ml,355,9.83,Blonde / Golden Ale
Hanalei Island,3.49,United States,3.55,Kona Brewing Company,4.5,IPA - Fruited,355ml,355,9.83,IPA
Divided Sky,3.49,United States,3.72,4 Hands Brewing Company,6.5,IPA - Rye,355ml,355,9.83,IPA
Single Speed,3.49,United States,3.5,4 Hands Brewing Company,5.0,Blonde / Golden Ale - Other,355ml,355,9.83,Blonde / Golden Ale
Von Pilsner,3.49,United States,3.65,Crooked Stave Artisan Beer Project,5.0,Kellerbier / Zwickelbier,355ml,355,9.83,Kellerbier / Zwickelbier
Longboard Island Lager,3.49,United States,3.41,Kona Brewing Company,4.6,Lager - Pale,355ml,355,9.83,Lager
Incarnation,3.49,United States,3.8,4 Hands Brewing Company,7.0,IPA - American,355ml,355,9.83,IPA
Summerfest,3.49,United States,3.49,Sierra Nevada Brewing Co.,5.0,Pilsner - German,355ml,355,9.83,Pilsner
Indigo Island,3.49,United States,3.8,Crooked Stave Artisan Beer Project,7.0,IPA - New England / Hazy,355ml,355,9.83,IPA
Juicy East,3.49,United States,3.77,Crooked Stave Artisan Beer Project,6.0,IPA - New England / Hazy,355ml,355,9.83,IPA
Ripple White Ale,3.49,United States,3.52,4 Hands Brewing Company,5.0,Wheat Beer - Witbier / Blanche,355ml,355,9.83,Wheat Beer
Strawberry,2.46,Belgium,3.8,Brouwerij Lindemans,3.5,Lambic - Fruit,Bottle 250ml,250,9.84,Lambic
Timmermans Oude Kriek,3.69,Belgium,3.72,Brewery John Martin & Brewery Timmermans,6.7,Lambic - Kriek,Bottle 375ml,375,9.84,Lambic
Big Little Thing,5.59,United States,3.75,Sierra Nevada Brewing Co.,9.0,IPA - Imperial / Double,568ml,568,9.84,IPA
Blackberry Lemon Sour,3.69,United States,3.72,Upslope Brewing Company,4.5,Sour - Fruited,Bottle 375ml,375,9.84,Sour
Oatmeal Stout,3.69,United States,3.69,Upslope Brewing Company,5.0,Stout - Oatmeal,Bottle 375ml,375,9.84,Stout
West Coast Style IPA,3.69,United States,3.73,Upslope Brewing Company,6.5,IPA - American,Bottle 375ml,375,9.84,IPA
Dutch Wit – Witbier,3.25,Germany,3.37,Rügener Insel-Brauerei,5.6,Wheat Beer - Witbier / Blanche,330ml,330,9.85,Wheat Beer
Non-Alcoholic Second Date,3.25,Netherlands,3.32,Rock City Brewing,0.33,Non-Alcoholic - IPA,330ml,330,9.85,Non-Alcoholic
Eem Sympathy For The Hops,3.25,Netherlands,3.48,Brouwerij Eembier,8.5,IPA - Other,330ml,330,9.85,IPA
Czech Lager,3.25,Germany,3.38,Rügener Insel-Brauerei,5.6,Pilsner - Czech / Bohemian,330ml,330,9.85,Pilsner
Triporteur Vintage 2023 Belgian Oak,3.25,Belgium,3.65,BOMBrewery,9.2,Belgian Strong Golden Ale,330ml,330,9.85,Belgian Strong Golden Ale
Sand Diver 0.3,3.25,Netherlands,3.2,De Kromme Haring,0.3,Non-Alcoholic - Other,330ml,330,9.85,Non-Alcoholic
Spanish Lemon Lager,3.25,Germany,3.44,Rügener Insel-Brauerei,5.6,Lager - Mexican,330ml,330,9.85,Lager
Austrian Märzen,3.25,Germany,3.37,Rügener Insel-Brauerei,5.6,Märzen,330ml,330,9.85,Märzen
Belgian Blond,3.25,Germany,3.37,Rügener Insel-Brauerei,6.0,Belgian Blonde,330ml,330,9.85,Belgian Blonde
Parka – Porter,3.25,Spain,3.54,Garage Beer Co.,4.5,Porter - Other,330ml,330,9.85,Porter
Wolpha Blonde,3.25,Netherlands,3.62,Gebroeders Poppe,7.5,Belgian Blonde,330ml,330,9.85,Belgian Blonde
Polski Porter,3.25,Germany,3.25,Rügener Insel-Brauerei,6.0,Porter - Other,330ml,330,9.85,Porter
French Season – Farmhouse Ale,3.25,Germany,3.32,Rügener Insel-Brauerei,5.6,Farmhouse Ale - Saison,330ml,330,9.85,Farmhouse Ale
Deutsches Festbier,3.25,Germany,3.34,Rügener Insel-Brauerei,6.0,Festbier,330ml,330,9.85,Festbier
Rensasen,3.25,Norway,3.54,Bådin,5.5,Pale Ale - American,330ml,330,9.85,Pale Ale
James Blond Alcoholvrij,3.25,Netherlands,,Bronckhorster Brewing Company,0.3,Non-Alcoholic - Other,330ml,330,9.85,Non-Alcoholic
Thai Thai Tripel,3.25,Netherlands,3.49,Oedipus Brewing,8.0,Belgian Tripel,330ml,330,9.85,Belgian Tripel
Gordon Xmas,3.25,Belgium,3.41,Brewery John Martin & Brewery Timmermans,8.8,Scotch Ale / Wee Heavy,330ml,330,9.85,Scotch Ale / Wee Heavy
Mosaic Mango Sour,3.25,Netherlands,3.71,vandeStreek bier,6.5,Sour - Fruited,330ml,330,9.85,Sour
Beardfish,3.25,Netherlands,3.56,De Kromme Haring,5.5,Stout - Irish Dry,330ml,330,9.85,Stout
Hop Zij Met Ons,3.25,Netherlands,3.52,Jopen,6.0,IPA - Other,330ml,330,9.85,IPA
Bacchus Kriekenbier,3.25,Belgium,3.69,Kasteel Brouwerij Vanhonsebrouck,5.8,Sour - Flanders Oud Bruin,330ml,330,9.85,Sour
PieWee Pineapple Weizen,3.25,Netherlands,3.3,Uiltje Brewing Company,5.0,Wheat Beer - Fruited,Can 330ml,330,9.85,Wheat Beer
De Molen Hel & Verdoemenis,3.25,Netherlands,3.85,Brouwerij de Molen,10.0,Stout - Russian Imperial,330ml,330,9.85,Stout
Aventinus Eisbock Tap 09 – Eisbock,3.25,Germany,3.79,Schneider Weisse G. Schneider & Sohn,12.0,Bock - Eisbock,330ml,330,9.85,Bock
Achelse Kluis Blond,3.25,Belgium,3.67,Brouwerij der Sint-Benedictusabdij De Achelse Kluis,8.0,Belgian Tripel,330ml,330,9.85,Belgian Tripel
Sommerpils,3.25,Norway,3.47,Bådin,5.2,Pilsner - Other,330ml,330,9.85,Pilsner
Tonka Creme Brûlée Demolitionist,7.39,Netherlands,,Moersleutel Craft Brewery,10.0,Stout - Imperial / Double Pastry,Bottle 750ml,750,9.85,Stout
Incapablo,3.25,Netherlands,3.12,Dutch Bargain,5.0,Lager - Pale,330ml,330,9.85,Lager
7 Hop 7 Grain DDH IPA,3.25,Scotland,3.43,BRULO,12.0,Non-Alcoholic - IPA,330ml,330,9.85,Non-Alcoholic
Stroopwafel Stout,3.25,Netherlands,3.29,Two Chefs Brewing,6.0,Stout - American,330ml,330,9.85,Stout
Sabro Galaxy IPA,3.25,Scotland,3.46,BRULO,8.0,Non-Alcoholic - IPA,330ml,330,9.85,Non-Alcoholic
Walhalla Mist,3.25,Netherlands,3.41,Walhalla Brouwerij & Proeflokaal,5.5,Wheat Beer - Hefeweizen,330ml,330,9.85,Wheat Beer
5 Fruit Gose,3.25,Scotland,3.38,BRULO,8.0,Non-Alcoholic - Sour,330ml,330,9.85,Non-Alcoholic
Gordon Oak Aged Blond / Triple Oak,3.25,Belgium,3.62,Brewery John Martin & Brewery Timmermans,8.0,Belgian Tripel,330ml,330,9.85,Belgian Tripel
Capucijn Abdijbier Dubbel,3.25,Netherlands,3.34,Budelse Brouwerij,6.5,Belgian Dubbel,330ml,330,9.85,Belgian Dubbel
Jan Van Oudenaarde Tripel,3.25,Belgium,3.35,Brouwerij Slaapmutske,8.0,Gluten-Free,330ml,330,9.85,Gluten-Free
Hortus Bier,3.25,Netherlands,3.35,Brouwerij Pronck,6.0,Blonde / Golden Ale - Other,330ml,330,9.85,Blonde / Golden Ale
Schelde Zeezuiper,3.25,Belgium,3.66,Scheldebrouwerij,8.0,Belgian Tripel,330ml,330,9.85,Belgian Tripel
Bock Bok,3.25,Netherlands,3.45,Naeckte Brouwers,7.5,Bock - Single / Traditional,330ml,330,9.85,Bock
Cascadian Tides Stout,3.25,Scotland,3.27,BRULO,6.2,Non-Alcoholic - Porter / Stout,330ml,330,9.85,Non-Alcoholic
Bruin 12,3.25,Belgium,3.53,Brouwerij Malheur,12.0,Belgian Strong Dark Ale,330ml,330,9.85,Belgian Strong Dark Ale
Lust For Life DDH IPA,3.25,Scotland,3.41,BRULO,6.2,Non-Alcoholic - IPA,330ml,330,9.85,Non-Alcoholic
vandeStreek Turf 'n Surf,3.25,Netherlands,3.41,vandeStreek bier,8.5,Belgian Tripel,330ml,330,9.85,Belgian Tripel
Hazy Pale Ale,3.25,Netherlands,3.55,Rock City Brewing,5.8,Pale Ale - American,330ml,330,9.85,Pale Ale
Tropical Ale,3.25,Netherlands,3.12,Lowlander Beer,3.8,Spiced / Herbed Beer,330ml,330,9.85,Spiced / Herbed Beer
Spill it Sister,3.25,Netherlands,3.47,Brothers In Law Brewing,6.3,Blonde / Golden Ale - Other,330ml,330,9.85,Blonde / Golden Ale
Mannenliefde Saison,3.25,Netherlands,3.46,Oedipus Brewing,6.0,Farmhouse Ale - Saison,330ml,330,9.85,Farmhouse Ale
Soepele Slurper,3.25,Netherlands,3.62,Brouwerij De Rode Hoed,4.6,IPA - Session,330ml,330,9.85,IPA
Shringa Vera Session Ale Ginger Bergamot,3.25,Netherlands,3.39,Briljant Brouwhuis,4.0,Spiced / Herbed Beer,330ml,330,9.85,Spiced / Herbed Beer
Kenau Bier Blond,3.25,Netherlands,3.35,Hollandse Staatsbrouwerijen,6.0,Blonde / Golden Ale - Other,330ml,330,9.85,Blonde / Golden Ale
Sabro Galaxy IPA,3.25,Scotland,3.46,BRULO,6.5,Non-Alcoholic - IPA,330ml,330,9.85,Non-Alcoholic
Hop Ruiter Tropical Tripel,3.25,Belgium,3.61,Scheldebrouwerij,8.0,Belgian Tripel,330ml,330,9.85,Belgian Tripel
Brassers Blond,3.25,Netherlands,3.4,Brouwerij Homeland,6.4,Blonde / Golden Ale - Other,330ml,330,9.85,Blonde / Golden Ale
The Original Smokey Imperial Porter,3.25,Netherlands,3.62,De Kromme Haring,8.5,Porter - Smoked,Can 330ml,330,9.85,Porter
Acht gemeten,3.25,Netherlands,3.59,Brouwerij Solaes,8.0,IPA - Imperial / Double,330ml,330,9.85,IPA
Uus Maailm,3.25,Estonia,3.55,Põhjala,4.7,IPA - Session,330ml,330,9.85,IPA
Bloedbroeder Imperial Stout,3.25,Netherlands,3.47,KOMPAAN Dutch Craft Beer Company,9.1,Stout - Imperial / Double,Can 330ml,330,9.85,Stout
La Trappe Quadrupel,3.25,Sweden,4.12,Koenishoeven,10.0,Quadrupel,330ml,330,9.85,Quadrupel
Pohjala Virmalised,3.25,Estonia,3.67,Põhjala,6.5,IPA - American,330ml,330,9.85,IPA
no thing beats Summer – Session IPA,3.25,Germany,3.77,orca brau,4.2,IPA - Session,330ml,330,9.85,IPA
Tilburg Trappers Weizen,3.25,Netherlands,3.41,Stadsbrouwerij 013,5.5,Wheat Beer - Hefeweizen,330ml,330,9.85,Wheat Beer
Brouwkamer Royal Dark,3.25,Netherlands,3.55,De Brouwkamer,8.0,Belgian Dubbel,330ml,330,9.85,Belgian Dubbel
Moeder Overste Tripel Beugel,3.25,Belgium,3.48,Brasserie Lefebvre,8.0,Belgian Tripel,330ml,330,9.85,Belgian Tripel
Blond Animal,3.25,Netherlands,3.54,Brouwerij Fusie,7.9,Belgian Blonde,330ml,330,9.85,Belgian Blonde
Fusie 3 Little Birds,3.25,Netherlands,3.56,Brouwerij Fusie,8.1,Belgian Tripel,330ml,330,9.85,Belgian Tripel
Belle-Fleur IPA,3.25,Belgium,3.63,Brouwerij De Dochter van de Korenaar,6.0,IPA - Belgian,330ml,330,9.85,IPA
Wit A Twist,3.25,Netherlands,3.37,Brouwerij Eleven,5.8,Wheat Beer - Witbier / Blanche,330ml,330,9.85,Wheat Beer
The Garden Milkshake IPA,3.25,Croatia,3.77,The Garden Brewery,6.2,IPA - Milkshake,330ml,330,9.85,IPA
Voltreffer,3.25,Netherlands,3.44,Schoonmanneke,8.0,Belgian Tripel,330ml,330,9.85,Belgian Tripel
La Corne Blond,3.25,Belgium,3.36,Brasserie des Légendes,5.9,Belgian Blonde,330ml,330,9.85,Belgian Blonde
Coffee Stout,3.25,Germany,3.39,MÜCKE,6.7,Stout - Coffee,330ml,330,9.85,Stout
Pater Lieven Tripel,3.25,Belgium,3.5,Brouwerij Van Den Bossche,8.0,Belgian Tripel,330ml,330,9.85,Belgian Tripel
Zeeuwse Bierselectie Zeeuws Bluuvertje,3.25,Netherlands,2.94,Bierbrouwerij Vermeersen,8.5,Pilsner - Czech / Bohemian,330ml,330,9.85,Pilsner
Het Burlende Hert,3.25,Netherlands,3.44,Bennebroecks,6.5,Bock - Single / Traditional,330ml,330,9.85,Bock
Blonderonsje,3.25,Netherlands,3.23,Schoonmanneke,6.5,Belgian Blonde,330ml,330,9.85,Belgian Blonde
Achelse Kluis Bruin,3.25,Belgium,3.71,Brouwerij der Sint-Benedictusabdij De Achelse Kluis,8.0,Belgian Dubbel,330ml,330,9.85,Belgian Dubbel
Ice Breaker (2024),3.25,Netherlands,,Stadshaven Brouwerij,8.5,Winter Ale,330ml,330,9.85,Winter Ale
Tongerlo LUX Blond,3.25,Belgium,3.51,Brouwerij Haacht Brasserie,6.0,Belgian Blonde,330ml,330,9.85,Belgian Blonde
Zero Tolerance,3.25,Netherlands,3.01,Brouwerij Noordt,0.5,Non-Alcoholic - Pale Ale,330ml,330,9.85,Non-Alcoholic
Dolle Brouwers Arabier,3.25,Belgium,3.47,Brouwerij De Dolle Brouwers,8.0,Belgian Strong Golden Ale,330ml,330,9.85,Belgian Strong Golden Ale
Beyerd Speciaal Tripel,3.25,Netherlands,3.59,Brouwerij De Beyerd,8.0,Belgian Tripel,330ml,330,9.85,Belgian Tripel
Triporteur Full Moon 12 Oak Aged,3.25,Belgium,3.76,BOMBrewery,10.2,Belgian Quadrupel,330ml,330,9.85,Belgian Quadrupel
Walhalla Mist Weizen,3.25,Netherlands,3.43,Walhalla Brouwerij & Proeflokaal,5.5,Sour - Fruited,330ml,330,9.85,Sour
Bassline,5.6,Scotland,3.37,Arbor,0.5,Non-Alcoholic - Sour,Bottle 568ml,568,9.86,Non-Alcoholic
Light,3.5,United States,3.44,Kona Brewing Company,4.2,Blonde / Golden Ale - Other,355ml,355,9.86,Blonde / Golden Ale
Ozdobeno (I decorated the Christmas tree.),4.93,Czech Republic,3.74,Sibeeria,6.2,West Coast IPA,Can 500ml,500,9.86,West Coast IPA
Zichovec GWBC Best of Show by Radim Kuba,4.93,Czech Republic,4.1,Rodinný Pivovar Zichovec,6.5,IPA - New England / Hazy,Can 500ml,500,9.86,IPA
Brunehaut Triple Bio Gluten Free,7.4,Belgium,3.32,Brasserie de Brunehaut,8.0,Gluten-Free,Bottle 750ml,750,9.87,Gluten-Free
Forest Ranger,4.35,Scotland,3.71,Fierce Beer,6.0,IPA - American,Can 440ml,440,9.89,IPA
Smooth Operator -. Double IPA,4.35,Germany,3.81,FrauGruber Brewing,8.3,IPA - Imperial / Double New England / Hazy,Can 440ml,440,9.89,IPA
Brewdog Triple Hazy Jane,4.35,Scotland,3.83,BrewDog,9.5,IPA - Triple New England / Hazy,Can 440ml,440,9.89,IPA
Brewdog Lucky Break,4.35,Scotland,3.72,BrewDog,6.7,IPA - New England / Hazy,Can 440ml,440,9.89,IPA
Sour Series - Cherries on Acid,4.35,Hungary,3.5,HORIZONT Brewing,5.4,Sour - Flanders Red Ale,Can 440ml,440,9.89,Sour
Ain't No Sunshine – Imperial Stout,4.95,Germany,3.61,Munich Brew Mafia,8.5,Stout - Imperial / Double,500ml,500,9.9,Stout
Zibi,4.95,Poland,3.76,Funky Fluid,6.5,IPA - Other,500ml,500,9.9,IPA
Meet Our Friends | Episode 16: Good Place to Hide,4.95,Poland,3.67,Browar Nepomucen,6.2,Pale Ale - New England / Hazy,500ml,500,9.9,Pale Ale
Christmas In Killarney,4.95,Ireland,3.5,Killarney Brewing Company,6.7,Belgian Dubbel,500ml,500,9.9,Belgian Dubbel
SABRO vs. TALUS - CRAZY LINES #56,4.95,Poland,3.95,Browar Nepomucen,7.0,IPA - Imperial / Double New England / Hazy,500ml,500,9.9,IPA
Blessed by Ignorance – Imperial Pils – Collab Dogma,4.95,Serbia,3.66,Dogma Brewery,7.8,Pilsner - Imperial / Double,500ml,500,9.9,Pilsner
Destination Nowhere,4.95,Poland,3.78,Magic Road,5.8,IPA - New England / Hazy,Can 500ml,500,9.9,IPA
Waking Fantasy,4.95,Estonia,3.96,Pühaste Brewery,12.0,Stout - Imperial / Double,500ml,500,9.9,Stout
Hoppy Morphosis,4.95,Croatia,3.44,Pulfer Brewery,4.2,Pilsner - Other,500ml,500,9.9,Pilsner
I Want To Go Sailing With You,4.36,Hungary,3.82,Reketye Brewing Co.,5.0,Sour - Fruited Gose,Can 440ml,440,9.91,Sour
Pop My Cherry,4.36,Hungary,3.64,Reketye Brewing Co.,6.0,Sour - Fruited Berliner Weisse,Can 440ml,440,9.91,Sour
Smells Like Juice,4.69,United States,3.85,Drake's Brewing Company,8.0,IPA - New England / Hazy,473ml,473,9.92,IPA
Gold Coast - keykeg,297.9,France,3.96,The Piggy Brewing Company,8.0,IPA - Imperial / Double New England / Hazy,30000ml,30000,9.93,IPA
Mooie Nel IPA,7.45,Netherlands,3.88,Jopen,7.0,IPA - American,Bottle 750ml,750,9.93,IPA
Avec Les Bons Voeux,7.45,Belgium,3.8,Brasserie Dupont,9.5,Farmhouse Ale - Saison,Bottle 750ml,750,9.93,Farmhouse Ale
Witte Kerst Dubbel Wit,7.45,Netherlands,3.58,Jopen,7.5,Wheat Beer - Witbier / Blanche,Bottle 750ml,750,9.93,Wheat Beer
Berliner Bosbes (Blueberry),3.28,Belgium,3.76,Brouwerij Alvinne,4.0,Sour - Fruited Berliner Weisse,330ml,330,9.94,Sour
Baladin Tonica,1.99,Italy,3.18,BIRRIFICIO AGRICOLO BALADIN - Baladin Indipendente Italian Farm Brewery,6.0,Other,200ml,200,9.95,Other
Baladin Tonica Pompelmo,1.99,Italy,3.18,BIRRIFICIO AGRICOLO BALADIN - Baladin Indipendente Italian Farm Brewery,6.0,Other,200ml,200,9.95,Other
Baladin Agrumata Limonade,1.99,Italy,3.25,BIRRIFICIO AGRICOLO BALADIN - Baladin Indipendente Italian Farm Brewery,5.0,Blonde / Golden Ale - Other,200ml,200,9.95,Blonde / Golden Ale
Framboos,2.49,Belgium,3.77,Brouwerij Lindemans,2.5,Lambic - Framboise,Bottle 250ml,250,9.96,Lambic
Pêche /Perzik,2.49,Belgium,3.57,Brouwerij Lindemans,2.5,Lambic - Fruit,Bottle 250ml,250,9.96,Lambic
Straight Outta Kraft,4.98,Hungary,3.75,Csupor Craft Beer,6.0,IPA - Other,500ml,500,9.96,IPA
Lager,2.49,Belgium,3.27,Stella Artois,5.0,Pilsner - Other,Bottle 250ml,250,9.96,Pilsner
Oude Geuze à l'Ancienne Brewing season 2014-2015,2.49,Belgium,3.37,Brouwerij Boon,7.0,Lambic - Gueuze,Bottle 250ml,250,9.96,Lambic
Chapeau Faro,2.49,Belgium,3.31,Brouwerij De Troch,4.75,Lambic - Faro,Bottle 250ml,250,9.96,Lambic
Apple / Pomme,2.49,Belgium,3.49,Brouwerij Lindemans,3.5,Lambic - Fruit,Bottle 250ml,250,9.96,Lambic
Chapeau Geuze,2.49,Belgium,2.98,Brouwerij De Troch,5.5,Lambic - Gueuze,Bottle 250ml,250,9.96,Lambic
Pohjala Virmalised 0,3.29,Estonia,2.88,Põhjala,0.5,Non-Alcoholic - IPA,330ml,330,9.97,Non-Alcoholic
Tripel,3.29,Netherlands,3.49,Eggens,9.0,Belgian Tripel,330ml,330,9.97,Belgian Tripel
ZWAAR Blond,3.29,Netherlands,3.51,Eggens,8.3,Belgian Strong Golden Ale,330ml,330,9.97,Belgian Strong Golden Ale
Sunset Suzy Orange Soda Sour,3.29,Netherlands,3.19,Two Chefs Brewing,4.8,Sour - Fruited,330ml,330,9.97,Sour
Wacken Crafty Loki Nordic Pale Ale,3.29,Germany,3.37,Beer of the Gods - Wacken Brauerei,5.7,Pale Ale - Other,330ml,330,9.97,Pale Ale
Wildwuchs Große Freiheit Bitter Ale alkoholfrei BIO,3.29,Germany,2.86,Wildwuchs Brauwerk Hamburg,0.29,Non-Alcoholic - Other,330ml,330,9.97,Non-Alcoholic
Daku Waqa,3.29,Netherlands,3.49,De Kromme Haring,4.3,IPA - White / Wheat,330ml,330,9.97,IPA
Fruit & Kruid,3.29,Netherlands,3.44,Brouwerij de Molen,6.2,Belgian Blonde,330ml,330,9.97,Belgian Blonde
Wildwuchs Löppt Jubiläums Ale,3.29,Germany,3.59,Wildwuchs Brauwerk Hamburg,3.9,Pale Ale - New England / Hazy,330ml,330,9.97,Pale Ale
Zoentje,3.29,Netherlands,3.4,Breugem Bier,6.8,Belgian Blonde,330ml,330,9.97,Belgian Blonde
Kehrwieder Dominica,3.29,Germany,3.65,Kehrwieder Kreativbrauerei,4.7,Pale Ale - New England / Hazy,330ml,330,9.97,Pale Ale
Roulette Hop Series: HBC 1019,3.29,Estonia,3.88,Pühaste Brewery,6.9,IPA - New England / Hazy,330ml,330,9.97,IPA
köbi Alte B17 Helles Weizen,3.29,Germany,3.3,köbi – Königsbrunner Biermanufaktur,5.2,Wheat Beer - Hefeweizen,330ml,330,9.97,Wheat Beer
Wildwuchs Altkanzler Rauchbier BIO,3.29,Germany,3.21,Wildwuchs Brauwerk Hamburg,5.1,Rauchbier,330ml,330,9.97,Rauchbier
Wildwuchs Fastmoker Pils BIO,3.29,Germany,3.34,Wildwuchs Brauwerk Hamburg,4.9,Pilsner - Other,330ml,330,9.97,Pilsner
Je Lijkt Wel Een Bootwerker!,3.29,Netherlands,3.43,Hofbrouwerij Reijngoud,6.6,Porter - American,330ml,330,9.97,Porter
Louise,3.29,Netherlands,3.39,Kaapse Brouwers,4.7,Blonde / Golden Ale - Other,330ml,330,9.97,Blonde / Golden Ale
Steelyard,3.29,Germany,3.52,Buddelship Brauerei,5.6,Pale Ale - English,330ml,330,9.97,Pale Ale
Wacken Mjölnir Nordic Lager,3.29,Germany,3.26,Beer of the Gods - Wacken Brauerei,5.3,Pilsner - German,330ml,330,9.97,Pilsner
Brett Saison,3.29,Belgium,3.56,Brasserie de la Senne,5.3,Farmhouse Ale - Saison,330ml,330,9.97,Farmhouse Ale
Heeren Van Swieten,3.29,Netherlands,3.42,Brouwerij De 12 Stuyvers,6.0,Belgian Blonde,330ml,330,9.97,Belgian Blonde
IPA,3.29,Germany,3.34,Brauerei Lemke,5.4,Lager - Vienna,330ml,330,9.97,Lager
Wit Wasser,3.29,Netherlands,3.44,JELSTER,5.5,Wheat Beer - Witbier / Blanche,330ml,330,9.97,Wheat Beer
Wildwuchs Schlankes BIO,3.29,Germany,3.3,Wildwuchs Brauwerk Hamburg,4.7,Lager - Pale,330ml,330,9.97,Lager
T' Zoutse Molentje Blond,3.29,Netherlands,3.25,De Blije Zoutelander,5.5,Belgian Blonde,330ml,330,9.97,Belgian Blonde
Wildwuchs Freihafen Alkoholfreies Weizen BIO,3.29,Germany,3.05,Wildwuchs Brauwerk Hamburg,0.4,Non-Alcoholic - Wheat,330ml,330,9.97,Non-Alcoholic
Witte Was,3.29,Netherlands,3.4,KOMPAAN Dutch Craft Beer Company,5.0,Wheat Beer - Witbier / Blanche,330ml,330,9.97,Wheat Beer
Superb-Owl,3.29,Netherlands,3.24,Uiltje Brewing Company,0.2,Non-Alcoholic - IPA,330ml,330,9.97,Non-Alcoholic
Hydra Hero,3.29,United States,3.81,Revolution Brewing Company,7.4,IPA - New England / Hazy,330ml,330,9.97,IPA
Lervig Lucky Jack,3.29,Norway,3.49,LERVIG,4.7,Pale Ale - American,Can 330ml,330,9.97,Pale Ale
Funky Falcon Pale Ale,3.29,Netherlands,3.5,Two Chefs Brewing,5.2,Pale Ale - American,330ml,330,9.97,Pale Ale
Rotterdams Blond Bier,3.29,Netherlands,3.46,Trots Rotterdams Bier,5.9,Blonde / Golden Ale - Other,330ml,330,9.97,Blonde / Golden Ale
Big Chouffe Collector's Edition,14.95,Belgium,3.82,Brasserie d'Achouffe,5.0,Belgian Strong Golden Ale,Bottle 1500ml,1500,9.97,Belgian Strong Golden Ale
Erik de Noorman (Glutenvrij),3.29,Netherlands,3.74,Brouwerij Klein Duimpje,9.5,Gluten-Free,330ml,330,9.97,Gluten-Free
Wildwuchs Kein Weizen BIO,3.29,Germany,3.18,Wildwuchs Brauwerk Hamburg,4.9,Blonde / Golden Ale - Other,330ml,330,9.97,Blonde / Golden Ale
Kohletrimmer Schwarzbier,3.29,Germany,3.36,Buddelship Brauerei,5.3,Schwarzbier,330ml,330,9.97,Schwarzbier
Donker,3.29,Belgium,3.64,Kasteel Brouwerij Vanhonsebrouck,11.0,Belgian Quadrupel,330ml,330,9.97,Belgian Quadrupel
Beverly Pils,3.29,Germany,3.54,Mashsee Brauerei,4.7,Pilsner - German,330ml,330,9.97,Pilsner
Ray of Sunshine,3.29,Netherlands,3.58,Baxbier,5.5,Wheat Beer - Witbier / Blanche,330ml,330,9.97,Wheat Beer
Pohjala Uus Maailm,3.29,Estonia,3.55,Põhjala,4.7,IPA - Session,Can 330ml,330,9.97,IPA
Wacken Heimdalls Willkomm Trunk aus Bier und Met,3.29,Germany,2.99,Beer of the Gods - Wacken Brauerei,6.5,Mead - Braggot,330ml,330,9.97,Mead
Wacken Surtr Smoked Porter,3.29,Germany,2.85,Beer of the Gods - Wacken Brauerei,6.2,Porter - Smoked,330ml,330,9.97,Porter
Wacken Berserker Blut Trunk aus Bier und Kirschwein,3.29,Germany,2.92,Beer of the Gods - Wacken Brauerei,7.5,Fruit Beer,330ml,330,9.97,Fruit Beer
For the Love of Hops ‘Jade',4.39,Netherlands,3.69,Brouwerij Frontaal,5.5,IPA - New Zealand,Can 440ml,440,9.98,IPA
There Goes My Hero,4.99,Croatia,3.86,Pulfer Brewery,5.9,Lager - IPL (India Pale Lager),500ml,500,9.98,Lager
Winter Affair Les Intenables (Grisette),4.99,Czech Republic,3.72,Rodinný Pivovar Zichovec,4.8,Farmhouse Ale - Grisette,500ml,500,9.98,Farmhouse Ale
Black Heart Draught Stout,4.39,Scotland,3.47,BrewDog,4.1,Stout - Irish Dry,Can 440ml,440,9.98,Stout
WHEAT ME UP!,4.39,Latvia,3.65,Hopalaa,4.7,IPA - White / Wheat,Can 440ml,440,9.98,IPA
Camba Paragraph 14 BME #79 Wet Hop Pils,4.39,Germany,3.49,Camba Bavaria,5.5,Pilsner - German,Can 440ml,440,9.98,Pilsner
Goth Save The Queen,4.99,Romania,3.79,Clandestin Beer,5.9,IPA - New England / Hazy,500ml,500,9.98,IPA
Stinky,4.99,Romania,3.67,Clandestin Beer,5.6,IPA - American,500ml,500,9.98,IPA
Ginfused Imperial Wheat Ale,4.99,Netherlands,3.55,Brouwerij Noordt,8.5,Wheat Beer - Other,500ml,500,9.98,Wheat Beer
Bloodhound (ESB),4.99,Poland,3.66,Ziemia Obiecana,5.5,Bitter - Extra Special / Strong (ESB),500ml,500,9.98,Bitter
Weiherer India Pale Ale,4.99,Germany,3.37,Brauerei Kundmüller,6.7,IPA - American,500ml,500,9.98,IPA
King ArthuD2,4.99,Romania,3.78,Clandestin Beer,6.0,IPA - New England / Hazy,500ml,500,9.98,IPA
Fresh Squeeze Vol. 1 Cucumber - Lime - Pear,4.99,Poland,3.8,TankBusters.Co,4.5,Sour - Fruited Gose,500ml,500,9.98,Sour
Pretty – Blackcurrant & Coconut,4.99,Poland,3.86,Magic Road,5.0,Sour - Fruited,500ml,500,9.98,Sour
St. Peter's Cream Stout,4.99,England,3.6,St. Peter’s Brewery Co.,6.5,Stout - English,500ml,500,9.98,Stout
Fifty / Fifty – Peach & Apricot,4.99,Poland,3.7,Magic Road,5.0,Fruit Beer,500ml,500,9.98,Fruit Beer
Sour Candy Gose #1,4.99,Poland,3.58,Piwne Podziemie,3.5,Sour - Fruited Gose,500ml,500,9.98,Sour
Mac Ivors Plum & Ginger Cider,4.99,Northern Ireland,3.61,Mac Ivors Cider Company,4.0,Cider - Herbed / Spiced / Hopped,500ml,500,9.98,Cider
Hertl Ur-Ur-Ur-Ur-Ur-Ur-Opa Hist.Brotbier,4.99,Germany,3.26,Braumanufaktur Hertl,5.4,Historical Beer - Other,500ml,500,9.98,Historical Beer
Beauty – Pineapple Ice Cream,4.99,Poland,3.58,Magic Road,5.0,Sour - Fruited,500ml,500,9.98,Sour
OVERDRIVE,4.99,Netherlands,3.95,Brouwerij LOST,7.1,IPA - New England / Hazy,500ml,500,9.98,IPA
All my Heroes are Dead,4.99,Poland,3.75,TankBusters.Co,5.5,IPA - Session,500ml,500,9.98,IPA
The Book of Hops vol.9: Superdelic – Alora,4.99,Poland,3.76,TankBusters.Co,6.1,IPA - New England / Hazy,500ml,500,9.98,IPA
Frightful Machine,4.99,England,3.71,DEYA Brewing Company,4.5,Pale Ale - American,500ml,500,9.98,Pale Ale
Angry Moose German Style Pilsner,4.99,Croatia,3.57,Nova Runda,5.0,Pilsner - German,500ml,500,9.98,Pilsner
Tracksuit,4.99,Bulgaria,3.79,Sofia Electric Brewing,8.0,Sour - Smoothie / Pastry,500ml,500,9.98,Sour
Citrus Smash,4.99,Poland,3.77,TankBusters.Co,5.0,IPA - Fruited,500ml,500,9.98,IPA
Guerrilla®,3.99,Italy,3.72,CRAK Brewery,5.8,IPA - American,400ml,400,9.98,IPA
Brew Paths,4.99,Poland,3.8,Maryensztadt,7.0,IPA - New England / Hazy,500ml,500,9.98,IPA
Camba Hop Gun Dry Hop Brown Ale,4.39,Germany,3.52,Camba Bavaria,6.4,Brown Ale - American,Can 440ml,440,9.98,Brown Ale
Smoothie Beer Sweet Blueberry Banana Red Grape Creme Brulee,4.99,Poland,3.79,Maryensztadt,4.2,Sour - Smoothie / Pastry,500ml,500,9.98,Sour
MANGARI,4.99,Netherlands,3.97,Brouwerij LOST,6.7,IPA - New Zealand,500ml,500,9.98,IPA
KOHARU,4.99,Netherlands,3.96,Brouwerij LOST,6.7,IPA - New Zealand,500ml,500,9.98,IPA
NECTARON,4.99,Netherlands,3.95,Brouwerij LOST,6.8,IPA - New England / Hazy,500ml,500,9.98,IPA
The Beast,4.99,Romania,3.72,Clandestin Beer,6.0,IPA - New England / Hazy,500ml,500,9.98,IPA
Granola Brown Ale,4.99,United States,3.7,Black Hog Brewing Co.,5.7,Brown Ale - American,500ml,500,9.98,Brown Ale
Hopchief,4.99,Poland,3.86,Funky Fluid,6.6,IPA - New England / Hazy,500ml,500,9.98,IPA
Don't Put It On Pizza,4.99,Poland,3.71,Funky Fluid,4.8,IPA - Session,500ml,500,9.98,IPA
Grande Réserve 2024,7.49,Belgium,3.83,Bières de Chimay,9.0,Belgian Strong Dark Ale,Bottle 750ml,750,9.99,Belgian Strong Dark Ale
Oude Geuze à l'Ancienne Brewing season 2018-2019 (new label),7.49,Belgium,3.63,Brouwerij Boon,7.0,Lambic - Gueuze,Bottle 750ml,750,9.99,Lambic
Blueberry Muffin,7.49,United States,4.26,Great Notion Brewing,6.0,Sour - Fruited,Bottle 750ml,750,9.99,Sour
Van Moll / Gulpener Spelt Geweld,3.3,Netherlands,3.38,Van Moll,5.5,Farmhouse Ale - Saison,330ml,330,10.0,Farmhouse Ale
Doerak Blik,3.3,Netherlands,3.52,Van Moll,6.5,IPA - American,330ml,330,10.0,IPA
Fizzy Lemon,3.3,Scotland,3.9,BrewDog/ Morgondagens Bryggeri,4.7,Sour - Fruited Berliner Weisse,Can 330ml,330,10.0,Sour
Hors Piste II - Port Sud,7.5,France,3.87,Ellipse,6.2,Historical Beer - Gruit / Ancient Herbed Ale,Bottle 750ml,750,10.0,Historical Beer
Opgebokt!,3.3,Netherlands,3.42,Van Moll,7.5,Bock - Doppelbock,330ml,330,10.0,Bock
De Baron 75CL,7.5,Netherlands,3.2,Eiber Bier,6.8,Brown Ale - Other,Bottle 750ml,750,10.0,Brown Ale
Pohjala Varske,3.3,Estonia,3.48,Põhjala,5.0,Lager - IPL (India Pale Lager),330ml,330,10.0,Lager
HOPZZ_ Essential,5.0,Poland,4.02,Browar PINTA,6.0,IPA - New England / Hazy,Can 500ml,500,10.0,IPA
Petrus Aged Pale,3.3,Belgium,3.58,Brouwerij De Brabandere,7.3,Sour - Other,330ml,330,10.0,Sour
Paix Dieu,3.3,Belgium,3.77,Brasserie Caulier,10.0,Belgian Tripel,330ml,330,10.0,Belgian Tripel
Weizen,3.3,Netherlands,3.44,Thorns Wit,5.9,Wheat Beer - Hefeweizen,330ml,330,10.0,Wheat Beer
Bokkige Boom,3.3,Netherlands,3.33,Stadsbrouwerij 013,6.5,Bock - Single / Traditional,330ml,330,10.0,Bock
Houten flesopener,2.5,Belgium,3.14,Brouwerij Strubbe,6.5,Pale Ale - Belgian,Bottle 250ml,250,10.0,Pale Ale
Brutaal Blondje,3.3,Netherlands,3.39,Brouwerij BorrelNoot,6.8,Blonde / Golden Ale - Other,330ml,330,10.0,Blonde / Golden Ale
Maisel & Friends Hopfenreiter,3.3,Germany,3.56,Brauerei Gebr. Maisel,5.2,Pale Ale - American,330ml,330,10.0,Pale Ale
Lervig Pilsner,3.3,Norway,3.16,LERVIG,4.7,Pilsner - Other,330ml,330,10.0,Pilsner
Inferno Tripel,3.3,Belgium,3.52,Gentse Gruut Stadsbrouwerij,9.0,Historical Beer - Gruit / Ancient Herbed Ale,330ml,330,10.0,Historical Beer
Breugem Smakkerd,3.3,Netherlands,3.51,Breugem Bier,8.1,Stout - Other,330ml,330,10.0,Stout
St. Idesbald Golden Blond,3.3,Belgium,3.52,Delirium - Huyghe Brewery,9.0,Belgian Tripel,330ml,330,10.0,Belgian Tripel
Cali - Can,3.3,Wales,3.66,Tiny Rebel Brewing Co,5.6,Pale Ale - American,330ml,330,10.0,Pale Ale
B3 Drie Granen Tripel,3.3,Netherlands,3.46,Berging Brouwerij,8.4,Belgian Tripel,330ml,330,10.0,Belgian Tripel
Dos Burros,3.3,Netherlands,3.49,Brouwerij Poesiat & Kater,5.5,Pale Ale - American,330ml,330,10.0,Pale Ale
Tropical,4.4,Latvia,3.72,Hopalaa,7.3,IPA - Imperial / Double,Can 440ml,440,10.0,IPA
Zeven Zonden Invidia,3.3,Belgium,3.68,Hugel,10.0,Stout - Imperial / Double,330ml,330,10.0,Stout
Akoya Pilsner,4.4,England,3.73,Utopian Brewing Ltd,5.0,Pilsner - Other,Can 440ml,440,10.0,Pilsner
Cydr Ignaców,3.3,Poland,3.38,Cydr Ignaców,6.0,Cider - Traditional / Apfelwein,Bottle 330ml,330,10.0,Cider
St. Bernardus Pater 6 Apátsági Dubbel,3.3,Belgium,3.55,Brouwerij St.Bernardus,6.7,Belgian Dubbel,330ml,330,10.0,Belgian Dubbel
7.77 Coffee Stout,3.3,Netherlands,3.56,Naastbos Brouwerij,7.7,Stout - Coffee,330ml,330,10.0,Stout
Siren YULU Can,3.3,England,3.46,Siren Craft Brew,3.6,Pale Ale - Other,330ml,330,10.0,Pale Ale
Helles,3.3,Belgium,3.42,Brasserie de la Mule,4.8,Lager - Helles,330ml,330,10.0,Lager
Zuyd Nova 7,3.3,Netherlands,3.51,Zuyd Craft,7.0,Belgian Blonde,330ml,330,10.0,Belgian Blonde
Sauce Magic beau Gosse,3.3,France,3.21,Brasserie Iron,6.0,Spiced / Herbed Beer,330ml,330,10.0,Spiced / Herbed Beer
Porno Blond,3.3,Netherlands,3.48,Brouwerij De Werf,6.0,Belgian Blonde,330ml,330,10.0,Belgian Blonde
Jolig,3.3,Netherlands,3.36,Brouwerij Eembier,6.2,Blonde / Golden Ale - Other,330ml,330,10.0,Blonde / Golden Ale
Grisette,7.5,Spain,3.53,Cyclic Beer Farm,3.7,Farmhouse Ale - Grisette,Bottle 750ml,750,10.0,Farmhouse Ale
Mirette,7.5,France,3.69,Microbrasserie La Montagnarde,6.5,Farmhouse Ale - Saison,Bottle 750ml,750,10.0,Farmhouse Ale
Gose Abricot Laurier,3.3,France,3.79,Brasserie Iron,6.0,Sour - Fruited Gose,330ml,330,10.0,Sour
Masterbar Vanilla & Coconut,3.3,Poland,4.0,Browar PINTA,11.0,Barleywine - Other,330ml,330,10.0,Barleywine
Siren Broken Dream Can,3.3,England,3.69,Siren Craft Brew,6.5,Stout - Oatmeal,330ml,330,10.0,Stout
Bollenstreek Ale Glutenvrij,3.3,Netherlands,3.28,Brouwerij Klein Duimpje,7.0,Blonde / Golden Ale - Other,330ml,330,10.0,Blonde / Golden Ale
Chug,4.4,England,3.44,Mash Gang,0.5,Non-Alcoholic - Pale Ale,Can 440ml,440,10.0,Non-Alcoholic
Groene Hart Bier Tripel,3.3,Netherlands,3.5,Brouwerij BorrelNoot/ SpierBier Brouwerij,8.0,Belgian Tripel,330ml,330,10.0,Belgian Tripel
Scottish Oat Stout,3.3,Scotland,3.7,Belhaven Brewery,7.0,Stout - Oatmeal,330ml,330,10.0,Stout
Weizenbock,3.3,Netherlands,3.54,DAVO,8.8,Bock - Weizenbock,330ml,330,10.0,Bock
Naeckte Bock,3.3,Netherlands,3.45,Naeckte Brouwers,7.5,Bock - Single / Traditional,330ml,330,10.0,Bock
Lagerbier Hell,5.0,Germany,3.64,Augustiner-Bräu München,5.2,Lager - Helles,Bottle 500ml,500,10.0,Lager
Sunny Day American IPA,3.3,Netherlands,3.54,Jopen,6.0,Blonde / Golden Ale - Other,Can 330ml,330,10.0,Blonde / Golden Ale
Scottish Ale,3.3,Scotland,3.58,Belhaven Brewery,5.2,Scottish Ale,330ml,330,10.0,Scottish Ale
Apres Kievit,3.3,Netherlands,3.47,Bird Brewery,8.6,Winter Ale,330ml,330,10.0,Winter Ale
Blond,3.3,Netherlands,3.45,Brouwerij Leidse Goud,6.5,Belgian Blonde,330ml,330,10.0,Belgian Blonde
Sierra Nevada Pale Ale 35.5ml,3.5,Spain,,Triple Brew,5.6,Pale Ale - American,350ml,350,10.0,Pale Ale
Gruut Bruin Glutenvrij,3.3,Belgium,3.05,Gentse Gruut Stadsbrouwerij,3.5,Gluten-Free,330ml,330,10.0,Gluten-Free
The Outrageous Oyster's Stout,4.4,Sweden,3.39,The Pine Ridge Brewery,4.8,Stout - Oyster,Can 440ml,440,10.0,Stout
Green Hopped Pilsner: 2024,4.4,England,3.68,Utopian Brewing Ltd,5.0,Pilsner - Other,Can 440ml,440,10.0,Pilsner
Singel,3.3,Netherlands,3.0,Stadsbrouwerij Woerden,6.5,IPA - Other,330ml,330,10.0,IPA
Patt,3.3,Estonia,3.72,Pühaste Brewery,6.6,Porter - American,330ml,330,10.0,Porter
Traditional,5.0,Scotland,3.66,Thistly Cross Cider,4.4,Cider - Traditional / Apfelwein,Bottle 500ml,500,10.0,Cider
A Misspent Youth,5.0,Czech Republic,3.71,Rodinný Pivovar Zichovec,5.1,Pilsner - Other,500ml,500,10.0,Pilsner
Unfiltered British Lager,4.4,England,3.36,Utopian Brewing Ltd,4.7,Lager - Helles,Can 440ml,440,10.0,Lager
Loomi,7.5,France,3.73,Sacrilège,4.6,Sour - Other,Bottle 750ml,750,10.0,Sour
Blue,7.5,Belgium,3.9,Bières de Chimay,9.0,Belgian Strong Dark Ale,Bottle 750ml,750,10.0,Belgian Strong Dark Ale
Tripel AAP,3.3,Netherlands,3.56,Guilty Monkey Brewery,9.5,Belgian Tripel,330ml,330,10.0,Belgian Tripel
Teeny Weeny Appletini,3.3,Netherlands,2.9,Uiltje Brewing Company,5.0,Cider - Graff,330ml,330,10.0,Cider
Mercator,3.3,Belgium,3.46,Rimor Brewery,8.0,Belgian Tripel,330ml,330,10.0,Belgian Tripel
White Chocolate Stout,3.3,Netherlands,3.41,Naastbos Brouwerij,6.7,Stout - Oatmeal,330ml,330,10.0,Stout
Van Honsebrouck Bacchus Kriekenbier,3.75,Belgium,3.69,Kasteel Brouwerij Vanhonsebrouck,5.8,Sour - Flanders Oud Bruin,Bottle 375ml,375,10.0,Sour
Salted Caramel Tonkoko,4.4,England,3.85,Brew York,4.3,Stout - Milk / Sweet,Can 440ml,440,10.0,Stout
Yuzu Samuray,3.3,Slovakia,3.45,Nilio Brewery,0.5,Non-Alcoholic - IPA,330ml,330,10.0,Non-Alcoholic
8% Brune,3.3,Belgium,3.61,Abbaye de Maredsous,8.0,Belgian Dubbel,330ml,330,10.0,Belgian Dubbel
Spezial,5.0,Germany,3.51,Flötzinger Bräu,5.4,Lager - Dortmunder / Export,Bottle 500ml,500,10.0,Lager
Wild West,3.3,Belgium,3.91,Brouwerij Alvinne/ Stillwater Artisanal,6.0,Sour - Other,330ml,330,10.0,Sour
Utopian / Braybrooke - Franconian Dunkel,4.4,England,3.83,Utopian Brewing Ltd,4.9,Lager - Munich Dunkel,Can 440ml,440,10.0,Lager
Sussex Haze,4.4,England,3.73,360° Brewing Company,4.5,Pale Ale - New England / Hazy,Can 440ml,440,10.0,Pale Ale
Great Warrior,3.3,Slovakia,3.45,Nilio Brewery,0.5,Non-Alcoholic - IPA,330ml,330,10.0,Non-Alcoholic
De Verzachter,3.3,Netherlands,3.49,Brewery42,6.2,Belgian Blonde,330ml,330,10.0,Belgian Blonde
Drink And Harvest,5.0,Czech Republic,3.67,Rodinný Pivovar Zichovec,0.5,Non-Alcoholic - Lager,Can 500ml,500,10.0,Non-Alcoholic
Gebrouwen door Vrouwen Glüh Weizen,3.3,Netherlands,3.22,Gebrouwen Door Vrouwen,6.5,Spiced / Herbed Beer,330ml,330,10.0,Spiced / Herbed Beer
Mesmerist,3.3,England,3.56,Siren Craft Brew,3.4,Pale Ale - Other,Can 330ml,330,10.0,Pale Ale
Wit,3.3,Netherlands,3.36,Wentersch,5.5,Wheat Beer - Witbier / Blanche,330ml,330,10.0,Wheat Beer
HepcAF,3.3,England,3.25,The Gipsy Hill Brewing Co.,0.5,Non-Alcoholic - IPA,Can 330ml,330,10.0,Non-Alcoholic
Winter Welcome,7.5,England,3.53,Samuel Smith,6.0,Winter Ale,Bottle 750ml,750,10.0,Winter Ale
Bruin,3.3,Belgium,3.27,Brouwerij Broeder Jacob,7.5,Brown Ale - Belgian,330ml,330,10.0,Brown Ale
Bon Secours - Héritage,3.3,Belgium,3.31,Brasserie Caulier,8.0,Belgian Strong Golden Ale,330ml,330,10.0,Belgian Strong Golden Ale
Fairytale of Brew York 2024,4.4,England,3.61,Brew York,4.9,Stout - Milk / Sweet,Can 440ml,440,10.0,Stout
Zeeuwse Lust,3.3,Netherlands,3.39,Brouwerij Kees,6.0,Wheat Beer - Hefeweizen,330ml,330,10.0,Wheat Beer
Geboortebiertje Baby Blond,3.3,Netherlands,3.35,Brouwerij 't Meuleneind,6.5,Belgian Blonde,330ml,330,10.0,Belgian Blonde
Bock,3.3,Netherlands,,Le Grand Crue,7.0,Bock - Single / Traditional,330ml,330,10.0,Bock
Framboise Hibiscus Lambicus,2.5,Belgium,3.5,Brewery John Martin & Brewery Timmermans,4.0,Lambic - Framboise,Bottle 250ml,250,10.0,Lambic
Brug 1936,3.3,Netherlands,3.39,Kronenburger Brouwers,8.0,Belgian Strong Golden Ale,330ml,330,10.0,Belgian Strong Golden Ale
St. Stevens 1275,3.3,Netherlands,3.7,Kronenburger Brouwers,9.8,Belgian Quadrupel,330ml,330,10.0,Belgian Quadrupel
Caramel Fudge Stout,3.3,Netherlands,3.88,Brouwerij Kees,11.5,Stout - Imperial / Double,330ml,330,10.0,Stout
Woerdens Wit (batch#1),3.3,Netherlands,3.44,Bierloods22,5.0,Wheat Beer - Witbier / Blanche,330ml,330,10.0,Wheat Beer
Hazy Jane Guava,3.3,Scotland,3.71,BrewDog,5.0,IPA - Milkshake,Can 330ml,330,10.0,IPA
Hell,5.0,Germany,3.63,Herzoglich Bayerisches Brauhaus Tegernsee,4.8,Lager - Helles,Bottle 500ml,500,10.0,Lager
Stokers Stout,3.3,Scotland,3.17,Jump Ship Brewing Ltd,0.5,Non-Alcoholic - Porter / Stout,Can 330ml,330,10.0,Non-Alcoholic
Jackstaff IPA,3.3,Scotland,3.23,Jump Ship Brewing Ltd,0.5,Non-Alcoholic - IPA,Can 330ml,330,10.0,Non-Alcoholic
Non Alcoholic Koene Ridder,3.3,Netherlands,3.01,Rock City Brewing,0.3,Non-Alcoholic - Other,330ml,330,10.0,Non-Alcoholic
Table Beer - 2.7,3.3,England,3.6,The Kernel Brewery,3.3,Table Beer,Bottle 330ml,330,10.0,Table Beer
Cuvée Clarisse Omerta Rum Likeur Infused,3.3,Belgium,3.66,Brouwerij Wilderen,11.2,Belgian Strong Dark Ale,330ml,330,10.0,Belgian Strong Dark Ale
Chapter 9: Farmhouse Rock,3.3,Netherlands,3.46,Jopen,7.0,Farmhouse Ale - Other,330ml,330,10.0,Farmhouse Ale
ES GARDE FIGUE,7.5,France,3.77,Brasserie La Malpolon,7.8,Farmhouse Ale - Bière de Garde,Bottle 750ml,750,10.0,Farmhouse Ale
Duchesse De Bourgogne Vlaams Bruin,2.5,Belgium,3.66,Brouwerij Verhaeghe,6.2,Sour - Flanders Red Ale,Bottle 250ml,250,10.0,Sour
White Knight,3.3,Slovakia,3.05,Nilio Brewery,0.5,Non-Alcoholic - Other,330ml,330,10.0,Non-Alcoholic
Ugar Brewery Wonder Kompót CAN Lila | Szavidő: 2024.04.24.,3.3,Hungary,3.26,UGAR Brewery,5.0,Fruit Beer,330ml,330,10.0,Fruit Beer
Dyniamit (Pumpkin Yam Beer),5.0,Poland,3.44,Browar PINTA,6.0,Pumpkin / Yam Beer,500ml,500,10.0,Pumpkin / Yam Beer
Waterloo Triple Blond,3.3,Belgium,3.5,Waterloo Brewery Mont-St-Jean,8.0,Belgian Tripel,330ml,330,10.0,Belgian Tripel
Sancti Adalberti Egmondse Tripel,3.3,Netherlands,3.54,Brouwerij Egmond,7.5,Belgian Tripel,330ml,330,10.0,Belgian Tripel
Masterbar Cocoa Nibs & Orange Peel,3.3,Poland,3.96,Browar PINTA,11.0,Barleywine - Other,330ml,330,10.0,Barleywine
Bandit,3.3,England,3.48,The Gipsy Hill Brewing Co.,3.8,Gluten-Free,Can 330ml,330,10.0,Gluten-Free
Dirty Horse,4.4,Belgium,3.61,De Struise Brouwers,5.5,Sour - Other,Can 440ml,440,10.0,Sour
Tesselaar Slufter Bok,3.3,Netherlands,3.5,Tesselaar Familiebrouwerij Diks,7.5,Bock - Single / Traditional,330ml,330,10.0,Bock
Kompaan Paradise Weizen,3.3,Netherlands,3.49,KOMPAAN Dutch Craft Beer Company,6.0,Wheat Beer - Hefeweizen,330ml,330,10.0,Wheat Beer
Shuffle,4.4,Scotland,3.6,Overtone Brewing Co,4.5,Pale Ale - Other,Can 440ml,440,10.0,Pale Ale
Caribic IPA,3.3,Slovakia,3.39,Nilio Brewery,6.0,IPA - American,330ml,330,10.0,IPA
Baron,3.3,Netherlands,3.4,Big Belly Brewing Company,5.5,Historical Beer - Other,330ml,330,10.0,Historical Beer
Toren 1425,3.3,Netherlands,3.55,Kronenburger Brouwers,8.0,Belgian Tripel,330ml,330,10.0,Belgian Tripel
De Weekbreker,3.3,Netherlands,3.51,Brewery42,10.0,Belgian Tripel,330ml,330,10.0,Belgian Tripel
Dyk Skiep,3.3,Netherlands,2.53,Ramses Bier,4.8,Wheat Beer - Hefeweizen,330ml,330,10.0,Wheat Beer
Hazy Pale Ale,3.3,Netherlands,3.38,Rock City Brewing,0.33,Non-Alcoholic - Pale Ale,330ml,330,10.0,Non-Alcoholic
Peach Nordic Sour,3.31,Sweden,3.73,Poppels Bryggeri,4.5,Sour - Fruited,Can 330ml,330,10.03,Sour
Marshmallow 100K Hill,4.72,United States,4.03,Southern Grist Brewing Company,6.0,Sour - Fruited,Can 470ml,470,10.04,Sour
Pohjala Kosmos,3.32,Estonia,3.64,Põhjala,5.5,IPA - New England / Hazy,Can 330ml,330,10.06,IPA
Pohjala Orange Gose,3.32,Estonia,3.42,Põhjala,5.5,Sour - Fruited Gose,Can 330ml,330,10.06,Sour
La Trappe Blonde,3.32,Netherlands,3.67,Bierbrouwerij De Koningshoeven,6.5,Belgian Blonde,330ml,330,10.06,Belgian Blonde
666,3.32,Belgium,3.61,Duvel Moortgat,6.66,Belgian Blonde,330ml,330,10.06,Belgian Blonde
Passion Flick,3.32,Hungary,3.61,HORIZONT Brewing,4.1,Pale Ale - Milkshake,330ml,330,10.06,Pale Ale
Almás Rétes,3.32,Hungary,3.79,Szent András Sörfőzde,4.2,Spiced / Herbed Beer,330ml,330,10.06,Spiced / Herbed Beer
Arpus Brewing Co. Tdh Motueka X Riwaka X Galaxy Dipa,5.03,Latvia,3.99,Ārpus Brewing Co.,6.5,IPA - New England / Hazy,500ml,500,10.06,IPA
Tisztás. 2022,3.32,Hungary,3.27,BudaPrés Cider,6.4,Cider - Dry,330ml,330,10.06,Cider
Unconditional Love,3.32,Hungary,3.66,Dealbreaker,3.6,Sour - Fruited Berliner Weisse,330ml,330,10.06,Sour
Gentle Bastard,3.32,Hungary,3.66,HORIZONT Brewing,6.5,IPA - American,330ml,330,10.06,IPA
{K}omlós 2022,3.32,Hungary,3.6,BudaPrés Cider,6.2,Cider - Herbed / Spiced / Hopped,330ml,330,10.06,Cider
Au Baron / Pays Flamand Saison des Beaux Jours,7.55,France,4.1,Brasserie au Baron,5.5,Farmhouse Ale - Saison,Bottle 750ml,750,10.07,Farmhouse Ale
Au Baron / Cantina Errante Saison Vagabonda,7.55,France,3.86,Brasserie au Baron,5.5,Farmhouse Ale - Saison,Bottle 750ml,750,10.07,Farmhouse Ale
Vychlazeno (I chilled my beer.),5.04,Czech Republic,3.74,Sibeeria,6.4,New Zealand Cold IPA,Can 500ml,500,10.08,New Zealand Cold IPA
Sibeeria / Demory / Moor - Heart To Heart To Heart,5.04,Czech Republic,3.8,Sibeeria,6.5,IPA - American,Can 500ml,500,10.08,IPA
Broeker Blonde,3.33,Netherlands,3.35,Waterland Brewery,5.0,Blonde / Golden Ale - Other,330ml,330,10.09,Blonde / Golden Ale
La Mule Tropical Weisse,3.33,Belgium,3.4,Brasserie de la Mule,5.0,Lager - IPL (India Pale Lager),330ml,330,10.09,Lager
Siren The Flying Circus,4.44,England,3.6,Siren Craft Brew,4.5,Pale Ale - American,Can 440ml,440,10.09,Pale Ale
Witte Simmie,3.33,Netherlands,3.42,Brouwerij Frontaal,5.2,Wheat Beer - Witbier / Blanche,330ml,330,10.09,Wheat Beer
Winter Helheim,3.33,Belgium,3.67,Enigma,12.0,Winter Warmer,330ml,330,10.09,Winter Warmer
Grapefruit Lollihop,5.05,Czech Republic,3.76,Sibeeria,6.6,IPA - Fruited,Can 500ml,500,10.1,IPA
Black Shark – Imperial Black IPA – Dose,4.45,Germany,3.51,Camba Bavaria,8.5,IPA - Imperial / Double Black,Can 440ml,440,10.11,IPA
Stay West,3.59,United States,3.81,Breakside Brewery,7.0,IPA - American,355ml,355,10.11,IPA
Retrowave – Double IPA,4.45,Germany,3.82,FrauGruber Brewing,8.5,IPA - Imperial / Double New England / Hazy,Can 440ml,440,10.11,IPA
La-La Land – American Pale Ale,4.45,Finland,3.47,Salama Brewing Company,5.5,Pale Ale - American,Can 440ml,440,10.11,Pale Ale
Denogginizer,3.59,United States,3.89,Drake's Brewing Company,9.8,IPA - Imperial / Double,355ml,355,10.11,IPA
True Gold,3.59,United States,3.62,Breakside Brewery,5.1,Blonde / Golden Ale - Other,355ml,355,10.11,Blonde / Golden Ale
The Piggy Brewing Eroica,3.34,France,3.82,The Piggy Brewing Company,6.1,IPA - New England / Hazy,Can 330ml,330,10.12,IPA
Palm Sway,4.79,United States,3.67,Coronado Brewing Company,6.5,IPA - American,473ml,473,10.13,IPA
Rogue Dead n' Dead,7.6,United States,3.86,Rogue Ales,9.5,Bock - Hell / Maibock / Lentebock,Bottle 750ml,750,10.13,Bock
Smashing Cherry Blonde,4.79,United States,3.68,Hoppin' Frog Brewery,5.2,Blonde / Golden Ale - Other,473ml,473,10.13,Blonde / Golden Ale
Double Bastard Ale,4.79,United States,3.68,Stone Brewing,11.0,Strong Ale - American,473ml,473,10.13,Strong Ale
Val-Dieu Noel,7.6,Belgium,3.55,Brasserie de l'Abbaye du Val-Dieu,7.0,Winter Warmer,Bottle 750ml,750,10.13,Winter Warmer
Sour Times,7.6,France,3.8,Brasserie du Midi,4.0,Sour - Fruited Berliner Weisse,Bottle 750ml,750,10.13,Sour
Gerd,5.07,Poland,3.73,Funky Fluid,6.4,IPA - Other,500ml,500,10.14,IPA
Lager,3.6,United States,3.42,Boston Beer Company,5.0,Lager - Vienna,355ml,355,10.14,Lager
Blond,3.35,Belgium,3.58,Brouwerij De Poes,8.0,Belgian Strong Golden Ale,330ml,330,10.15,Belgian Strong Golden Ale
vandeStreek Farm Fresh,3.35,Netherlands,3.77,vandeStreek bier,5.5,IPA - New England / Hazy,330ml,330,10.15,IPA
Polyamorie Mango Sour Pale Ale,3.35,Netherlands,3.41,Oedipus Brewing,5.0,Sour - Fruited Berliner Weisse,330ml,330,10.15,Sour
Kutbier Blond Met Perzik,3.35,Netherlands,3.34,Brouwerij Boegbeeld,6.3,Belgian Blonde,330ml,330,10.15,Belgian Blonde
Ramses Antenne Tripel,3.35,Netherlands,3.21,Ramses Bier,8.4,Belgian Tripel,330ml,330,10.15,Belgian Tripel
Jambe-De-Bois Tripel BIO,3.35,Belgium,3.56,Brasserie de la Senne,8.0,Belgian Tripel,330ml,330,10.15,Belgian Tripel
Hel & Verdoemenis Imperial Stout,3.35,Netherlands,3.85,Brouwerij de Molen,10.0,Stout - Russian Imperial,330ml,330,10.15,Stout
Gooisch Saison,3.35,Netherlands,3.45,Gooische Bierbrouwerij,6.0,Farmhouse Ale - Saison,330ml,330,10.15,Farmhouse Ale
Tripel,3.35,Netherlands,3.62,De Brouwkamer,8.0,Belgian Tripel,330ml,330,10.15,Belgian Tripel
Belgian Balance / La Source Barking White,3.35,Belgium,3.41,Belgian Balance,0.5,Non-Alcoholic - IPA,330ml,330,10.15,Non-Alcoholic
Waterloo Double Dark,3.35,Belgium,3.49,Waterloo Brewery Mont-St-Jean,8.0,Belgian Strong Dark Ale,330ml,330,10.15,Belgian Strong Dark Ale
Heemsteedsch Gerstenat 2023 Pale Ale,3.35,Netherlands,3.39,De Gekroonde Merlet,5.2,Pale Ale - American,330ml,330,10.15,Pale Ale
Brewing Pick Me Up,3.35,France,3.69,The Piggy Brewing Company,4.5,IPA - Session,Can 330ml,330,10.15,IPA
Grand Cru,3.35,Belgium,3.71,Brasserie St-Feuillien,9.5,Belgian Strong Golden Ale,330ml,330,10.15,Belgian Strong Golden Ale
KEREL Kaishaku,3.35,Belgium,3.43,VBDCK Brewery,15.0,Strong Ale - American,330ml,330,10.15,Strong Ale
Imperial Barley Wine Glutenvrij,3.35,Netherlands,3.66,Brouwerij Klein Duimpje,14.0,Gluten-Free,330ml,330,10.15,Gluten-Free
Dikke Lul 3 Bier,3.35,Netherlands,3.49,Uiltje Brewing Company,5.6,Pale Ale - American,Can 330ml,330,10.15,Pale Ale
Tripel,3.35,Netherlands,3.54,Brouwerij De Toekomst,9.0,Belgian Tripel,330ml,330,10.15,Belgian Tripel
vandeStreek Green Gold,3.35,Netherlands,3.64,vandeStreek bier,6.3,IPA - American,330ml,330,10.15,IPA
De Molen Sorachi & Sriracha,3.35,Netherlands,3.51,Brouwerij de Molen,8.0,Porter - Other,330ml,330,10.15,Porter
Zundert Trappist 10 Quadrupel,3.35,Netherlands,3.74,Trappistenbrouwerij de Kievit B.V.,10.0,Belgian Quadrupel,330ml,330,10.15,Belgian Quadrupel
Bush  Caractere,3.35,Belgium,3.62,Brasserie Dubuisson,12.0,Belgian Strong Golden Ale,330ml,330,10.15,Belgian Strong Golden Ale
Juice Punch 0.5 New England IPA,3.35,Netherlands,3.27,Brouwerij Frontaal,0.5,Non-Alcoholic - IPA,Can 330ml,330,10.15,Non-Alcoholic
Woest,3.35,Netherlands,3.76,Dutch Bargain,10.0,Stout - Imperial / Double,330ml,330,10.15,Stout
Tongerlo Prior Tripel,3.35,Belgium,3.64,Brouwerij Haacht Brasserie,9.0,Belgian Tripel,330ml,330,10.15,Belgian Tripel
Barbãr Blond Honingbier Beugelfles,3.35,Belgium,3.49,Brasserie Lefebvre,8.0,Honey Beer,330ml,330,10.15,Honey Beer
Non Dubbel,3.35,Netherlands,3.45,Naeckte Brouwers,7.5,Belgian Dubbel,330ml,330,10.15,Belgian Dubbel
De Molen Rook & Rogge,3.35,Netherlands,3.58,Brouwerij de Molen,7.5,IPA - Rye,330ml,330,10.15,IPA
La Corne Quadrupel Oaked,3.35,Belgium,3.7,Brasserie des Légendes,12.0,Belgian Quadrupel,330ml,330,10.15,Belgian Quadrupel
Sour Fruit Ale Mango Passion,3.35,Sweden,3.65,Poppels Bryggeri,6.0,Sour - Fruited,Can 330ml,330,10.15,Sour
Sarajevsko Svijetlo Pivo (Bosnia),3.35,Bosnia and Herzegovina,2.97,Sarajevska Pivara,4.9,Lager - Pale,330ml,330,10.15,Lager
Always Christmas Porter,3.35,Sweden,3.47,Stigbergets Bryggeri,5.0,Porter - Other,330ml,330,10.15,Porter
Saison Du Meyboom (2023),3.35,Belgium,3.54,Brasserie de la Senne,5.5,Farmhouse Ale - Saison,330ml,330,10.15,Farmhouse Ale
Three Demons Tripel,3.35,Netherlands,3.56,Happy Demons Craft Beer,10.0,Belgian Tripel,Can 330ml,330,10.15,Belgian Tripel
Breugem Manhug,3.35,Netherlands,3.38,Breugem Bier,5.7,IPA - Other,330ml,330,10.15,IPA
Walhalla Nisaba,3.35,Netherlands,3.53,Walhalla Brouwerij & Proeflokaal,6.5,IPA - American,330ml,330,10.15,IPA
Smuling IPA,3.35,Netherlands,3.47,Brouwerij Poesiat & Kater,6.5,IPA - American,330ml,330,10.15,IPA
Local IPA – IPA,3.35,Germany,3.64,orca brau,6.4,IPA - Other,330ml,330,10.15,IPA
(BUDAPEST DELIVERY ONLY!) Yellow Haze,4.47,Hungary,3.82,Brew Your Mind,5.5,Pale Ale - New England / Hazy,Can 440ml,440,10.16,Pale Ale
Mad In Black,4.47,Hungary,3.44,Mad Scientist,5.0,Pilsner - Other,Can 440ml,440,10.16,Pilsner
Selfish Games Cashmere Shores,4.47,Hungary,3.77,HORIZONT Brewing,6.5,IPA - New England / Hazy,Can 440ml,440,10.16,IPA
Starvation,4.47,Slovenia,3.68,Reservoir Dogs Brewery,8.5,IPA - Black / Cascadian Dark Ale,Can 440ml,440,10.16,IPA
Moisson Dorée,7.62,France,3.92,Brasserie La Malpolon,6.8,Farmhouse Ale - Bière de Garde,Bottle 750ml,750,10.16,Farmhouse Ale
Siren Times Eleven,4.47,England,3.6,Siren Craft Brew,5.2,Lager - Helles,Can 440ml,440,10.16,Lager
Phantasmagoria,5.09,Poland,3.95,Funky Fluid,6.4,IPA - New England / Hazy,Can 500ml,500,10.18,IPA
Smoothie Beer Pumpkin Pie,5.09,Poland,3.74,Maryensztadt,4.2,Sour - Smoothie / Pastry,500ml,500,10.18,Sour
Camba Black Shark Imperial Black IPA,4.49,Germany,3.51,Camba Bavaria,8.5,IPA - Imperial / Double Black,Can 440ml,440,10.2,IPA
Stress Less,5.1,Romania,3.97,Hop Hooligans,6.0,IPA - New England / Hazy,Can 500ml,500,10.2,IPA
Jupiter,5.1,Poland,3.77,Browarny Craft Beer,6.0,Sour - Fruited Gose,Can 500ml,500,10.2,Sour
Empire Of Light,5.1,Romania,3.95,Hop Hooligans,6.0,IPA - Imperial / Double New England / Hazy,Can 500ml,500,10.2,IPA
Hellerbock,5.1,Germany,3.31,Brauerei Simon,7.0,Bock - Hell / Maibock / Lentebock,500ml,500,10.2,Bock
B2B,5.1,Poland,3.6,Browarny Craft Beer,6.0,IPA - Sour,Can 500ml,500,10.2,IPA
No No Noats,5.1,Romania,3.85,Hop Hooligans,5.0,Pale Ale - New England / Hazy,Can 500ml,500,10.2,Pale Ale
Lübecker Helles,4.49,Germany,3.57,Sudden Death Brewing Co.,4.8,Lager - Helles,Can 440ml,440,10.2,Lager
Weissbier Hell,5.1,Germany,3.71,Klosterbrauerei Andechs,5.5,Wheat Beer - Hefeweizen,Bottle 500ml,500,10.2,Wheat Beer
Imported Goods,4.49,Germany,3.66,FrauGruber Brewing,5.1,Wheat Beer - Other,Can 440ml,440,10.2,Wheat Beer
TDH Waimea X Riwaka DIPA,4.49,Latvia,3.96,Ārpus Brewing Co.,8.0,IPA - Imperial / Double New England / Hazy,Can 440ml,440,10.2,IPA
Hell,5.1,Germany,3.49,Flötzinger Bräu,5.0,Lager - Helles,Bottle 500ml,500,10.2,Lager
Gamma / Outer Range Slow Ramblings,4.49,Denmark,3.42,Gamma Brewing Company,5.2,Lager - Other,Can 440ml,440,10.2,Lager
Dunkel,5.1,Germany,3.6,Augustiner-Bräu München,5.6,Lager - Munich Dunkel,Bottle 500ml,500,10.2,Lager
Lübecker Pilsener,4.49,Germany,3.53,Sudden Death Brewing Co.,4.8,Pilsner - German,Can 440ml,440,10.2,Pilsner
Whirly Brain,4.49,Germany,3.94,FUERST WIACEK,8.0,IPA - Imperial / Double,Can 440ml,440,10.2,IPA
TDH RAKAU X GALAXY DIPA,4.49,Latvia,3.93,Ārpus Brewing Co.,8.0,IPA - Imperial / Double New England / Hazy,Can 440ml,440,10.2,IPA
Polymers Are Forever,4.49,Germany,3.98,FUERST WIACEK,6.8,IPA - New England / Hazy,Can 440ml,440,10.2,IPA
Camba BME #73 Flandern Blonde,4.49,Germany,3.77,Camba Bavaria/ Thompson Island Brewing Company,6.6,IPA - New England / Hazy,Can 440ml,440,10.2,IPA
Double IPA,4.49,Latvia,3.99,X-Brewing x Brouwdok,6.5,IPA - New England / Hazy,Can 440ml,440,10.2,IPA
Edelstoff,5.1,Germany,3.62,Augustiner-Bräu München,5.6,Lager - Dortmunder / Export,Bottle 500ml,500,10.2,Lager
Andechs Weizenbock,5.1,Germany,3.74,Klosterbrauerei Andechs,7.0,Bock - Weizenbock,500ml,500,10.2,Bock
Bookworm,5.1,Romania,3.86,Hop Hooligans,5.0,Lager - Other,Can 500ml,500,10.2,Lager
For the Love of Hops Cyan,4.49,Netherlands,3.66,Brouwerij Frontaal,5.5,IPA - New England / Hazy,Can 440ml,440,10.2,IPA
Superside,5.1,Hungary,3.72,Yeast Side,6.0,IPA - New England / Hazy,Can 500ml,500,10.2,IPA
TDH Strata x Rakau x Motueka IPA,4.49,Latvia,3.86,Ārpus Brewing Co.,6.5,IPA - New England / Hazy,Can 440ml,440,10.2,IPA
"Cierzo/Cyclic Una Mass, Bitte German Bitter",4.49,Spain,3.54,Cierzo Brewing Co.,4.2,Bitter - Extra Special / Strong (ESB),Can 440ml,440,10.2,Bitter
Jahrhundert,5.1,Germany,3.58,Ayinger Privatbrauerei,5.5,Lager - Dortmunder / Export,Bottle 500ml,500,10.2,Lager
"Schwarze Rose x Kuehn Kunz Rosen Schrille Nacht Winter IPA 0,33",4.49,Germany,3.63,KUEHN KUNZ ROSEN/ Schwarze Rose,6.8,IPA - Other,Can 440ml,440,10.2,IPA
Bae,5.1,Poland,3.64,COYPU,5.1,Pilsner - New Zealand,500ml,500,10.2,Pilsner
Parklife,4.49,Germany,3.93,FUERST WIACEK,6.8,IPA - American,Can 440ml,440,10.2,IPA
Yellow Haze,4.49,Hungary,3.82,Brew Your Mind,5.5,Pale Ale - New England / Hazy,Can 440ml,440,10.2,Pale Ale
Blond,7.65,Belgium,3.65,Abbaye de Leffe,8.5,Belgian Tripel,Bottle 750ml,750,10.2,Belgian Tripel
Lübecker Zwickel,4.49,Germany,3.61,Sudden Death Brewing Co.,4.8,Kellerbier / Zwickelbier,Can 440ml,440,10.2,Kellerbier / Zwickelbier
Double Milk Stout,4.49,United States,3.89,Left Hand Brewing Company,10.5,Stout - Imperial / Double Milk,Can 440ml,440,10.2,Stout
Helles Lager,5.8,England,3.25,Arbor Ales,4.2,Lager - Helles,Can 568ml,568,10.21,Lager
Liquid Gold,4.5,England,3.55,Brew York,5.4,IPA - New England / Hazy,Can 440ml,440,10.23,IPA
Astral Grains,4.5,Ireland,3.81,LINEMAN,7.2,Stout - Foreign / Export,Can 440ml,440,10.23,Stout
Walhalla Vali,4.5,United States,,CraftRoots Brewing,3.5,Pilsner - Other,Can 440ml,440,10.23,Pilsner
Maple Glaze Maple And Coconut Stout,4.5,England,3.72,Vocation Brewery,6.8,Stout - Other,Can 440ml,440,10.23,Stout
Cloudy Lemonade - Citra & Nelson Sauvin,4.5,Scotland,3.79,Vault City Brewing,4.2,Sour - Fruited,Can 440ml,440,10.23,Sour
Imported Goods,4.5,Germany,3.66,FrauGruber Brewing,5.8,Wheat Beer - Other,Can 440ml,440,10.23,Wheat Beer
Siren - Suspended in Citra (Mistletoe),4.5,England,3.74,Siren Craft Brew,4.0,Pale Ale - American,Can 440ml,440,10.23,Pale Ale
Fluid Dynamic,4.5,Ireland,3.65,LINEMAN,4.8,Pale Ale - XPA (Extra Pale),Can 440ml,440,10.23,Pale Ale
Fruit Press,4.5,Netherlands,3.74,Moersleutel Craft Brewery,5.0,IPA - New England / Hazy,Can 440ml,440,10.23,IPA
Can I Lick It?,4.5,Netherlands,3.74,Cockroach Brew,8.5,IPA - Imperial / Double New England / Hazy,Can 440ml,440,10.23,IPA
TDH Kohia Nelson SubZero Hop Kief™ IPA,4.5,Latvia,3.86,Ārpus Brewing Co.,6.5,IPA - New England / Hazy,Can 440ml,440,10.23,IPA
Blood of Ida,4.5,Netherlands,3.67,Raven Bone Hill,10.0,Stout - Russian Imperial,Can 440ml,440,10.23,Stout
LowKey,4.5,England,3.28,UnBarred Brewery,0.5,Non-Alcoholic - Pale Ale,Can 440ml,440,10.23,Non-Alcoholic
Triple Trails,4.5,Netherlands,3.86,Brouwerij Kees,9.5,IPA - Triple,Can 440ml,440,10.23,IPA
Paragraph 14,4.5,Germany,3.49,Camba Bavaria,5.5,Pilsner - German,Can 440ml,440,10.23,Pilsner
Hop Hop Hoppy! Modern Grodziskie,4.5,Poland,3.52,Browar Stu Mostów,2.9,Grodziskie / Grätzer,Can 440ml,440,10.23,Grodziskie / Grätzer
Moersleutel Fruit Press,4.5,Netherlands,3.74,Moersleutel Craft Brewery,5.0,IPA - New England / Hazy,Can 440ml,440,10.23,IPA
No Monkey Business Angry and Improved,4.5,Sweden,3.62,The Pine Ridge Brewery,5.6,Pale Ale - American,Can 440ml,440,10.23,Pale Ale
Hoptoberfest: Unfiltered Lager,4.5,England,3.41,Staggeringly Good,5.0,Kellerbier / Zwickelbier,Can 440ml,440,10.23,Kellerbier / Zwickelbier
The London Black,4.5,England,3.64,Anspach & Hobday,4.4,Bitter - Extra Special / Strong (ESB),Can 440ml,440,10.23,Bitter
Bayerisch Nizza Weizenbock,4.5,Germany,3.45,Hanscraft & Co.,5.0,Wheat Beer - American Pale Wheat,Can 440ml,440,10.23,Wheat Beer
Bullhouse - Rolling Papers,4.5,Northern Ireland,3.79,Bullhouse Brew Co,5.5,IPA - New England / Hazy,Can 440ml,440,10.23,IPA
Kompaan Light In The Dark,4.5,Netherlands,3.27,KOMPAAN Dutch Craft Beer Company,3.8,Farmhouse Ale - Grisette,Can 440ml,440,10.23,Farmhouse Ale
Love & Hate,4.5,England,3.82,Vocation Brewery,7.2,IPA - New England / Hazy,Can 440ml,440,10.23,IPA
That's What CZ Said,4.5,Romania,3.57,Bereta Brewing Co.,5.1,Lager - Polotmavé (Czech Amber),Can 440ml,440,10.23,Lager
Hop Sessions 013,4.5,England,3.63,Brew York,4.2,IPA - New England / Hazy,Can 440ml,440,10.23,IPA
Happily Cherried,4.5,Netherlands,3.06,Rabauw Craft Beer,4.5,Sour - Fruited,Can 440ml,440,10.23,Sour
Père Noel,7.67,Belgium,3.45,Brouwerij De Ranke,7.0,Winter Ale,Bottle 750ml,750,10.23,Winter Ale
Hooglander / Muscle Brewing Tiki Tiki,4.5,Netherlands,3.53,Hooglander Bier,7.0,IPA - Fruited,Can 440ml,440,10.23,IPA
Bolt,4.5,England,3.63,Drop Project,5.4,Kellerbier / Zwickelbier,Can 440ml,440,10.23,Kellerbier / Zwickelbier
Sliding On Rails,4.5,Spain,3.79,Garage Beer Co.,4.8,IPA - Session,Can 440ml,440,10.23,IPA
X-Brewing Fruity Madness,4.5,Netherlands,3.47,X-brewing,6.5,IPA - American,Can 440ml,440,10.23,IPA
De Moersleutel Crank the Juice,4.5,Netherlands,3.77,Moersleutel Craft Brewery,5.5,IPA - New England / Hazy,Can 440ml,440,10.23,IPA
Round Feet IPA,4.5,Ireland,3.91,Rye River Brewing Company,7.0,IPA - New England / Hazy,Can 440ml,440,10.23,IPA
Tackle (Bitter Best),4.5,Spain,3.58,La Pirata Brewing,4.0,Bitter - Best,Can 440ml,440,10.23,Bitter
Strawberry Sundae,4.5,Scotland,3.95,Vault City Brewing,5.0,Sour - Fruited,Can 440ml,440,10.23,Sour
Pohjala - Laager,4.5,Estonia,3.37,Põhjala,4.7,Pilsner - German,Can 440ml,440,10.23,Pilsner
Deerhunter,3.38,Netherlands,3.98,Brouwerij Frontaal,13.4,Stout - Russian Imperial,330ml,330,10.24,Stout
Zuyd Lola 6,3.38,Netherlands,3.65,Zuyd Craft,10.0,IPA - New England / Hazy,330ml,330,10.24,IPA
Big Bad Baptist,7.69,United States,4.23,"Epic Brewing Co. (Utah, Colorado)",11.6,Stout - Imperial / Double Coffee,Bottle 750ml,750,10.25,Stout
Big Black Voodoo Daddy,7.69,United States,3.99,Voodoo Brewing Co.,12.0,Stout - Russian Imperial,Bottle 750ml,750,10.25,Stout
The Piggy Brewing Imitation Game,4.51,France,3.8,The Piggy Brewing Company,4.2,Sour - Fruited Berliner Weisse,Can 440ml,440,10.25,Sour
Zweipac,3.39,Netherlands,3.48,Kaapse Brouwers,6.5,IPA - American,330ml,330,10.27,IPA
Wittorfer Una Clara Lagerbier Mit Limette,3.39,Germany,3.51,Wittorfer Brauerei Neumünster,5.0,Lager - Mexican,330ml,330,10.27,Lager
Vurige Non,3.39,Netherlands,3.32,Dorpsbrouwerij de Pimpelmeesch,7.0,Belgian Dubbel,330ml,330,10.27,Belgian Dubbel
Ale Capone New England Pale Ale,3.39,Germany,3.62,Privatbrauerei Sander,5.4,Pale Ale - New England / Hazy,330ml,330,10.27,Pale Ale
Blaufrei Alkoholfreies Lager,3.39,Germany,3.66,Mashsee Brauerei,0.4,Non-Alcoholic - Other,330ml,330,10.27,Non-Alcoholic
Cascadian Tides Stout,3.39,Scotland,3.27,BRULO,12.0,Non-Alcoholic - Porter / Stout,330ml,330,10.27,Non-Alcoholic
Le Phallus,3.39,Netherlands,3.31,Vet & Lazy,6.8,Porter - English,330ml,330,10.27,Porter
Yellow Jelster J*4,3.39,Netherlands,3.5,JELSTER,6.7,Belgian Blonde,330ml,330,10.27,Belgian Blonde
Dubbel,3.39,Netherlands,3.39,Brouwerij Noordt,7.0,Belgian Dubbel,330ml,330,10.27,Belgian Dubbel
Der Kapitän alkoholfrei,3.39,Germany,3.01,Landgang Brauerei,0.5,Non-Alcoholic - Pale Ale,330ml,330,10.27,Non-Alcoholic
Twinfold Hoplaar,3.39,Finland,3.35,Fiskarsin Panimo,5.5,Wild Ale - Other,330ml,330,10.27,Wild Ale
Leen,3.39,Netherlands,3.64,Kaapse Brouwers,11.0,Barleywine - Other,330ml,330,10.27,Barleywine
Highway To Hell Lager,3.39,Scotland,3.14,BRULO,12.0,Non-Alcoholic - Lager,330ml,330,10.27,Non-Alcoholic
Queen Bee(r),3.39,Netherlands,3.34,Brouwerij Hoop,5.5,Honey Beer,330ml,330,10.27,Honey Beer
Dubbel,3.39,Netherlands,3.28,Brouwerij Ouwetoeter,6.5,Belgian Dubbel,330ml,330,10.27,Belgian Dubbel
Blanche De Mikkeller,3.39,Denmark,3.3,Mikkeller,5.0,Wheat Beer - Witbier / Blanche,330ml,330,10.27,Wheat Beer
DOK Rebel,3.39,Belgium,3.35,Dok Brewing Company,4.8,Kölsch,330ml,330,10.27,Kölsch
Grisette #1,7.7,France,3.81,Brasserie La Malpolon,4.5,Farmhouse Ale - Grisette,Bottle 750ml,750,10.27,Farmhouse Ale
The Piggy Brewing Calibre 8,3.39,France,3.8,The Piggy Brewing Company,8.0,IPA - Imperial / Double,Can 330ml,330,10.27,IPA
Tripel,3.39,Netherlands,3.62,Brouwerij Artemis,8.9,Belgian Tripel,330ml,330,10.27,Belgian Tripel
The Garden Citrus IPA,3.39,Croatia,3.61,The Garden Brewery,7.2,IPA - Fruited,330ml,330,10.27,IPA
Superfreunde Rookie IPA,3.39,Germany,3.7,SUPERFREUNDE,6.0,IPA - American,330ml,330,10.27,IPA
Blond,3.39,Netherlands,3.47,Brouwerij Artemis,5.6,Blonde / Golden Ale - Other,330ml,330,10.27,Blonde / Golden Ale
Beyerd Double IPA,3.39,Netherlands,3.54,Brouwerij De Beyerd,7.5,IPA - Imperial / Double,330ml,330,10.27,IPA
Dubbel,3.39,Netherlands,3.41,Grutte Pier Brouwerij,7.0,Belgian Dubbel,330ml,330,10.27,Belgian Dubbel
Veryberrylicious,3.39,Netherlands,2.87,Uiltje Brewing Company,2.5,Sour - Berliner Weisse,330ml,330,10.27,Sour
DOK Pink On The Inside,3.39,Belgium,2.68,Dok Brewing Company,3.0,Sour - Fruited Gose,330ml,330,10.27,Sour
Dubbel Wit Zomerfit,3.39,Netherlands,3.4,Vet & Lazy,7.2,Wheat Beer - Witbier / Blanche,330ml,330,10.27,Wheat Beer
Quadrupel,3.39,Netherlands,3.68,Brouwerij De Beyerd,10.0,Belgian Quadrupel,330ml,330,10.27,Belgian Quadrupel
Blond,3.39,Netherlands,3.23,Vlaardingse Bierbrouwerij,4.7,Wheat Beer - Witbier / Blanche,330ml,330,10.27,Wheat Beer
Opah,3.39,Netherlands,3.63,De Kromme Haring,6.3,IPA - American,330ml,330,10.27,IPA
Fluffy,3.39,Netherlands,3.3,Vet & Lazy,6.4,IPA - Other,330ml,330,10.27,IPA
Lervig Lucky Jack Grapefruit,3.39,Norway,3.42,LERVIG,4.7,Pale Ale - Fruited,Can 330ml,330,10.27,Pale Ale
Winter Geitje (Limited Edition),3.39,Belgium,3.45,Huisbrouwerij De Geiteling,9.8,Belgian Tripel,330ml,330,10.27,Belgian Tripel
DOK Sean Zijn Haar Ligt Weer Goed,3.39,Belgium,3.53,Dok Brewing Company,6.0,IPA - New England / Hazy,330ml,330,10.27,IPA
Sweet Baby Jezus,3.39,Netherlands,3.42,Vet & Lazy,5.6,Wheat Beer - Hefeweizen,330ml,330,10.27,Wheat Beer
DOK Nelson De Zeehond,3.39,Belgium,3.52,Dok Brewing Company,5.5,IPA - New Zealand,330ml,330,10.27,IPA
Rotterdams Tripel Bier,3.39,Netherlands,3.57,Trots Rotterdams Bier,8.0,Belgian Tripel,330ml,330,10.27,Belgian Tripel
DOK Pomona Lisa,3.39,Belgium,3.74,Dok Brewing Company,6.7,IPA - New England / Hazy,330ml,330,10.27,IPA
Spree Coast IPA,3.39,Germany,3.59,Brauerei Lemke,6.9,IPA - American,330ml,330,10.27,IPA
FAITH & PEACH // FRUITED HAZY PALE ALE,3.39,England,3.63,Northern Monk,4.5,Pale Ale - Fruited,330ml,330,10.27,Pale Ale
Kerstpater,3.39,Belgium,3.64,Brouwerij Van Den Bossche,9.0,Winter Ale,330ml,330,10.27,Winter Ale
ÜberQuell Fruity Flamango Fruit Ale,3.39,Germany,3.57,ÜberQuell Brauwerkstätten,5.2,Sour - Fruited,330ml,330,10.27,Sour
Perron Saison (T.H.T.: 14/06/2024),3.39,Belgium,3.35,Perron Bieren,6.0,Farmhouse Ale - Saison,330ml,330,10.27,Farmhouse Ale
Blonde Aap,3.39,Netherlands,3.35,Guilty Monkey Brewery,5.5,Blonde / Golden Ale - Other,330ml,330,10.27,Blonde / Golden Ale
Blaugies La Moneuse Triple X,7.71,Belgium,3.78,Brasserie de Blaugies,10.0,Farmhouse Ale - Saison,Bottle 750ml,750,10.28,Farmhouse Ale
Naked,3.4,Germany,3.13,BRLO,0.5,Non-Alcoholic - Pale Ale,330ml,330,10.3,Non-Alcoholic
Uzzewuzze Terrerre,3.4,Netherlands,3.67,Dorpsbrouwerij Uzzewuzze,10.0,Stout - Imperial / Double,330ml,330,10.3,Stout
Kutbier,3.4,Netherlands,3.36,Brouwerij Boegbeeld,6.3,Belgian Blonde,330ml,330,10.3,Belgian Blonde
Triple,3.4,Belgium,3.65,Abbaye de Leffe,8.5,Belgian Tripel,330ml,330,10.3,Belgian Tripel
Rouge,3.4,Netherlands,3.32,Malarkey Brewers,6.5,Fruit Beer,330ml,330,10.3,Fruit Beer
Lervig Lucky Jack Can,3.4,Norway,3.49,LERVIG,4.7,Pale Ale - American,330ml,330,10.3,Pale Ale
Wiwaxia,3.4,Netherlands,3.48,De Kromme Haring,5.8,Lager - Vienna,330ml,330,10.3,Lager
Bon Secours De Noël,3.4,Belgium,3.48,Brasserie Caulier,9.0,Winter Ale,330ml,330,10.3,Winter Ale
?n Toeback 5 Tango Hop Special Zwaar Blond,3.4,Belgium,3.59,Scheldebrouwerij,9.0,Belgian Strong Golden Ale,330ml,330,10.3,Belgian Strong Golden Ale
Cuvee Theo,3.4,Belgium,3.67,Brouwerij Alvinne,9.0,Farmhouse Ale - Saison,330ml,330,10.3,Farmhouse Ale
Siren Soundwave Can,3.4,England,3.72,Siren Craft Brew,5.6,IPA - American,330ml,330,10.3,IPA
Implosion Non-Alcoholic Lager,3.4,Denmark,2.95,To Øl,0.5,Non-Alcoholic - Lager,330ml,330,10.3,Non-Alcoholic
Kerel Saison,3.4,Belgium,3.38,Siphon Brewing,6.0,Porter - American,330ml,330,10.3,Porter
Lervig Lucky Jack *Grapefruit Edition* Can,3.4,Norway,3.42,LERVIG,4.7,Pale Ale - Fruited,330ml,330,10.3,Pale Ale
Brouwerij de Klep Paeterke Döbbel,3.4,Netherlands,3.44,Brouwerij De Klep,7.0,Belgian Dubbel,330ml,330,10.3,Belgian Dubbel
Gebrouwen om te Trouwen Cheers to Love Blond,3.4,Netherlands,3.63,Gebrouwen Door Vrouwen,6.2,Belgian Blonde,330ml,330,10.3,Belgian Blonde
Bywater,3.4,France,3.69,Azimut Brasserie,6.0,IPA - White / Wheat,330ml,330,10.3,IPA
Billie,3.4,France,3.71,Brasserie Iron,5.5,IPA - New England / Hazy,330ml,330,10.3,IPA
Bokkelul Bokbier,3.4,Netherlands,3.42,Brouwerij de Eeuwige Jeugd,7.0,Bock - Weizenbock,330ml,330,10.3,Bock
Cuvée Jakub,3.4,Belgium,3.86,Brouwerij Alvinne,7.0,Sour - Other,330ml,330,10.3,Sour
St Feuillien Grand Cru,3.4,Belgium,3.71,Brasserie St-Feuillien,9.5,Belgian Strong Golden Ale,330ml,330,10.3,Belgian Strong Golden Ale
Loc Brewery Dinky,3.4,Netherlands,3.61,LOC Brewery,4.8,Pale Ale - New England / Hazy,330ml,330,10.3,Pale Ale
Opgebokt,3.4,Netherlands,3.46,Van Moll,7.5,Bock - Doppelbock,330ml,330,10.3,Bock
Woerdens Blond (batch#1),3.4,Netherlands,3.52,Bierloods22,7.5,Belgian Blonde,330ml,330,10.3,Belgian Blonde
Trail,3.4,England,3.49,The Gipsy Hill Brewing Co.,4.0,Pale Ale - American,Can 330ml,330,10.3,Pale Ale
Barentsz,3.4,Belgium,3.43,Rimor Brewery,9.2,Belgian Quadrupel,330ml,330,10.3,Belgian Quadrupel
Siesta Key Beach,3.4,France,3.65,Azimut Brasserie,6.0,IPA - White / Wheat,330ml,330,10.3,IPA
Gin Weizen,3.4,Netherlands,3.46,Gebrouwen Door Vrouwen,6.0,Wheat Beer - Other,330ml,330,10.3,Wheat Beer
Volle Laag [Fryske Dúmkes],3.4,Netherlands,3.59,Gudzekop,8.5,Belgian Tripel,330ml,330,10.3,Belgian Tripel
Clwb Tropica - Can,3.4,Wales,3.77,Tiny Rebel Brewing Co,5.5,IPA - Fruited,330ml,330,10.3,IPA
Gose To Hollywood,3.4,Denmark,3.6,To Øl,3.8,Sour - Fruited Gose,Can 330ml,330,10.3,Sour
Dunkelweizen,3.4,Italy,3.32,Birrificio della Granda,4.9,Wheat Beer - Dunkelweizen,330ml,330,10.3,Wheat Beer
Chesnut lager,3.4,Italy,3.35,Birrificio della Granda,6.9,Lager - Other,330ml,330,10.3,Lager
Belgian Pils,3.4,Belgium,3.25,Brasserie Jupiler,5.2,Pilsner - Other,330ml,330,10.3,Pilsner
Kriekenbier Cherry Wheat,3.4,Belgium,3.56,Brouwerij Cornelissen,5.0,Fruit Beer,330ml,330,10.3,Fruit Beer
Tripel,3.4,Netherlands,3.51,Malarkey Brewers,8.5,Belgian Tripel,330ml,330,10.3,Belgian Tripel
Brouwerij de Bie Riebedebie,3.4,Belgium,3.22,Brouwerij De Bie,9.0,Belgian Strong Golden Ale,330ml,330,10.3,Belgian Strong Golden Ale
Extra Blond,3.4,Netherlands,3.54,Duits & Lauret,8.5,Belgian Strong Golden Ale,330ml,330,10.3,Belgian Strong Golden Ale
Double Haze,3.4,Netherlands,3.72,Brouwerij Kees,8.5,IPA - Imperial / Double New England / Hazy,330ml,330,10.3,IPA
Koud Vuur Smoked Porter,3.4,Netherlands,3.33,Baxbier,6.5,Porter - Smoked,Can 330ml,330,10.3,Porter
Simco 3,3.4,Germany,3.71,Brauhaus Riegele,5.0,IPA - Other,330ml,330,10.3,IPA
Vanilla Vortex,3.4,Wales,3.3,Tiny Rebel Brewing Co,4.6,Sour - Other,330ml,330,10.3,Sour
Messner,3.4,Belgium,3.45,Rimor Brewery,6.2,IPA - American,330ml,330,10.3,IPA
Zeebonk New England IPA,3.4,Netherlands,3.62,Brouwerij Homeland,6.4,IPA - New England / Hazy,Can 330ml,330,10.3,IPA
Alderbastend Bennie Bang,3.4,Netherlands,3.47,Alderbastend Bieren,6.9,IPA - Other,330ml,330,10.3,IPA
Cindy Bunny,3.4,France,3.54,La Débauche,8.5,Belgian Tripel,330ml,330,10.3,Belgian Tripel
Smulbock,3.4,Netherlands,3.61,Rock City Brewing,9.0,Bock - Doppelbock,330ml,330,10.3,Bock
Blond,3.4,Netherlands,3.41,Malarkey Brewers,6.5,Belgian Blonde,330ml,330,10.3,Belgian Blonde
Frostbite Fuel,3.4,Netherlands,3.43,Uiltje Brewing Company,6.8,Stout - Milk / Sweet,330ml,330,10.3,Stout
Dead & Berried Can,3.4,England,3.55,Hawkes,4.0,Cider - Other Fruit,330ml,330,10.3,Cider
Cuvée Eliott,3.4,France,3.98,Le Père l'amer,11.2,Barleywine - Other,330ml,330,10.3,Barleywine
Kompaan Lefgozer,3.4,Netherlands,3.38,KOMPAAN Dutch Craft Beer Company,6.0,Wheat Beer - Witbier / Blanche,330ml,330,10.3,Wheat Beer
Tesselaar Grombaard,3.4,Netherlands,3.43,Tesselaar Familiebrouwerij Diks,5.0,Belgian Blonde,330ml,330,10.3,Belgian Blonde
La Denise,3.4,France,3.65,Microbrasserie La Montagnarde,7.5,Porter - Other,330ml,330,10.3,Porter
Binchiose Noel,3.4,Belgium,,Brasserie La Binchoise,9.0,Winter Ale,330ml,330,10.3,Winter Ale
Mighty Mandrill,3.4,Netherlands,3.62,Baardaap Brewing,9.0,Belgian Tripel,330ml,330,10.3,Belgian Tripel
Rasta Trolls,3.4,Belgium,3.14,Brasserie Dubuisson,7.0,Belgian Blonde,330ml,330,10.3,Belgian Blonde
"Robustus 6 ""Malziges Feuerwerk""",3.4,Germany,3.46,Brauhaus Riegele,5.0,Porter - Other,330ml,330,10.3,Porter
De Dochter V/d Korenaar Embrasse,3.4,Belgium,3.69,Brouwerij De Dochter van de Korenaar,9.0,Belgian Strong Dark Ale,330ml,330,10.3,Belgian Strong Dark Ale
De Hopsnor,3.4,Netherlands,3.39,De Dorstige Geelbuik,6.1,IPA - American,330ml,330,10.3,IPA
Implosion Fruited,3.4,Denmark,3.19,To Øl,0.3,Non-Alcoholic - IPA,330ml,330,10.3,Non-Alcoholic
Bollenhette Weizen,3.4,Netherlands,3.34,Bourgondische Broeders,10.0,Wheat Beer - Hefeweizen,330ml,330,10.3,Wheat Beer
Martha Guilty Rouge,3.4,Belgium,3.33,The Brew Society,8.0,Fruit Beer,330ml,330,10.3,Fruit Beer
Quadrupel,3.4,Netherlands,3.57,Grutte Pier Brouwerij,9.5,Belgian Quadrupel,330ml,330,10.3,Belgian Quadrupel
Ator 20,3.4,Germany,3.54,Brauhaus Riegele,7.5,Bock - Doppelbock,330ml,330,10.3,Bock
Augustus 8,3.4,Germany,3.59,Brauhaus Riegele,8.0,Bock - Weizendoppelbock,330ml,330,10.3,Bock
Sainte Nicolle,3.4,France,3.76,Microbrasserie La Montagnarde,8.5,Belgian Strong Golden Ale,330ml,330,10.3,Belgian Strong Golden Ale
Auris 19,3.4,Germany,3.47,Brauhaus Riegele,9.0,Bock - Doppelbock,330ml,330,10.3,Bock
IPA Liberis 2+3,3.4,Germany,3.25,Brauhaus Riegele,0.4,Non-Alcoholic - IPA,330ml,330,10.3,Non-Alcoholic
"Gelato Passion Fruit, Mango & Peach",5.15,Poland,3.94,Funky Fluid,5.5,Sour - Smoothie / Pastry,500ml,500,10.3,Sour
Imperial Stout Effet...,3.4,France,3.76,Effet Papillon,9.0,Stout - Imperial / Double,330ml,330,10.3,Stout
Hitsige Hennie,3.4,Netherlands,3.58,Brouwerij Barelds & Sabel,8.5,Belgian Blonde,330ml,330,10.3,Belgian Blonde
Tropical Rumble,3.4,Denmark,3.46,To Øl,4.3,IPA - Session,Can 330ml,330,10.3,IPA
Barbier Tarwe Tripel,3.4,Netherlands,3.51,Barbier - Bier Met Stijl,7.6,Belgian Tripel,330ml,330,10.3,Belgian Tripel
Gruut Inferno,3.4,Belgium,3.52,Gentse Gruut Stadsbrouwerij,9.0,Historical Beer - Gruit / Ancient Herbed Ale,330ml,330,10.3,Historical Beer
Påskebryg Bock,3.4,Denmark,3.21,Ebeltoft Gårdbryggeri,6.0,Bock - Hell / Maibock / Lentebock,330ml,330,10.3,Bock
Oktoberfest 33cl,3.4,Germany,3.69,Hacker-Pschorr,5.8,Märzen,330ml,330,10.3,Märzen
Vleteren 8 Port Barrel Aged,3.4,Belgium,3.65,Deca Brouwerij,8.0,Belgian Dubbel,330ml,330,10.3,Belgian Dubbel
Alexander Aged In Oak Foeders On Cherries,3.4,Belgium,3.95,Brouwerij Rodenbach,5.6,Sour - Flanders Red Ale,330ml,330,10.3,Sour
Nieuw Leven,3.4,Netherlands,3.34,Hert Bier,5.3,Wheat Beer - Hefeweizen,330ml,330,10.3,Wheat Beer
Nog Eentje Dan! Blond,3.4,Netherlands,3.45,De Dorstige Geelbuik,5.9,Belgian Blonde,330ml,330,10.3,Belgian Blonde
Prenzlauer 0 Non Alcoholic Raspberry Berliner Weisse,3.4,Estonia,3.17,Põhjala,0.5,Non-Alcoholic - Sour,Can 330ml,330,10.3,Non-Alcoholic
Triple,3.4,France,3.58,Pragmatic,8.0,Belgian Tripel,330ml,330,10.3,Belgian Tripel
Body Riddle Pale Ale,3.4,Ireland,3.59,Whiplash,4.5,Pale Ale - American,330ml,330,10.3,Pale Ale
Meyer Hazy IPA,3.4,Netherlands,3.59,Brouwerij Poesiat & Kater,6.3,IPA - New England / Hazy,330ml,330,10.3,IPA
Beerenbock,3.4,Netherlands,3.4,Hert Bier,7.8,Bock - Doppelbock,330ml,330,10.3,Bock
Gebrouwen door Vrouwen Bloesem Blond,3.4,Netherlands,3.46,Gebrouwen Door Vrouwen,6.2,Belgian Blonde,330ml,330,10.3,Belgian Blonde
Blauwe Tram Glutenvrij,3.4,Netherlands,3.53,Brouwerij Klein Duimpje,8.0,Gluten-Free,330ml,330,10.3,Gluten-Free
Mosaic Hop Belgian IPA,3.4,Netherlands,3.56,Brouwerij Kees,5.5,IPA - Belgian,Can 330ml,330,10.3,IPA
Dry Stout Citra Cascade,3.4,England,3.79,The Kernel Brewery,4.4,Stout - Irish Dry,Bottle 330ml,330,10.3,Stout
House Of Pale,3.4,Denmark,3.63,To Øl,5.5,Pale Ale - New England / Hazy,Can 330ml,330,10.3,Pale Ale
Easy Going,3.4,France,3.32,Brasserie du Midi,4.5,Blonde / Golden Ale - Other,330ml,330,10.3,Blonde / Golden Ale
Tierig,3.4,Netherlands,3.38,Brouwerij Eembier,6.5,IPA - Other,330ml,330,10.3,IPA
American Brown Al,3.4,Netherlands,3.36,Brouwerij Kees,5.9,Brown Ale - American,330ml,330,10.3,Brown Ale
Zi-Zu Lager,3.4,Lithuania,3.56,Sakiškės Brewery// Sakiškių Alus,4.7,Lager - Other,Can 330ml,330,10.3,Lager
Stout,3.4,France,3.44,Pragmatic,5.5,Stout - Oatmeal,330ml,330,10.3,Stout
Marker Maagd White Ale BIO,3.4,Netherlands,3.33,Waterland Brewery,5.0,Wheat Beer - Witbier / Blanche,Can 330ml,330,10.3,Wheat Beer
White IPA,3.4,Netherlands,3.47,Malarkey Brewers,6.0,IPA - White / Wheat,330ml,330,10.3,IPA
La Mule Straight Saison,3.41,Belgium,3.47,Brasserie de la Mule,6.0,Farmhouse Ale - Saison,330ml,330,10.33,Farmhouse Ale
Badin / Ophiussa Perseverence,3.41,Norway,3.65,Bådin,6.5,IPA - American,330ml,330,10.33,IPA
De Weldoener Blond,3.1,Netherlands,3.47,Brouwerij Maallust,6.5,Blonde / Golden Ale - Other,300ml,300,10.33,Blonde / Golden Ale
Lanterne,3.41,Belgium,3.6,Brasserie Minne/ L'Ermitage,5.5,Pale Ale - American,330ml,330,10.33,Pale Ale
La Mule / Blind Enthisiasm Schwarzbier,3.41,Belgium,3.61,Brasserie de la Mule,5.8,Schwarzbier,330ml,330,10.33,Schwarzbier
Kobold,4.55,England,3.65,Tartarus Beers,5.5,Wheat Beer - Hefeweizen,Can 440ml,440,10.34,Wheat Beer
Szentandrás BREWBOX Napkincs Wheat Beer kit 8L,82.76,Hungary,3.44,OK Brewery/ Szent András Sörfőzde,4.9,Wheat Beer - Hefeweizen,8000ml,8000,10.34,Wheat Beer
Szentandrás BREWBOX Bandibá West Coast IPA kit 8L,82.76,Hungary,3.44,Szent András,4.9,West Coast IPA,8000ml,8000,10.34,West Coast IPA
Het Brouwdok x X-Brewing Double IPA,4.55,Netherlands,3.73,Het Brouwdok,7.5,IPA - Imperial / Double,Can 440ml,440,10.34,IPA
Maitre Tripel Filliers BA,4.55,Belgium,3.73,Brewery De Meester,9.0,Belgian Tripel,Can 440ml,440,10.34,Belgian Tripel
Oude Gueuze,3.88,Belgium,3.34,Brouwerij Mort Subite,7.0,Lambic - Gueuze,Bottle 375ml,375,10.35,Lambic
Geuze Mariage Parfait,3.88,Belgium,3.79,Brouwerij Boon,8.0,Lambic - Gueuze,Bottle 375ml,375,10.35,Lambic
Rogue Dead Guy Pilsner,4.9,United States,3.58,Rogue Ales,5.0,Pilsner - Other,473ml,473,10.36,Pilsner
Grand Cru,3.42,Belgium,3.75,Brasserie de l'Abbaye des Rocs,10.0,Belgian Strong Dark Ale,330ml,330,10.36,Belgian Strong Dark Ale
Rogue Dead Guy Pale Ale,4.9,United States,3.69,Rogue Ales,5.5,Pale Ale - American,473ml,473,10.36,Pale Ale
Rogue Dead Guy Ale,4.9,United States,3.71,Rogue Ales,6.8,Bock - Hell / Maibock / Lentebock,473ml,473,10.36,Bock
Non Alcoholic IPA Grapefruit,3.42,Hungary,3.33,HORIZONT Brewing,0.5,Non-Alcoholic - IPA,330ml,330,10.36,Non-Alcoholic
Non Alcoholic Craft IPA,3.42,Hungary,3.33,HORIZONT Brewing,0.5,Non-Alcoholic - IPA,330ml,330,10.36,Non-Alcoholic
Bu Keller Pils,5.19,Italy,3.52,Mister B Brewery,4.8,Kellerbier / Zwickelbier,500ml,500,10.38,Kellerbier / Zwickelbier
Gimme Gimme,5.19,Poland,3.88,Magic Road,5.6,IPA - American,500ml,500,10.38,IPA
"Gelato: Passion Fruit, Mango & Peach",5.19,Poland,3.94,Funky Fluid,5.5,Sour - Smoothie / Pastry,500ml,500,10.38,Sour
Nelson,3.69,United States,4.05,Alpine Beer Company,7.0,IPA - Rye,355ml,355,10.39,IPA
Super Zero,3.69,United States,3.46,Revolution Brewing Company,13.0,Non-Alcoholic - Other,355ml,355,10.39,Non-Alcoholic
Phaser,3.43,United States,3.9,Ecliptic Brewing,6.5,IPA - New England / Hazy,330ml,330,10.39,IPA
Mango Colada,3.43,Sweden,3.67,Brewski,4.0,Sour - Fruited Berliner Weisse,Can 330ml,330,10.39,Sour
Starburst,3.43,United States,3.81,Ecliptic Brewing,7.8,IPA - American,330ml,330,10.39,IPA
Duet,3.69,United States,3.95,Alpine Beer Company,7.0,IPA - American,355ml,355,10.39,IPA
Sierra Nevada Pale Ale,3.69,Spain,,Triple Brew,5.6,Pale Ale - American,355ml,355,10.39,Pale Ale
Barney Flats Oatmeal Stout,3.69,United States,3.61,Anderson Valley Brewing Company,5.8,Stout - Oatmeal,355ml,355,10.39,Stout
Nostalgia Collection #9 – Het eeuwfeest (Limited Edition),3.43,Belgium,3.55,Brouwerij Kompel,9.5,Bière de Champagne / Bière Brut,330ml,330,10.39,Bière de Champagne / Bière Brut
Dance Rave Dance,3.43,Belgium,3.55,Brasserie Surréaliste,4.5,IPA - Session,330ml,330,10.39,IPA
Non-Alcoholic IPA,3.69,United States,3.3,AleSmith Brewing Company,0.4,Non-Alcoholic - IPA,355ml,355,10.39,Non-Alcoholic
India Pale Ale,3.69,United States,3.57,Upslope Brewing Company,7.2,IPA - American,355ml,355,10.39,IPA
Mexican Style Dark Lager,3.69,United States,3.63,Upslope Brewing Company,5.0,Lager - Mexican,355ml,355,10.39,Lager
Mary Jane Ale,3.69,United States,3.6,Upslope Brewing Company,5.0,Pale Ale - American,355ml,355,10.39,Pale Ale
Nostalgia Collection #8 - De Laatste Mijn (Limited Edition),3.43,Belgium,3.6,Brouwerij Kompel,8.5,Belgian Strong Dark Ale,330ml,330,10.39,Belgian Strong Dark Ale
Common House Copper,4.57,Denmark,3.4,Copenhagen Commons,5.0,Bitter - Extra Special / Strong (ESB),Can 440ml,440,10.39,Bitter
New York Mocaccino,4.57,Hungary,3.73,Mad Scientist,6.6,Stout - Milk / Sweet,Can 440ml,440,10.39,Stout
West Coast IPA,3.69,United States,3.63,Anderson Valley Brewing Company,7.6,IPA - American,355ml,355,10.39,IPA
Citra Pale Ale,3.69,United States,3.67,Upslope Brewing Company,5.8,Pale Ale - American,355ml,355,10.39,Pale Ale
Boont Amber Ale,3.69,United States,3.51,Anderson Valley Brewing Company,5.8,Red Ale - American Amber / Red,355ml,355,10.39,Red Ale
Western Approaches,5.2,Czech Republic,3.58,Vinohradský pivovar,5.1,Lager - IPL (India Pale Lager),500ml,500,10.4,Lager
Double Belge,7.8,France,3.5,La Débauche,7.0,Belgian Dubbel,Bottle 750ml,750,10.4,Belgian Dubbel
Merc Bro,5.2,Northern Ireland,3.8,Bullhouse Brew Co,6.5,IPA - New England / Hazy,500ml,500,10.4,IPA
Thieving Shadows,3.9,Denmark,3.8,To Øl,6.9,Wild Ale - Other,Bottle 375ml,375,10.4,Wild Ale
Blonde,2.6,Belgium,3.44,Brouwerij Alken-Maes,7.0,Belgian Blonde,Bottle 250ml,250,10.4,Belgian Blonde
Van Honsebrouck Bacchus Frambozenbier,3.9,Belgium,3.65,Kasteel Brouwerij Vanhonsebrouck,5.0,Sour - Flanders Oud Bruin,Bottle 375ml,375,10.4,Sour
Gueuze Cuvee Rene Grand Cru,7.8,Belgium,4.02,Brouwerij Lindemans,6.0,Lambic - Gueuze,Bottle 750ml,750,10.4,Lambic
YES!,5.2,Czech Republic,3.72,Vinohradský pivovar,4.2,IPA - New England / Hazy,500ml,500,10.4,IPA
Bivouac,7.8,France,3.8,Sacrilège,7.0,Farmhouse Ale - Saison,Bottle 750ml,750,10.4,Farmhouse Ale
Mr. Hops Hoppy Lager / Г-н Хопс Hoppy Lager,5.2,England,3.16,Mr Whitehead's Cider Company,4.5,Cider - Perry / Poiré,500ml,500,10.4,Cider
Veggie,5.2,Romania,3.67,Clandestin Beer,5.7,IPA - New England / Hazy,500ml,500,10.4,IPA
Blanche du Hainaut Biologique,2.6,Belgium,3.26,Brasserie Dupont,5.5,Wheat Beer - Witbier / Blanche,Bottle 250ml,250,10.4,Wheat Beer
1806 Max I. Joseph Jubiläums Export,5.2,Germany,3.61,Herzoglich Bayerisches Brauhaus Tegernsee,5.2,Lager - Dortmunder / Export,Bottle 500ml,500,10.4,Lager
BERLINER WEISSE #1,7.8,France,3.92,Brasserie La Malpolon,5.0,Sour - Berliner Weisse,Bottle 750ml,750,10.4,Sour
Framboise 25cl,2.6,Belgium,3.77,Brouwerij Lindemans,2.5,Lambic - Framboise,Bottle 250ml,250,10.4,Lambic
Three of Clubs,3.9,Denmark,3.69,Mikkeller/ Thornbridge Brewery,5.5,Sour - Fruited,Bottle 375ml,375,10.4,Sour
Ordinance,3.9,Denmark,3.84,To Øl,7.8,Sour - Fruited,Bottle 375ml,375,10.4,Sour
Pink Mirror,5.2,Poland,3.93,Funky Fluid,8.0,IPA - Imperial / Double New England / Hazy,Can 500ml,500,10.4,IPA
Zichovec Vánoční Kometa,7.81,Czech Republic,3.97,Rodinný Pivovar Zichovec,7.0,IPA - New England / Hazy,Bottle 750ml,750,10.41,IPA
Zichovec Punč,7.81,Czech Republic,3.9,Rodinný Pivovar Zichovec,6.0,Sour - Other,Bottle 750ml,750,10.41,Sour
Bigfoot,3.7,United States,3.64,Sierra Nevada Brewing Co.,9.6,Barleywine - American,355ml,355,10.42,Barleywine
Juice Drop,3.49,United States,3.67,Breckenridge Brewery,7.0,IPA - New England / Hazy,335ml,335,10.42,IPA
Mountain Beach,3.49,United States,3.66,Breckenridge Brewery,4.5,Sour - Fruited,335ml,335,10.42,Sour
Verzet Oud Bruin Super Boil,3.44,Belgium,3.64,Brouwerij 't Verzet,6.0,Sour - Flanders Oud Bruin,330ml,330,10.42,Sour
Palisade Peach Wheat,3.49,United States,3.75,Breckenridge Brewery,5.3,Wheat Beer - Fruited,335ml,335,10.42,Wheat Beer
Avalanche,3.49,United States,3.51,Breckenridge Brewery,5.0,Red Ale - American Amber / Red,335ml,335,10.42,Red Ale
Timmermans Oude Gueuze,7.82,Belgium,3.79,Brewery John Martin & Brewery Timmermans,6.7,Lambic - Gueuze,Bottle 750ml,750,10.43,Lambic
Hillbilly,4.59,Spain,3.89,Basqueland Brewing,6.2,IPA - New England / Hazy,Can 440ml,440,10.43,IPA
What's Eating Gilbert Saison,3.45,Netherlands,3.51,Briljant Brouwhuis,6.5,Farmhouse Ale - Saison,330ml,330,10.45,Farmhouse Ale
Felina (Catharina Sour),4.6,Ireland,3.6,Galway Bay Brewery,5.0,Sour - Catharina,Can 440ml,440,10.45,Sour
Tynt Meadow,3.45,England,3.64,Mount Saint Bernard Abbey,7.4,Strong Ale - English,330ml,330,10.45,Strong Ale
Chip & Ale Milkshake IPA Borefts 2023,3.45,Netherlands,3.55,Brouwerij de Molen,7.0,IPA - Milkshake,330ml,330,10.45,IPA
Sine Qua Non,4.6,England,3.61,Twisted Barrel Ale,4.5,IPA - Session,Can 440ml,440,10.45,IPA
Tripel,3.45,Netherlands,3.57,Brouwerij Pronck,9.0,Belgian Tripel,330ml,330,10.45,Belgian Tripel
06/12 Frans Souer Dry Hopped Sour,3.45,Netherlands,3.44,Jopen,4.0,Sour - Other,330ml,330,10.45,Sour
Berliner Eiche – Berliner Weisse auch Eichenchips gelagert,3.45,Germany,3.28,Brauerei Lemke,4.0,Sour - Berliner Weisse,330ml,330,10.45,Sour
FLOR X Wildflower,4.6,England,3.74,Beak Brewery,4.8,Pilsner - Other,Can 440ml,440,10.45,Pilsner
Imperial Russian Stout (fles),3.45,Netherlands,3.67,Dutch Bargain,11.5,Stout - Russian Imperial,330ml,330,10.45,Stout
Bockenreyder Speculaas Bock,3.45,Netherlands,3.29,Big Belly Brewing Company,7.0,Bock - Weizenbock,330ml,330,10.45,Bock
Kerosene – Belgian Saison,3.45,Spain,3.47,La Calavera,5.3,Farmhouse Ale - Saison,330ml,330,10.45,Farmhouse Ale
Sexuelles Helles – Dry Hopped Helles,3.45,Germany,3.62,BierBoutique Konstanz,5.2,Lager - Helles,330ml,330,10.45,Lager
Ipa Is The New Fear – West Coast IPA,3.45,Spain,3.22,La Calavera,5.5,IPA - American,330ml,330,10.45,IPA
Kirsch Weisse – ( MHD 10.06.2022 ) Berliner Weisse mit Kirschen,3.45,Germany,3.27,Brauerei Lemke,4.0,Sour - Fruited Berliner Weisse,330ml,330,10.45,Sour
Bock + Sprong,3.45,Netherlands,3.35,Brouwerij De 7 Deugden,7.0,Bock - Single / Traditional,330ml,330,10.45,Bock
Police Disco Lights,4.6,Denmark,3.8,Bad Seed Brewing,5.0,IPA - Session,Can 440ml,440,10.45,IPA
Hypernova,4.6,England,3.43,Siren Craft Brew,3.8,Pilsner - German,Can 440ml,440,10.45,Pilsner
Ansbacher,4.6,England,3.51,Anspach & Hobday,5.0,Lager - Helles,Can 440ml,440,10.45,Lager
Hopstrike,4.6,Poland,4.07,Browar Stu Mostów,8.0,IPA - Imperial / Double New England / Hazy,Can 440ml,440,10.45,IPA
Heavy Cross TIPA Imperial IPA,3.45,Netherlands,3.68,Jopen,10.0,IPA - Triple,330ml,330,10.45,IPA
Room 16 – Chestnut Brown Ale,3.45,Germany,3.39,Brauprojekt 777,6.0,Red Ale - American Amber / Red,330ml,330,10.45,Red Ale
Dark Chocolate Stout,3.45,Netherlands,3.44,Naastbos Brouwerij,6.7,Stout - Oatmeal,330ml,330,10.45,Stout
Tastes like… – Strata Single HOP IPA,3.45,Germany,3.86,orca brau,6.8,IPA - American,330ml,330,10.45,IPA
Bokkepruik Dubbelbok,3.45,Netherlands,3.17,Brouwerij Hommeles,8.0,Bock - Doppelbock,330ml,330,10.45,Bock
Postel Tripel,3.45,Belgium,3.55,Affligem Brouwerij,8.7,Belgian Tripel,330ml,330,10.45,Belgian Tripel
Serpiente,4.6,England,3.49,Mash Gang,0.5,Non-Alcoholic - IPA,Can 440ml,440,10.45,Non-Alcoholic
Engels & Drop,3.45,Netherlands,3.64,Brouwerij de Molen,9.0,Porter - Imperial / Double,330ml,330,10.45,Porter
Colombo blond,3.45,Belgium,3.44,Rimor Brewery,6.4,Belgian Blonde,330ml,330,10.45,Belgian Blonde
Setje Deluxe,3.45,Netherlands,3.76,Briljant Brouwhuis,6.3,Belgian Blonde,330ml,330,10.45,Belgian Blonde
Chocoholic,3.45,Netherlands,3.32,Brouwerij In De Nacht,12.0,Stout - Imperial / Double Milk,330ml,330,10.45,Stout
Caribbean Rum Cask – Barrel Aged Rotbier,3.45,Germany,,Rotes Pony,6.8,Festbier,330ml,330,10.45,Festbier
Nog Eendje Funky Blond,3.45,Netherlands,3.45,Bird Brewery,6.0,Blonde / Golden Ale - Other,330ml,330,10.45,Blonde / Golden Ale
English Special Bitter,3.45,Germany,3.25,Rügener Insel-Brauerei,5.6,Bitter - Extra Special / Strong (ESB),330ml,330,10.45,Bitter
Tropical Look,4.6,Poland,3.97,Browar Stu Mostów,7.5,IPA - Imperial / Double New England / Hazy,Can 440ml,440,10.45,IPA
SoCal,4.6,England,3.65,Cloudwater Brew Co.,4.8,Pale Ale - American,Can 440ml,440,10.45,Pale Ale
Nisaba,3.45,Netherlands,3.53,Walhalla Brouwerij & Proeflokaal,6.5,IPA - American,330ml,330,10.45,IPA
Horst – Brown  Ale,3.45,Germany,3.56,Braukollektiv,6.2,Brown Ale - American,330ml,330,10.45,Brown Ale
The Piggy Brewing Shorba,3.45,France,3.58,The Piggy Brewing Company,4.2,Sour - Fruited,Can 330ml,330,10.45,Sour
Saison D'Avon,4.6,England,3.59,Lost and Grounded Brewers,6.5,Farmhouse Ale - Saison,Can 440ml,440,10.45,Farmhouse Ale
Dreamlight Voyage,4.6,Poland,3.78,Browar Stu Mostów,8.0,IPA - Imperial / Double New England / Hazy,Can 440ml,440,10.45,IPA
Tripel Karmeliet – Abteibier,3.45,Belgium,3.99,Brouwerij Bosteels,8.4,Belgian Tripel,330ml,330,10.45,Belgian Tripel
Weijsbeer Bock,3.45,Netherlands,3.48,De Blauwe IJsbeer,6.0,Bock - Weizenbock,330ml,330,10.45,Bock
Wild Leven Bock,3.45,Netherlands,3.27,Hert Bier,6.5,Bock - Single / Traditional,330ml,330,10.45,Bock
Wahoo,3.45,Netherlands,3.63,De Kromme Haring,6.0,IPA - American,330ml,330,10.45,IPA
France Trance – Pils with French Hops – Collab Demory,3.45,Germany,3.17,Freigeist Bierkultur,5.2,Pilsner - German,330ml,330,10.45,Pilsner
Malibu State,4.6,Poland,4.3,Browar Stu Mostów,5.0,Sour - Smoothie / Pastry,Can 440ml,440,10.45,Sour
Belvedère Bock,3.45,Netherlands,3.63,De Gekroonde Merlet,8.1,Bock - Doppelbock,330ml,330,10.45,Bock
Craft Beer - Crispy Chill,4.6,France,3.74,Les Intenables - Craft Beer -,4.5,Lager - American,Can 440ml,440,10.45,Lager
Inktvis,3.45,Netherlands,3.5,De Kromme Haring,6.0,IPA - Black / Cascadian Dark Ale,330ml,330,10.45,IPA
Delight is Right,4.6,Poland,3.5,Browar Stu Mostów,5.6,Cream Ale,Can 440ml,440,10.45,Cream Ale
Oregon Trail,4.6,England,3.8,Elusive Brewing,5.8,IPA - American,Can 440ml,440,10.45,IPA
Koffiestout,3.45,Netherlands,3.43,Brouwerij Leidse Goud,7.5,Stout - Coffee,330ml,330,10.45,Stout
Egmondse Tripel Biologisch Abdijbier,3.45,Netherlands,3.54,Brouwerij Egmond,7.5,Belgian Tripel,330ml,330,10.45,Belgian Tripel
Strawberry Delivery,4.6,Poland,3.72,Browar Stu Mostów,5.9,IPA - Milkshake,Can 440ml,440,10.45,IPA
Sun & Sour – 2023 – Blond Summer Sour,3.45,Belgium,3.59,Brouwerij Alvinne,4.5,Sour - Other,330ml,330,10.45,Sour
30 Jahre Mata Hari Bar – Red Ale,3.45,Germany,3.56,orca brau,4.9,Red Ale - Irish,330ml,330,10.45,Red Ale
Space Race Non Alcoholic Pale Ale,3.45,England,3.0,Original Stormtrooper Beer,0.5,Non-Alcoholic - Pale Ale,Can 330ml,330,10.45,Non-Alcoholic
Never Have I Ever,4.6,Poland,3.91,Browar Stu Mostów,6.2,IPA - New England / Hazy,Can 440ml,440,10.45,IPA
Lervig Red Pear Cider,4.6,Norway,3.07,LERVIG,4.7,Cider - Perry / Poiré,Can 440ml,440,10.45,Cider
Pimpelmeesch Kerst Snol,3.45,Netherlands,3.32,Dorpsbrouwerij de Pimpelmeesch,8.5,Winter Ale,330ml,330,10.45,Winter Ale
Aventinus Eisbock TAP 9,3.45,Germany,3.79,Schneider Weisse G. Schneider & Sohn,12.0,Bock - Eisbock,330ml,330,10.45,Bock
Miracle On Marshmallow Mount,4.6,England,3.62,Siren,5.1,Pale Ale - American,Can 440ml,440,10.45,Pale Ale
Fetingen,3.45,Sweden,3.81,Brewski,8.0,IPA - Imperial / Double New England / Hazy,330ml,330,10.45,IPA
Jamie's – Irish Red Ale,3.45,Germany,3.41,Braukollektiv,4.6,Red Ale - Irish,330ml,330,10.45,Red Ale
Ondineke Oilsjtersen Tripel,3.45,Belgium,3.69,Brouwerij De Glazen Toren,8.5,Belgian Tripel,330ml,330,10.45,Belgian Tripel
Pohjala Laine,3.45,Estonia,3.53,Põhjala,4.5,Pale Ale - Australian,Can 330ml,330,10.45,Pale Ale
Pop Hop White Wedding,3.45,Netherlands,3.38,POPHOP,5.0,Wheat Beer - Witbier / Blanche,330ml,330,10.45,Wheat Beer
Milk Stout Nitro,4.23,United States,3.93,Left Hand Brewing Company,6.0,Stout - Milk / Sweet,404ml,404,10.47,Stout
Tarot D'Or,2.62,Belgium,3.42,Brouwerij Lindemans,8.0,Fruit Beer,Bottle 250ml,250,10.48,Fruit Beer
Gelato: d'Oro,5.24,Poland,3.98,Funky Fluid,5.5,Sour - Smoothie / Pastry,Can 500ml,500,10.48,Sour
Hesbania TRPL,3.46,Belgium,3.54,Hesbania Bier,10.0,Belgian Tripel,330ml,330,10.48,Belgian Tripel
Lola,3.46,Austria,3.54,Brauhaus Bevog,3.5,Sour - Fruited,Can 330ml,330,10.48,Sour
Gelato: Giallo,5.24,Poland,3.91,Funky Fluid,5.5,Sour - Smoothie / Pastry,Can 500ml,500,10.48,Sour
Crowd Control 3000,5.24,Romania,4.14,Hop Hooligans,6.0,IPA - Imperial / Double New England / Hazy,Can 500ml,500,10.48,IPA
Grønn Jul,5.25,Norway,3.55,Nøgne Ø,7.0,IPA - Other,500ml,500,10.5,IPA
Premium Reserve Organic Medium Dry Cider BIO,5.25,England,3.5,Dunkertons,6.8,Cider - Traditional / Apfelwein,500ml,500,10.5,Cider
HBC1019 - CRAZY LINES #57,5.25,Poland,3.91,Browar Nepomucen,6.4,IPA - New England / Hazy,500ml,500,10.5,IPA
Medium Dry Irish Craft Cider,5.25,Ireland,3.73,Nohoval Drinks Company Ltd,5.5,Cider - Sweet,500ml,500,10.5,Cider
Popstar - Gluten Free Ipa,5.25,Hungary,3.52,Mad Scientist,6.0,Gluten-Free,500ml,500,10.5,Gluten-Free
Euphoria 12 Southern Passion (IPL),5.25,Czech Republic,3.69,Rodinný Pivovar Zichovec,5.1,Lager - IPL (India Pale Lager),500ml,500,10.5,Lager
Shake It!,5.25,Poland,3.53,Funky Fluid,6.0,Fruit Beer,500ml,500,10.5,Fruit Beer
Hoppy Crew: How Far Is It?,5.25,Poland,3.74,Browar PINTA,8.5,IPA - Imperial / Double,500ml,500,10.5,IPA
Fruity Samba (Sour-Catharina),5.25,Poland,3.48,ReCraft,4.5,Sour - Catharina,500ml,500,10.5,Sour
Dry Irish Craft Cider,5.25,Ireland,3.73,Nohoval Drinks Company Ltd,5.5,Cider - Sweet,500ml,500,10.5,Cider
O Tiole Mio! 2024 (Lager Other),5.25,Poland,3.88,Browar Monsters,5.5,Lager - Other,500ml,500,10.5,Lager
Verzet Foederbier - Deedee Ramone,3.47,Belgium,3.5,Brouwerij 't Verzet,7.0,Sour - Flanders Red Ale,330ml,330,10.52,Sour
For the Love of Hops ‘Turquoise',4.63,Netherlands,3.7,Brouwerij Frontaal,5.5,IPA - New England / Hazy,Can 440ml,440,10.52,IPA
DDVD Korenaar Finesse,3.47,Belgium,3.56,Brouwerij De Dochter van de Korenaar,8.5,Belgian Tripel,330ml,330,10.52,Belgian Tripel
Cuvée Mam'zelle,3.47,Belgium,3.37,Brouwerij De Leite,8.5,Sour - Other,330ml,330,10.52,Sour
Brewing Eroica,3.47,France,3.82,The Piggy Brewing Company,6.1,IPA - New England / Hazy,Can 330ml,330,10.52,IPA
Double Fruited Vanilla Passion Fruit Hill  - Canned on 31-12-20,4.95,United States,4.06,Southern Grist Brewing Company,5.6,Sour - Fruited,Can 470ml,470,10.53,Sour
Pineapple Blueberry Raspberry Parfait Hill,4.95,United States,4.04,Southern Grist Brewing Company,5.6,Sour - Fruited,Can 470ml,470,10.53,Sour
Kriekenlambiek,32.65,Belgium,3.82,Oud Beersel,7.5,Lambic - Kriek,3100ml,3100,10.53,Lambic
Rusticus,7.9,Poland,3.87,Cydr Ignaców,7.0,Cider - Dry,Bottle 750ml,750,10.53,Cider
Night Lights,5.27,Romania,3.71,Hop Hooligans,6.5,IPA - Black / Cascadian Dark Ale,Can 500ml,500,10.54,IPA
Shock Therapy Version 54,5.27,Romania,4.02,Hop Hooligans,6.5,IPA - New England / Hazy,Can 500ml,500,10.54,IPA
Tidal,4.99,United States,3.85,4 Hands Brewing Company,7.5,IPA - Imperial / Double,473ml,473,10.55,IPA
Spectro,4.99,United States,3.75,Topa Topa Brewing Company,6.3,IPA - New England / Hazy,473ml,473,10.55,IPA
The Beast of Both Worlds,4.99,United States,3.82,Lagunitas Brewing Company,8.0,IPA - Imperial / Double,473ml,473,10.55,IPA
War Hammer,4.99,United States,3.91,4 Hands Brewing Company,9.0,IPA - Imperial / Double,473ml,473,10.55,IPA
Point Danger,4.99,United States,3.66,Coronado Brewing Company,7.5,IPA - New England / Hazy,473ml,473,10.55,IPA
Ten Cubed,4.99,United States,4.12,Equilibrium Brewery,8.5,IPA - Imperial / Double,473ml,473,10.55,IPA
Sixteen Counties,4.99,United States,3.75,Allagash Brewing Company,6.5,Belgian Strong Golden Ale,473ml,473,10.55,Belgian Strong Golden Ale
City Wide,4.99,United States,3.75,4 Hands Brewing Company,5.5,Pale Ale - American,473ml,473,10.55,Pale Ale
Adventure,4.99,United States,3.72,Burley Oak Brewing Company,5.1,IPA - Session,473ml,473,10.55,IPA
Imperial Stout,3.75,England,3.73,Samuel Smith,7.0,Stout - Russian Imperial,355ml,355,10.56,Stout
Rainbows & Unicorns,3.75,United States,3.74,Breakside Brewery,5.2,IPA - Session,355ml,355,10.56,IPA
Eastern Triangle,4.65,Netherlands,3.59,Brouwerij Kees,6.2,IPA - American,Can 440ml,440,10.57,IPA
Its Intergalactic,4.65,Netherlands,3.76,Brouwerij Kees,8.2,IPA - American,Can 440ml,440,10.57,IPA
De Moersleutel Remblock,4.65,Netherlands,3.48,Moersleutel Craft Brewery,6.5,Bock - Single / Traditional,Can 440ml,440,10.57,Bock
DDH Hopheart New England IPA,4.65,Latvia,3.8,Ārpus Brewing Co.,6.2,IPA - New England / Hazy,Can 440ml,440,10.57,IPA
Sentinelle,5.0,Canada,3.52,Brasserie Dieu du Ciel!,5.1,Kölsch,473ml,473,10.57,Kölsch
Limonade Poivrée,5.0,Canada,3.67,Brasserie Dieu du Ciel!,3.5,Wheat Beer - Witbier / Blanche,473ml,473,10.57,Wheat Beer
Smoothie Sour Apricot & Coconut,4.65,Netherlands,3.62,Brouwerij Kees,4.9,Sour - Smoothie / Pastry,Can 440ml,440,10.57,Sour
Rollo Bellini,4.65,Spain,3.63,Garage Beer Co.,6.0,Sour - Fruited Berliner Weisse,Can 440ml,440,10.57,Sour
Boire Prague Et Mourir,5.0,Canada,3.7,Brasserie Dieu du Ciel!,5.1,Lager - Světlé (Czech Pale),473ml,473,10.57,Lager
Fruitful Haze,4.65,Netherlands,3.14,Brouwerij Kees,4.9,IPA - Fruited,Can 440ml,440,10.57,IPA
Fusion Blueberry Mango Tangerine,5.0,United States,4.02,Woven Water Brewing,6.5,Sour - Smoothie / Pastry,473ml,473,10.57,Sour
Refsvindinge Jule Hyg Lager,3.49,Denmark,2.82,Bryggeriet Refsvindinge,5.7,Lager - Winter,330ml,330,10.58,Lager
Hancock Merry Christmas Lager,3.49,Denmark,3.03,Hancock Bryggerierne,6.3,Lager - Winter,330ml,330,10.58,Lager
Implosion Fruited,3.49,Denmark,3.07,To Øl,0.3,Non-Alcoholic - Other,330ml,330,10.58,Non-Alcoholic
Jason – Crystal Lake Hoppy Helles,3.49,Hungary,3.46,Mad Scientist,4.13,Lager - Helles,330ml,330,10.58,Lager
Wavelet,3.49,Estonia,3.61,Pühaste Brewery,6.5,IPA - Cold,330ml,330,10.58,IPA
Orca Bio Bock,3.49,Germany,3.69,orca brau,7.0,Bock - Single / Traditional,330ml,330,10.58,Bock
Unchained Sin,3.49,Spain,3.29,La Pirata Brewing,0.5,Non-Alcoholic - IPA,330ml,330,10.58,Non-Alcoholic
Mac Ivors Alcohol Free Irish Cider,3.49,Northern Ireland,3.28,Mac Ivors Cider Company,0.5,Non-Alcoholic - Cider / Perry,330ml,330,10.58,Non-Alcoholic
Green Bullet IPA,3.49,Netherlands,3.53,Two Chefs Brewing,6.5,IPA - American,330ml,330,10.58,IPA
Armada Colada,5.29,Romania,3.69,Clandestin Beer,6.5,Sour - Smoothie / Pastry,500ml,500,10.58,Sour
Brewdog Double Hazy,3.49,Scotland,3.84,BrewDog,7.2,IPA - Imperial / Double New England / Hazy,330ml,330,10.58,IPA
Johannieter 2024,3.49,Netherlands,3.61,Jopen,9.0,Bock - Doppelbock,330ml,330,10.58,Bock
Jimmy's Popcorn Pale Ale,3.49,Netherlands,3.05,Vet & Lazy,6.0,Pale Ale - Other,330ml,330,10.58,Pale Ale
Klaar Hanna Noir Eistee,3.49,Germany,3.97,klaar - fruchtfermente,4.5,Cider - Herbed / Spiced / Hopped,330ml,330,10.58,Cider
Heart & Soul Session IPA,3.49,England,3.61,Vocation Brewery,4.4,IPA - Session,330ml,330,10.58,IPA
Verre Vriend,3.49,Netherlands,3.53,Berghoeve Brouwerij,8.0,Belgian Tripel,330ml,330,10.58,Belgian Tripel
Mangofeber DIPA,3.49,Sweden,3.79,Brewski,8.0,IPA - Imperial / Double,Can 330ml,330,10.58,IPA
Lazer Crush,3.49,England,3.14,Beavertown,0.3,Non-Alcoholic - IPA,330ml,330,10.58,Non-Alcoholic
Kehrwieder Dominica DDH Pale Ale,3.49,Germany,3.65,Kehrwieder Kreativbrauerei,4.7,Pale Ale - New England / Hazy,330ml,330,10.58,Pale Ale
La Com,3.49,France,3.42,Vendale,5.0,Lager - American,330ml,330,10.58,Lager
Trots Tripel,3.49,Netherlands,3.61,Brouwerij Heft,9.0,Belgian Tripel,330ml,330,10.58,Belgian Tripel
Shake It! Mango / Passionfuit / Pineapple,5.29,Poland,3.53,Funky Fluid,6.0,Fruit Beer,500ml,500,10.58,Fruit Beer
Opgebokt! (2024),3.49,Netherlands,3.53,Van Moll,7.5,Bock - Doppelbock,330ml,330,10.58,Bock
De Dorstige Lambertus,3.49,Netherlands,3.5,Stadsbrouwerij Maastricht,5.5,Blonde / Golden Ale - Other,330ml,330,10.58,Blonde / Golden Ale
Burst,3.49,Denmark,3.5,Mikkeller,5.5,IPA - American,330ml,330,10.58,IPA
Bio IPA,3.49,Germany,3.16,Finne Brauerei,2.5,Shandy / Radler,330ml,330,10.58,Shandy / Radler
Lefort Donker,3.49,Belgium,3.62,Omer Vander Ghinste,9.0,Belgian Strong Dark Ale,330ml,330,10.58,Belgian Strong Dark Ale
NL#08 – Juicy NEIPA,5.29,France,3.83,Noiseless,6.8,IPA - New England / Hazy,500ml,500,10.58,IPA
Malle Bikkel,3.49,Netherlands,3.61,Brouwerij Rotjoch,8.0,Belgian Tripel,330ml,330,10.58,Belgian Tripel
Ferme Snaak,3.49,Netherlands,3.49,Floem,5.0,Wheat Beer - American Pale Wheat,330ml,330,10.58,Wheat Beer
Grand Cru,3.49,Belgium,3.78,Brasserie de l'Abbaye du Val-Dieu,10.5,Belgian Quadrupel,330ml,330,10.58,Belgian Quadrupel
IPA Liberis 2+3 alkoholfrei,3.49,Germany,3.25,Brauhaus Riegele,0.4,Non-Alcoholic - IPA,330ml,330,10.58,Non-Alcoholic
Bock Brulee,3.49,Netherlands,3.52,Two Chefs Brewing,7.0,Bock - Single / Traditional,330ml,330,10.58,Bock
Wittorfer Trick 17 - American Pale Ale,3.49,Germany,3.59,Wittorfer Brauerei Neumünster,5.2,Pale Ale - American,330ml,330,10.58,Pale Ale
Drink'in The Sun,3.49,Denmark,3.26,Mikkeller,3.9,Wheat Beer - American Pale Wheat,330ml,330,10.58,Wheat Beer
Amerikanischer Traum IPA,3.49,Germany,3.49,Landgang Brauerei,6.5,IPA - American,330ml,330,10.58,IPA
Indigo Cyclone,5.29,Croatia,3.85,Pulfer Brewery,6.0,IPA - New England / Hazy,500ml,500,10.58,IPA
Tripel,3.49,Netherlands,3.5,Brouwerij Noordt,7.5,Belgian Tripel,330ml,330,10.58,Belgian Tripel
Reef Point,3.49,England,3.02,Big Drop Brewing Co,0.5,Non-Alcoholic - Lager,330ml,330,10.58,Non-Alcoholic
Sterke Blonde,3.49,Netherlands,3.55,Brouwerij Ouwetoeter,8.2,Belgian Strong Golden Ale,330ml,330,10.58,Belgian Strong Golden Ale
Dubbelbock,3.49,Netherlands,3.51,Brouwerij Artemis,6.9,Bock - Doppelbock,330ml,330,10.58,Bock
Petite Musique de Suie,3.49,France,3.73,Brasserie La Malpolon,5.8,Rauchbier,330ml,330,10.58,Rauchbier
Ice Cold Pilsner,3.49,Denmark,3.34,Mikkeller,4.5,Pilsner - Italian,330ml,330,10.58,Pilsner
Irish Stout,3.49,Ireland,3.46,O'Hara's Brewery,4.3,Stout - Irish Dry,330ml,330,10.58,Stout
Disco Ginferno,3.49,Netherlands,3.22,Jopen,6.5,IPA - American,330ml,330,10.58,IPA
Baltic Porter,3.49,France,3.89,Brasserie Cambier/ Brasserie de la Vallée du Giffre,8.0,Porter - Baltic,330ml,330,10.58,Porter
KING ArthuD2,5.29,Romania,3.78,Clandestin Beer,6.0,IPA - New England / Hazy,500ml,500,10.58,IPA
Goldgräber Pale Ale,3.49,Germany,3.46,Landgang Brauerei,5.2,Pale Ale - American,330ml,330,10.58,Pale Ale
Kirsch-Weisse,3.49,Germany,3.27,Brauerei Lemke,4.0,Sour - Fruited Berliner Weisse,330ml,330,10.58,Sour
Dorps Leven,3.49,Netherlands,3.36,Hert Bier,6.5,Belgian Blonde,330ml,330,10.58,Belgian Blonde
Zora Pilsner,3.49,Croatia,3.28,The Garden Brewery,4.5,Pilsner - German,330ml,330,10.58,Pilsner
Leann Folláin Double Stout,3.49,Ireland,4.06,O'Hara's Brewery,12.0,Stout - Foreign / Export,330ml,330,10.58,Stout
Amaris 50,3.49,Germany,3.47,Brauhaus Riegele,5.0,Pilsner - German,330ml,330,10.58,Pilsner
Kehrwieder Tallinn Baltic Porter,3.49,Germany,3.47,Kehrwieder Kreativbrauerei,6.3,Porter - Baltic,330ml,330,10.58,Porter
Kehrwieder Prototyp,3.49,Germany,3.64,Kehrwieder Kreativbrauerei,5.9,Lager - IPL (India Pale Lager),330ml,330,10.58,Lager
Hoppy Christmas Festliches IPA,3.49,Scotland,3.55,BrewDog,6.0,IPA - American,Can 330ml,330,10.58,IPA
Terra Nova,5.29,Sweden,4.13,Stigbergets Bryggeri,10.0,IPA - Triple New England / Hazy,500ml,500,10.58,IPA
Bio Scottish Ale,3.49,Germany,3.19,Finne Brauerei,5.5,Scottish Ale,330ml,330,10.58,Scottish Ale
24/7 Pale Ale,3.49,Netherlands,3.59,Baxbier,6.0,Pale Ale - Other,330ml,330,10.58,Pale Ale
Omnipollos Tokyo,3.49,Sweden,3.59,Omnipollo,5.4,IPA - Other,Can 330ml,330,10.58,IPA
Cuvee du Chateau,3.49,Belgium,3.81,Kasteel Brouwerij Vanhonsebrouck,11.0,Belgian Quadrupel,330ml,330,10.58,Belgian Quadrupel
Vriend,3.49,Netherlands,3.44,ROTT. Brouwers,6.7,Belgian Blonde,330ml,330,10.58,Belgian Blonde
Wolpertinger Dunkles,3.49,Germany,3.34,Landgang Brauerei,5.0,Lager - Munich Dunkel,330ml,330,10.58,Lager
De Weldoener,3.49,Netherlands,3.47,Brouwerij Maallust,6.5,Blonde / Golden Ale - Other,330ml,330,10.58,Blonde / Golden Ale
Orca Brau Geselligkeit. BIO Ein Weißbier,3.49,Germany,3.65,orca brau,5.4,Wheat Beer - Hefeweizen,330ml,330,10.58,Wheat Beer
Robustus 6,3.49,Germany,3.46,Brauhaus Riegele,5.0,Porter - Other,330ml,330,10.58,Porter
Holy Faith,3.49,England,3.07,Northern Monk,0.5,Non-Alcoholic - Pale Ale,330ml,330,10.58,Non-Alcoholic
Kayserops (Cambrian Series),3.49,Netherlands,3.37,De Kromme Haring,5.1,Kellerbier / Zwickelbier,330ml,330,10.58,Kellerbier / Zwickelbier
Split Session,3.49,Netherlands,3.32,Brouwerij Noordt,3.0,IPA - Session,330ml,330,10.58,IPA
Dubbel Leven,3.49,Netherlands,3.24,Hert Bier,6.5,Belgian Dubbel,330ml,330,10.58,Belgian Dubbel
Gleuvenglijder,3.49,Netherlands,3.52,Brouwerij de Eeuwige Jeugd,5.5,Blonde / Golden Ale - Other,330ml,330,10.58,Blonde / Golden Ale
"Hop, Skip & Juice Hazy Pale Ale",3.49,England,3.75,Marble Beers Ltd/ Vocation Brewery,5.7,Pale Ale - New England / Hazy,Can 330ml,330,10.58,Pale Ale
Stadtbier Münster 1480,3.49,Germany,3.41,Gruthaus,5.7,Historical Beer - Gruit / Ancient Herbed Ale,330ml,330,10.58,Historical Beer
Luna Wit,3.49,Netherlands,3.54,Zuyd Craft,5.8,Wheat Beer - Witbier / Blanche,330ml,330,10.58,Wheat Beer
Bokkelul,3.49,Netherlands,3.42,Brouwerij de Eeuwige Jeugd,7.0,Bock - Weizenbock,330ml,330,10.58,Bock
Orca Brau Bio Bock,3.49,Germany,3.69,orca brau,7.0,Bock - Single / Traditional,330ml,330,10.58,Bock
Blurry Vision,3.49,Germany,3.72,BRLO,6.5,IPA - New England / Hazy,330ml,330,10.58,IPA
Irish Pale Ale,3.49,Ireland,3.43,O'Hara's Brewery,5.2,Pale Ale - Other,330ml,330,10.58,Pale Ale
L'Espla,3.49,France,3.46,Vendale,5.0,Wheat Beer - Witbier / Blanche,330ml,330,10.58,Wheat Beer
Willem van Oranje,3.49,Netherlands,3.65,Brouwerij Vogelvrij,9.0,Belgian Tripel,330ml,330,10.58,Belgian Tripel
Kehrwieder Road Runner Coffee Stout alkoholfrei,3.49,Germany,3.16,Kehrwieder Kreativbrauerei,0.4,Non-Alcoholic - Porter / Stout,330ml,330,10.58,Non-Alcoholic
51st State IPA,3.49,Ireland,3.51,O'Hara's Brewery,6.0,IPA - New England / Hazy,330ml,330,10.58,IPA
Great Escape,3.49,Germany,3.65,Buddelship Brauerei,6.5,IPA - American,330ml,330,10.58,IPA
Sarvik,3.49,Estonia,3.79,Pühaste Brewery,8.0,Bock - Doppelbock,330ml,330,10.58,Bock
Fringe Pattern,3.49,Estonia,3.77,Pühaste Brewery,8.0,IPA - Imperial / Double,330ml,330,10.58,IPA
You Can't Quit Me Baby,3.49,Netherlands,3.44,Baxbier,7.0,Bock - Doppelbock,330ml,330,10.58,Bock
Element: Water,3.49,Netherlands,,Brother Beer,4.0,Pilsner - Other,Can 330ml,330,10.58,Pilsner
Hack'n'Slash Vol.2,5.29,Poland,3.72,TankBusters.Co,6.4,IPA - American,500ml,500,10.58,IPA
Element: Fire,3.49,Netherlands,3.66,Morebeer Brewing,6.5,IPA - American,Can 330ml,330,10.58,IPA
Smoothie Beer French Tart Pineapple/ Yellow Kiwi,5.29,Poland,3.98,Maryensztadt,4.2,Sour - Smoothie / Pastry,500ml,500,10.58,Sour
The Book of Hops vol.9: Superdelic - Alora,5.29,Poland,3.76,TankBusters.Co,6.1,IPA - New England / Hazy,500ml,500,10.58,IPA
HEMP,3.49,Netherlands,3.07,Berging Brouwerij,5.55,Spiced / Herbed Beer,330ml,330,10.58,Spiced / Herbed Beer
Wild Leven,3.49,Netherlands,3.27,Hert Bier,6.5,Bock - Single / Traditional,330ml,330,10.58,Bock
La Chouffe Houblon Chouffe,3.49,Belgium,3.67,Brasserie d'Achouffe,9.0,IPA - Belgian,330ml,330,10.58,IPA
Small Dreams,4.66,Hungary,4.0,Brew Your Mind,5.5,IPA - American,Can 440ml,440,10.59,IPA
Scottish Fruits,5.3,Scotland,3.66,Thistly Cross Cider,3.4,Cider - Other Fruit,Bottle 500ml,500,10.6,Cider
Weihenstephan Vitus,5.3,Germany,3.84,Bayerische Staatsbrauerei Weihenstephan,7.7,Bock - Weizenbock,500ml,500,10.6,Bock
Echoes of Childhood,5.3,Czech Republic,3.74,Sibeeria,3.5,IPA - New England / Hazy,Can 500ml,500,10.6,IPA
Abbaye d'Aulne Brune,7.95,Belgium,3.36,Brasserie de l'Abbaye d'Aulne,6.0,Brown Ale - Belgian,Bottle 750ml,750,10.6,Brown Ale
Mont des Cats,7.95,France,3.53,Abbaye du Mont des Cats,7.6,Belgian Strong Golden Ale,Bottle 750ml,750,10.6,Belgian Strong Golden Ale
Veni Vidi Superdelic 10,5.3,Czech Republic,3.77,Rodinný Pivovar Zichovec,4.1,IPA - Session,Can 500ml,500,10.6,IPA
Mongy Blonde - 75cl,7.95,France,3.47,Brasserie Cambier,6.2,Belgian Blonde,Bottle 750ml,750,10.6,Belgian Blonde
Tropical Smoothie 17,5.3,Czech Republic,3.83,Rodinný Pivovar Zichovec,7.0,Sour - Smoothie / Pastry,500ml,500,10.6,Sour
Giesinger Fest Bier,5.3,Germany,3.62,Giesinger Bräu,5.8,Festbier,500ml,500,10.6,Festbier
The Darkness,5.3,Poland,3.6,Browar Nepomucen,5.0,Stout - Irish Dry,500ml,500,10.6,Stout
Let it Beer Brasvar,7.95,Belgium,3.41,Libidus - Let it Beer,7.5,Belgian Tripel,Bottle 750ml,750,10.6,Belgian Tripel
Weissbier Dunkel,5.3,Germany,3.57,Erdinger Weissbräu,5.3,Wheat Beer - Dunkelweizen,Bottle 500ml,500,10.6,Wheat Beer
Poperings Hommelbier Limited Edition 2024,7.95,Belgium,3.54,Leroy Breweries,7.5,Belgian Blonde,Bottle 750ml,750,10.6,Belgian Blonde
Kerst,7.95,Belgium,3.55,Abbaye de Maredsous,10.0,Winter Warmer,Bottle 750ml,750,10.6,Winter Warmer
Abbaye d'Aulne Ambrée,7.95,Belgium,3.33,Brasserie de l'Abbaye d'Aulne,6.0,Red Ale - American Amber / Red,Bottle 750ml,750,10.6,Red Ale
Gulden Draak Classic Tripel,7.95,Belgium,3.77,Brouwerij Van Steenberge,10.5,Belgian Strong Dark Ale,Bottle 750ml,750,10.6,Belgian Strong Dark Ale
Weissbier,5.3,Germany,3.65,Erdinger Weissbräu,5.3,Wheat Beer - Hefeweizen,Bottle 500ml,500,10.6,Wheat Beer
Amber Sandstorm,5.3,Croatia,3.92,Pulfer Brewery,6.2,IPA - New England / Hazy,Can 500ml,500,10.6,IPA
Jacques,3.5,Netherlands,3.78,Big Belly Brewing Company,11.0,Belgian Quadrupel,330ml,330,10.61,Belgian Quadrupel
Casual Pale,3.5,England,3.63,UnBarred Brewery,4.5,Pale Ale - American,Can 330ml,330,10.61,Pale Ale
Berliner,3.5,Belgium,3.55,Brasserie de la Mule,3.5,Sour - Berliner Weisse,330ml,330,10.61,Sour
Lambicus Blanche,3.5,Belgium,3.47,Brewery John Martin & Brewery Timmermans,4.5,Lambic - Traditional,330ml,330,10.61,Lambic
Faro Lambicus,3.5,Belgium,3.45,Brewery John Martin & Brewery Timmermans,4.0,Lambic - Faro,330ml,330,10.61,Lambic
Road Trip,3.5,Netherlands,3.58,DAVO,8.5,Belgian Tripel,330ml,330,10.61,Belgian Tripel
"Anderson's Mercy, Mon Cherry",3.5,Estonia,3.38,Anderson's Craft Beer,4.3,Pale Ale - Fruited,330ml,330,10.61,Pale Ale
Brouwerij de Bie Zatte Bie,3.5,Belgium,3.33,Brouwerij De Bie,9.0,Belgian Strong Dark Ale,330ml,330,10.61,Belgian Strong Dark Ale
Ginger Weiz,3.5,Netherlands,3.49,vandeStreek bier,5.8,Spiced / Herbed Beer,330ml,330,10.61,Spiced / Herbed Beer
PARKA,3.5,Spain,3.54,Garage Beer Co.,4.5,Porter - Other,330ml,330,10.61,Porter
Kolleke Bock (2024),3.5,Netherlands,3.38,Stadsbrouwerij Van Kollenburg,6.7,Bock - Single / Traditional,330ml,330,10.61,Bock
Ontbijtkoekbock,3.5,Netherlands,3.37,Uiltje Brewing Company,6.5,Bock - Single / Traditional,330ml,330,10.61,Bock
Hazy Sunrise,3.5,Netherlands,3.69,Brouwerij Kees,7.1,IPA - New England / Hazy,330ml,330,10.61,IPA
Choco Porter,3.5,Netherlands,3.29,Rock City Brewing,4.5,Porter - American,330ml,330,10.61,Porter
Woerdens Tripel (batch#1),3.5,Netherlands,3.54,Bierloods22,9.5,Belgian Tripel,330ml,330,10.61,Belgian Tripel
GRUNNEGS GOLD 2023,3.5,Netherlands,3.57,Floem,8.8,Belgian Tripel,330ml,330,10.61,Belgian Tripel
Cascadian Tides Stout,3.5,Scotland,3.27,BRULO,12.2,Non-Alcoholic - Porter / Stout,330ml,330,10.61,Non-Alcoholic
Waar Is Loca,3.5,Belgium,3.48,Dok Brewing Company,6.5,Pale Ale - Belgian,330ml,330,10.61,Pale Ale
Hero,3.5,Spain,3.36,Basqueland Brewing,0.5,Non-Alcoholic - IPA,330ml,330,10.61,Non-Alcoholic
Bitter-Ballenbad,3.5,Belgium,3.25,Dok Brewing Company,4.5,Bitter - Best,330ml,330,10.61,Bitter
Bidon Recup,3.5,Belgium,2.69,Brouwerij Broeder Jacob,0.3,Non-Alcoholic - Other,330ml,330,10.61,Non-Alcoholic
Bersalis Kadet,3.5,Belgium,3.06,Oud Beersel,4.5,Belgian Blonde,330ml,330,10.61,Belgian Blonde
Kaffired Up,3.5,Netherlands,3.54,vandeStreek bier,5.4,Wheat Beer - Witbier / Blanche,330ml,330,10.61,Wheat Beer
Winter Barleywine,3.5,Netherlands,3.84,Gooische Bierbrouwerij,10.5,Barleywine - Other,330ml,330,10.61,Barleywine
Eternal Hibernation Bourbon Infused,3.5,Belgium,3.88,FoxTown Beer Crew,11.8,Barleywine - English,330ml,330,10.61,Barleywine
Zwaar Leven,3.5,Netherlands,3.45,Hert Bier,7.7,Belgian Tripel,330ml,330,10.61,Belgian Tripel
Floreffe Prima Melior,3.5,Belgium,3.42,Brasserie Lefebvre,8.0,Belgian Strong Dark Ale,330ml,330,10.61,Belgian Strong Dark Ale
Baarns Blondje,3.5,Netherlands,3.5,De Brouwkamer,6.5,Belgian Blonde,330ml,330,10.61,Belgian Blonde
Hypnotic Lager,3.5,Belgium,3.47,Brasserie Surréaliste,5.2,Lager - Other,330ml,330,10.61,Lager
Katuiner Blond,3.5,Netherlands,3.28,Brouwerij Katuin,4.8,Blonde / Golden Ale - Other,330ml,330,10.61,Blonde / Golden Ale
Brunehaut Triple Organic,3.5,Belgium,3.32,Brasserie de Brunehaut,8.0,Gluten-Free,330ml,330,10.61,Gluten-Free
Goldie- Orca Hell,3.5,Germany,3.66,orca brau,4.8,Blonde / Golden Ale - Other,330ml,330,10.61,Blonde / Golden Ale
Maisel Hopfenreiter 2024 - Double IPA,3.5,Germany,3.87,Brauerei Gebr. Maisel,8.5,IPA - Imperial / Double,330ml,330,10.61,IPA
De Molen Hamer & Sikkel,3.5,Netherlands,3.42,Brouwerij de Molen,5.2,Porter - English,330ml,330,10.61,Porter
Wit,3.5,Netherlands,,Brouwerij De Drie Ringen,5.0,Wheat Beer - Other,330ml,330,10.61,Wheat Beer
Eem Saisonnig,3.5,Netherlands,3.34,Brouwerij Eembier,6.5,Pale Ale - American,330ml,330,10.61,Pale Ale
Trillende Truus,3.5,Netherlands,3.29,Brouwerij Barelds & Sabel,8.8,Belgian Tripel,330ml,330,10.61,Belgian Tripel
Hop Harvest (Fresh Hop),3.5,Netherlands,3.72,vandeStreek bier,7.0,IPA - New England / Hazy,330ml,330,10.61,IPA
Loc Brewery Lord Nelson,3.5,Netherlands,3.69,LOC Brewery,5.8,IPA - New England / Hazy,330ml,330,10.61,IPA
Witte Dame,3.5,Netherlands,3.45,100 Watt Brewery,5.1,Wheat Beer - Witbier / Blanche,330ml,330,10.61,Wheat Beer
Branding Ipa,3.5,Netherlands,3.45,Zuiderzeebier,6.0,IPA - Other,330ml,330,10.61,IPA
150 Watt,3.5,Netherlands,3.63,100 Watt Brewery,10.0,Belgian Quadrupel,330ml,330,10.61,Belgian Quadrupel
De Smokkelaar Queen Bee,3.5,Netherlands,3.55,Brouwerij de Smokkelaar,7.8,Belgian Tripel,330ml,330,10.61,Belgian Tripel
Golden Ale,3.5,Spain,3.46,Yria Cervezas,5.5,Pale Ale - American,Bottle 330ml,330,10.61,Pale Ale
GRISETTE #1 - 33cl,3.5,France,3.81,Brasserie La Malpolon,4.5,Farmhouse Ale - Grisette,330ml,330,10.61,Farmhouse Ale
Kolleke Ome Jan,3.5,Netherlands,3.19,Stadsbrouwerij Van Kollenburg,6.5,Blonde / Golden Ale - Other,330ml,330,10.61,Blonde / Golden Ale
Marker Maagd,3.5,Netherlands,3.33,Waterland Brewery,5.0,Wheat Beer - Witbier / Blanche,330ml,330,10.61,Wheat Beer
Katuiner Saison,3.5,Netherlands,3.37,Brouwerij Katuin,6.5,Farmhouse Ale - Saison,330ml,330,10.61,Farmhouse Ale
Porter Tonka Excentrique,3.5,France,3.53,La Berlue,6.0,Porter - Other,330ml,330,10.61,Porter
Tripel,3.5,Netherlands,3.49,Le Grand Crue,8.0,Belgian Tripel,330ml,330,10.61,Belgian Tripel
Bådvar,3.5,Norway,3.48,Bådin,5.1,Lager - Světlé (Czech Pale),330ml,330,10.61,Lager
Straffe Hendrik Brugs Quadrupel Bier,3.5,Belgium,4.04,Brouwerij De Halve Maan,11.0,Belgian Quadrupel,330ml,330,10.61,Belgian Quadrupel
Madame Butterfly,3.5,Estonia,3.53,Pühaste Brewery,6.0,Red Ale - American Amber / Red,Bottle 330ml,330,10.61,Red Ale
Mijn Hemel,3.5,Netherlands,3.54,'t Mirakel,6.6,Bock - Single / Traditional,330ml,330,10.61,Bock
Brouwerij de Klep Dominicaner Weizen,3.5,Netherlands,3.51,Brouwerij De Klep,5.5,Wheat Beer - Hefeweizen,330ml,330,10.61,Wheat Beer
Badin St Eystein,3.5,Norway,3.48,Bådin,7.0,Belgian Dubbel,330ml,330,10.61,Belgian Dubbel
Reijngoud Zuurbier - Passievrucht Berliner Weisse,3.5,Netherlands,3.48,Hofbrouwerij Reijngoud,4.5,Sour - Fruited Berliner Weisse,330ml,330,10.61,Sour
Tesselaar Bruuzer,3.5,Netherlands,3.52,Tesselaar Familiebrouwerij Diks,9.0,Belgian Tripel,330ml,330,10.61,Belgian Tripel
Chocoporter,3.5,Netherlands,3.22,Rock City Brewing,4.5,Porter - Coffee,330ml,330,10.61,Porter
Zeven Zonden GULA,3.5,Belgium,3.42,Hugel,10.0,Belgian Strong Dark Ale,330ml,330,10.61,Belgian Strong Dark Ale
Rochefort 10,3.5,Belgium,4.05,Abbaye Notre-Dame de Saint-Rémy,11.3,Belgian Quadrupel,330ml,330,10.61,Belgian Quadrupel
LagerLab #15 Red Lager Cherry Wood,3.5,Netherlands,3.38,Brouwerij Noordt,3.7,Lager - Other,330ml,330,10.61,Lager
LagerLab #14 Lager de Table French Oak,3.5,Netherlands,3.19,Brouwerij Noordt,3.2,Lager - Other,330ml,330,10.61,Lager
De Koperen Kat Delftse Donderslag,3.5,Netherlands,3.29,Delft City Brewery De Koperen Kat,7.0,Bock - Single / Traditional,330ml,330,10.61,Bock
Sloppy Joe,3.5,Netherlands,3.57,Vat'33,8.0,Belgian Tripel,330ml,330,10.61,Belgian Tripel
St Bernardus Wit,3.5,Belgium,3.58,Brouwerij St.Bernardus,5.5,Wheat Beer - Witbier / Blanche,330ml,330,10.61,Wheat Beer
Second Date Non Alcoholic,3.5,Netherlands,3.32,Rock City Brewing,0.33,Non-Alcoholic - IPA,330ml,330,10.61,Non-Alcoholic
SchuppenBoer Grand Cru,3.5,Belgium,3.67,Brouwerij Het Nest,10.0,Belgian Tripel,330ml,330,10.61,Belgian Tripel
Lust For Life DDH IPA,3.5,Scotland,3.41,BRULO,4.0,Non-Alcoholic - IPA,330ml,330,10.61,Non-Alcoholic
Berliner Elderflower,3.5,Belgium,3.55,Brasserie de la Mule,3.5,Sour - Berliner Weisse,330ml,330,10.61,Sour
Folkol,3.5,Belgium,3.5,Brasserie de la Mule,2.8,Lager - Pale,330ml,330,10.61,Lager
Narita,3.5,France,3.82,Prizm Brewing Co.,6.0,Sour - Fruited,330ml,330,10.61,Sour
Bali,3.5,France,3.8,Prizm Brewing Co.,5.7,IPA - New England / Hazy,330ml,330,10.61,IPA
Zuiderzee Bier Bruisend Blond,3.5,Netherlands,3.46,Zuiderzeebier,6.0,Belgian Blonde,330ml,330,10.61,Belgian Blonde
Geutpisser,3.5,Netherlands,3.3,Brouwerij Durs,5.9,Red Ale - American Amber / Red,330ml,330,10.61,Red Ale
Bio- Zwicklbock,3.5,Austria,3.58,Brauerei Hofstetten,7.4,Bock - Single / Traditional,330ml,330,10.61,Bock
Helles In Wonderland,3.5,Netherlands,3.45,Jopen,4.8,Lager - Helles,330ml,330,10.61,Lager
Brewing Bitter-Ballenbad,3.5,Belgium,3.25,Dok Brewing Company,4.5,Bitter - Best,330ml,330,10.61,Bitter
Ezelenbok,3.5,Netherlands,3.52,Tesselaar Familiebrouwerij Diks,7.5,Bock - Doppelbock,330ml,330,10.61,Bock
Napizza Amalfi Pale Ale,3.5,Germany,3.56,orca brau,5.3,Pale Ale - Other,330ml,330,10.61,Pale Ale
Trekzak Tripel,3.5,Netherlands,3.48,Brouwerij Vals Plat,7.5,Belgian Tripel,330ml,330,10.61,Belgian Tripel
SchuppenBoer Tripel Moscatel Barrel Aged,3.5,Belgium,3.6,Brouwerij Het Nest,8.0,Belgian Tripel,330ml,330,10.61,Belgian Tripel
Kerlig hell,3.5,Germany,3.51,KUEHN KUNZ ROSEN,5.2,Lager - IPL (India Pale Lager),330ml,330,10.61,Lager
Alvinne / Stu Mostow ZuBREwka,3.5,Belgium,3.84,Brouwerij Alvinne,5.5,Sour - Other,330ml,330,10.61,Sour
Welcome Back,3.5,Netherlands,3.57,Cockroach Brew,4.5,Pale Ale - New England / Hazy,330ml,330,10.61,Pale Ale
Lervig Lucky Jack Grapefruit Edition,3.5,Norway,3.42,LERVIG,4.7,Pale Ale - Fruited,330ml,330,10.61,Pale Ale
Dwars,3.5,Netherlands,3.39,Brouwerij Het Platte Harnas,7.0,Belgian Dubbel,330ml,330,10.61,Belgian Dubbel
Muifel I Spy Double Rye Dubbelbock,3.5,Netherlands,3.74,Muifelbrouwerij,8.5,Bock - Doppelbock,330ml,330,10.61,Bock
Bird Of Prey IPA Blik SB,3.5,Netherlands,3.6,Uiltje Brewing Company,5.8,IPA - American,330ml,330,10.61,IPA
Juicy Pale Ale,3.5,Netherlands,3.42,Liberty Craft Beer,5.5,Pale Ale - Other,330ml,330,10.61,Pale Ale
Rijke Rogge Tripel,3.5,Netherlands,3.39,Liberty Craft Beer,8.5,Belgian Tripel,330ml,330,10.61,Belgian Tripel
Kuehnes Blondes,3.5,Germany,3.36,KUEHN KUNZ ROSEN,4.9,Wheat Beer - Witbier / Blanche,330ml,330,10.61,Wheat Beer
Eem Zonnig,3.5,Netherlands,3.34,Brouwerij Eembier,5.8,Pale Ale - American,330ml,330,10.61,Pale Ale
Brouwerij de Klep Sintermerte Herfstbok,3.5,Netherlands,3.41,Brouwerij De Klep,6.5,Bock - Single / Traditional,330ml,330,10.61,Bock
Strieper The Incredible Double Zen Boosting Chill Machine,3.5,Netherlands,3.31,Strieper Craft Beer Company,6.8,Belgian Dubbel,330ml,330,10.61,Belgian Dubbel
Marzen,3.5,Belgium,3.57,Brasserie de la Mule,5.4,Märzen,330ml,330,10.61,Märzen
Big Bob,3.5,Netherlands,3.29,Oersoep,0.3,Non-Alcoholic - IPA,330ml,330,10.61,Non-Alcoholic
Bierbuik,3.5,Netherlands,3.59,Brouwerij Het Platte Harnas,8.5,Belgian Blonde,330ml,330,10.61,Belgian Blonde
Lamme Jan,3.5,Netherlands,3.53,Brouwerij Het Platte Harnas,9.0,Belgian Tripel,330ml,330,10.61,Belgian Tripel
Barley AAP,3.5,Netherlands,3.56,Guilty Monkey Brewery,10.0,Barleywine - American,330ml,330,10.61,Barleywine
White IPA,3.5,Netherlands,3.53,Thorns Wit,6.0,IPA - White / Wheat,330ml,330,10.61,IPA
HOP DROPS CITRA EXTRA PALE,3.5,Ireland,3.49,Rye River Brewing Company,4.5,Pale Ale - XPA (Extra Pale),330ml,330,10.61,Pale Ale
"Coffee Connaisseur, Moi? Winter 23/24",3.5,Netherlands,3.93,Dutch Bargain,13.0,Stout - Imperial / Double Coffee,330ml,330,10.61,Stout
Hopfather,3.5,Netherlands,3.57,Oersoep,6.0,IPA - American,330ml,330,10.61,IPA
Katuiner Tripel,3.5,United States,4.1,DankHouse Brewing Company,8.4,IPA - New England / Hazy,330ml,330,10.61,IPA
Karmeliet Triple,3.5,Belgium,3.99,Brouwerij Bosteels,8.4,Belgian Tripel,330ml,330,10.61,Belgian Tripel
Koffie & Toffee Baltic Porter,3.5,Netherlands,3.65,Brouwerij de Molen,8.5,Porter - Baltic,330ml,330,10.61,Porter
Coconut,3.5,Belgium,2.87,Mongozo,5.0,Gluten-Free,330ml,330,10.61,Gluten-Free
Rusty Pretzel (Berliner Braunbier),3.5,Netherlands,2.84,Brouwerij Het Veem,3.5,Historical Beer - Berliner Braunbier,330ml,330,10.61,Historical Beer
Swaf,3.5,France,3.29,La Berlue,4.0,Farmhouse Ale - Saison,330ml,330,10.61,Farmhouse Ale
Kompaan Handlanger,3.5,Netherlands,3.61,KOMPAAN Dutch Craft Beer Company,8.2,IPA - Imperial / Double,330ml,330,10.61,IPA
Goed Huwelijk American IPA,3.5,Netherlands,3.53,Brouwerij Allema,7.4,IPA - American,330ml,330,10.61,IPA
Imperial Julmust,3.5,Sweden,3.2,Omnipollo,5.9,Sour - Smoothie / Pastry,330ml,330,10.61,Sour
Hazy Non(netje),3.5,Netherlands,3.18,Jopen,0.5,Non-Alcoholic - IPA,330ml,330,10.61,Non-Alcoholic
Black Magic,3.5,Netherlands,3.46,vandeStreek bier,7.0,IPA - Black / Cascadian Dark Ale,330ml,330,10.61,IPA
NEIPA,3.5,Nederland,3.14,Eem,6.5,IPA,330ml,330,10.61,IPA
Baron,3.5,Netherlands,3.4,Big Belly Brewing Company,4.8,Historical Beer - Other,330ml,330,10.61,Historical Beer
Katuiner RIS,3.5,Netherlands,3.77,Brouwerij Katuin,9.0,Stout - Russian Imperial,330ml,330,10.61,Stout
Groot Geschapen,3.5,Netherlands,3.47,Brouwerij Het Platte Harnas,7.0,Belgian Blonde,330ml,330,10.61,Belgian Blonde
The Goat,3.5,Netherlands,3.39,Brouwerij Kees,6.5,Bock - Single / Traditional,330ml,330,10.61,Bock
150,3.5,Belgium,3.75,Bières de Chimay,10.0,Belgian Strong Golden Ale,330ml,330,10.61,Belgian Strong Golden Ale
Fluffy,3.5,Germany,3.81,orca brau,4.7,Pale Ale - New England / Hazy,330ml,330,10.61,Pale Ale
Pohjala Must Kuld Chai Latte,3.5,Estonia,3.38,Põhjala,7.8,Porter - Other,330ml,330,10.61,Porter
t Mirakel De Vondst Tripel,3.5,Netherlands,3.6,'t Mirakel,8.4,Belgian Tripel,330ml,330,10.61,Belgian Tripel
BRULO 7 Hop 7 Grain DDH IPA,3.5,Scotland,3.43,BRULO,4.0,Non-Alcoholic - IPA,330ml,330,10.61,Non-Alcoholic
Cardeña Tripel,3.5,Spain,3.49,Monasterio San Pedro de Cardeña,7.0,Belgian Tripel,330ml,330,10.61,Belgian Tripel
Cyber Jazz,3.5,Netherlands,3.66,POPHOP,10.0,Belgian Quadrupel,330ml,330,10.61,Belgian Quadrupel
Nakomertje,3.5,Netherlands,3.17,Brouwerij Allema,3.8,IPA - Session,330ml,330,10.61,IPA
Tripel Wit,3.5,Netherlands,3.49,Thorns Wit,7.5,Wheat Beer - Witbier / Blanche,330ml,330,10.61,Wheat Beer
KEIPA - Black Pepper Edition,3.5,Netherlands,3.64,Vat'33,5.0,IPA - New England / Hazy,330ml,330,10.61,IPA
Vink Heerlijk,3.5,Netherlands,3.48,Bird Brewery,6.2,IPA - American,330ml,330,10.61,IPA
De Rumoerige Roodborst,3.5,Netherlands,3.47,Bird Brewery,5.8,Red Ale - American Amber / Red,330ml,330,10.61,Red Ale
La Corne Triple,3.5,Belgium,3.64,Brasserie des Légendes,10.0,Belgian Tripel,330ml,330,10.61,Belgian Tripel
Everybody Needs A 303,3.5,Netherlands,3.65,Van Moll,7.9,IPA - New England / Hazy,330ml,330,10.61,IPA
Jubel Joop VI,3.5,Netherlands,3.52,Jopen,6.0,IPA - Cold,330ml,330,10.61,IPA
Bierbrouwerij VD Volendam Vølenbock,3.5,Germany,3.21,Brouwerij VD Volendam,6.5,Herfstbok,330ml,330,10.61,Herfstbok
Hellehond Tripel,3.5,Netherlands,3.5,Brouwerij de Smokkelaar,7.6,Belgian Tripel,330ml,330,10.61,Belgian Tripel
Madeleine,3.5,Netherlands,3.34,Oedipus Brewing,6.0,Bock - Single / Traditional,330ml,330,10.61,Bock
Oud Beersel: Kriekenlambiek Beerbox,32.9,Belgium,3.82,Oud Beersel,7.5,Lambic - Kriek,3100ml,3100,10.61,Lambic
"De Verschoappeling, Pale Dubbel Bock",3.5,Netherlands,3.54,Brouwhuus 't Zwarte Schoap,8.4,Bock - Doppelbock,330ml,330,10.61,Bock
Nova 7,3.5,Netherlands,3.51,Zuyd Craft,7.0,Belgian Blonde,330ml,330,10.61,Belgian Blonde
Bierbrouwerij VD Volendam Ootje,3.5,Netherlands,,Brouwerij VD Volendam,8.5,Tripel,330ml,330,10.61,Tripel
De Rumoerige Roodborst Amber IPA,3.5,Netherlands,3.47,Bird Brewery,5.8,Red Ale - American Amber / Red,Can 330ml,330,10.61,Red Ale
Lang Zal Die Leven,3.5,Netherlands,3.37,Hert Bier,7.2,Pale Ale - Belgian,330ml,330,10.61,Pale Ale
Kaintz Modern Tripel,3.5,Netherlands,3.46,Brouwerij Poesiat & Kater,8.0,Belgian Tripel,330ml,330,10.61,Belgian Tripel
Drinkin In The Sun,3.5,Denmark,3.24,Mikkeller,0.3,Non-Alcoholic - Wheat,Can 330ml,330,10.61,Non-Alcoholic
Peckham Helles,3.5,England,3.32,Brick Brewery,4.2,Lager - Helles,Can 330ml,330,10.61,Lager
BRULO 5 Fruit Gose,3.5,Scotland,3.38,BRULO,9.5,Non-Alcoholic - Sour,330ml,330,10.61,Non-Alcoholic
Kerel Stout,3.5,Belgium,3.38,Siphon Brewing,6.0,Porter - American,330ml,330,10.61,Porter
Balthazar (Old Ale),3.5,Netherlands,3.36,Beerze,7.5,Old / Stock Ale,330ml,330,10.61,Old / Stock Ale
Killer Queen,3.5,Netherlands,3.51,POPHOP,8.0,Belgian Tripel,330ml,330,10.61,Belgian Tripel
Sundance,3.5,Netherlands,3.54,Backyard Brewing Co,5.2,Pale Ale - American,330ml,330,10.61,Pale Ale
Kranig,3.5,Netherlands,3.51,Brouwerij Eembier,9.0,Belgian Tripel,330ml,330,10.61,Belgian Tripel
Kein Kölsch,3.5,Germany,3.63,orca brau,4.5,Cream Ale,330ml,330,10.61,Cream Ale
Bok,3.5,Netherlands,3.39,Brouwerij Noordt,7.0,Bock - Single / Traditional,330ml,330,10.61,Bock
Tripel,3.5,Netherlands,3.62,Gooische Bierbrouwerij,8.5,Belgian Tripel,330ml,330,10.61,Belgian Tripel
ROTT.blontt,3.5,Netherlands,3.46,ROTT. Brouwers,5.5,Blonde / Golden Ale - Other,330ml,330,10.61,Blonde / Golden Ale
Jambe de Bois,3.5,Belgium,3.56,Brasserie de la Senne,8.0,Belgian Tripel,330ml,330,10.61,Belgian Tripel
Funkalicious,3.5,Netherlands,3.52,Backyard Brewing Co,3.5,Sour - Fruited,330ml,330,10.61,Sour
Swingers Gose,3.5,Netherlands,3.33,Oedipus Brewing,4.0,Sour - Fruited Gose,330ml,330,10.61,Sour
Bobby Love Neipa,3.5,Netherlands,3.55,Big Belly Brewing Company,5.5,IPA - New England / Hazy,330ml,330,10.61,IPA
t Mirakel Het Verlangen,3.5,Netherlands,3.42,'t Mirakel,5.4,Wheat Beer - Hefeweizen,330ml,330,10.61,Wheat Beer
Breugem Handdruk,3.5,Netherlands,3.54,Breugem Bier,10.3,Belgian Quadrupel,330ml,330,10.61,Belgian Quadrupel
t Mirakel Lieve Vrouw,3.5,Netherlands,3.53,'t Mirakel,6.4,Blonde / Golden Ale - Other,330ml,330,10.61,Blonde / Golden Ale
Cuvée Dry Hopping,3.5,Belgium,3.67,Brasserie Dupont,6.5,Farmhouse Ale - Saison,330ml,330,10.61,Farmhouse Ale
Trappist Triple,3.5,Belgium,3.81,Brouwerij der Trappisten van Westmalle,9.5,Belgian Tripel,330ml,330,10.61,Belgian Tripel
Zilte Zucht,3.5,Netherlands,3.21,Kust Brouwers,3.8,Belgian Blonde,330ml,330,10.61,Belgian Blonde
Postel Tripel,3.5,Belgium,3.55,Affligem Brouwerij,9.0,Belgian Tripel,330ml,330,10.61,Belgian Tripel
Imparable,3.5,Spain,3.75,Basqueland Brewing,6.8,IPA - American,330ml,330,10.61,IPA
Sluwe Vos,3.5,Netherlands,3.49,Stadsbrouwerij Vos Elburg,8.0,IPA - Imperial / Double,330ml,330,10.61,IPA
Dubbel Vos,3.5,Netherlands,3.35,Stadsbrouwerij Vos Elburg,6.5,Belgian Dubbel,330ml,330,10.61,Belgian Dubbel
Walhalla Freya,3.5,Netherlands,3.43,Walhalla Brouwerij & Proeflokaal,5.3,Sour - Fruited,330ml,330,10.61,Sour
Pastel Pils,3.5,England,3.43,Siren Craft Brew,5.5,Pilsner - Italian,Can 330ml,330,10.61,Pilsner
Kutbier Blond Met Pruimen,3.5,Netherlands,3.36,Brouwerij Boegbeeld,6.3,Belgian Blonde,330ml,330,10.61,Belgian Blonde
Nova,3.5,Netherlands,3.51,Zuyd Craft,7.0,Belgian Blonde,330ml,330,10.61,Belgian Blonde
Trappistes Rochefort 8,3.5,Belgium,3.85,Abbaye Notre-Dame de Saint-Rémy,9.2,Belgian Strong Dark Ale,330ml,330,10.61,Belgian Strong Dark Ale
Lucane Black IPA,3.5,Belgium,3.79,La Source Beer Co.,6.0,IPA - Black / Cascadian Dark Ale,330ml,330,10.61,IPA
HEY!Tjappie,3.5,Netherlands,3.44,Vat'33,5.3,Blonde / Golden Ale - Other,330ml,330,10.61,Blonde / Golden Ale
Herkenrode Abbey Vesper,3.5,Belgium,3.55,Brouwerij Cornelissen,9.0,Belgian Tripel,330ml,330,10.61,Belgian Tripel
Zilte Ziel,3.5,Netherlands,3.23,Kust Brouwers,5.4,Red Ale - American Amber / Red,330ml,330,10.61,Red Ale
Hel&Verdoemenis  Imperial Stout,3.5,Netherlands,3.85,Brouwerij de Molen,10.0,Stout - Russian Imperial,330ml,330,10.61,Stout
Bommen&Granaten Barley Wine,3.5,Netherlands,3.82,Brouwerij de Molen,11.0,Barleywine - Other,330ml,330,10.61,Barleywine
Jetset,3.5,Netherlands,3.23,Big Belly Brewing Company,5.6,Fruit Beer,330ml,330,10.61,Fruit Beer
Crux,3.5,Netherlands,3.49,Brouwerij Vals Plat,6.2,IPA - American,330ml,330,10.61,IPA
Big La Chouffe Blond,15.95,Belgium,3.79,Brasserie d'Achouffe,8.0,Belgian Strong Golden Ale,Bottle 1500ml,1500,10.63,Belgian Strong Golden Ale
Zichovec Ježíšek,7.97,Czech Republic,3.86,Rodinný Pivovar Zichovec,9.0,IPA - Imperial / Double,Bottle 750ml,750,10.63,IPA
Loom Vanilla,3.99,United States,3.43,Hudson Valley Brewery,5.0,Porter - American,Bottle 375ml,375,10.64,Porter
Timmermans Lambicus Blanche 22/11/2019,3.99,Belgium,3.47,Brewery John Martin & Brewery Timmermans,4.5,Lambic - Traditional,Bottle 375ml,375,10.64,Lambic
Katzwijm,3.51,Netherlands,3.45,Brouwerij Homeland,10.0,IPA - American,330ml,330,10.64,IPA
Winter Welcome Ale 2023-2024,5.85,England,3.76,Samuel Smith,6.0,Winter Warmer,550ml,550,10.64,Winter Warmer
Timmermans Faro 13/03/2020,3.99,Belgium,3.45,Brewery John Martin & Brewery Timmermans,4.0,Lambic - Faro,Bottle 375ml,375,10.64,Lambic
Export India Porter,3.99,England,3.83,The Kernel Brewery,6.5,Porter - Other,Bottle 375ml,375,10.64,Porter
Ketelbinkie,3.51,Netherlands,3.46,Brouwerij Homeland,10.0,IPA - Session,330ml,330,10.64,IPA
Jack On Steroids V5: Jasper Yeast Edition,3.99,Netherlands,3.67,Kaapse Brouwers,8.5,IPA - Imperial / Double New England / Hazy,Bottle 375ml,375,10.64,IPA
R.Ipa,3.51,Belgium,3.13,Microbrouwerij De Rechter,7.0,Blonde / Golden Ale - Other,330ml,330,10.64,Blonde / Golden Ale
Framboise,3.99,Belgium,3.54,Brouwerij Boon,5.0,Lambic - Framboise,Bottle 375ml,375,10.64,Lambic
Cuvée Chapeau Oude Gueuze,7.99,Belgium,3.56,Brouwerij De Troch,5.5,Lambic - Gueuze,Bottle 750ml,750,10.65,Lambic
Terreux Pinot Pop,7.99,United States,3.88,The Bruery Terreux,8.5,Farmhouse Ale - Saison,Bottle 750ml,750,10.65,Farmhouse Ale
Terreux Apple Pop,7.99,United States,3.78,The Bruery Terreux,7.4,Farmhouse Ale - Saison,Bottle 750ml,750,10.65,Farmhouse Ale
Triple Cinq Cent,7.99,Belgium,3.73,Bières de Chimay,8.0,Belgian Tripel,Bottle 750ml,750,10.65,Belgian Tripel
Zeeuwse Bierselectie Luctor Et Emergo Blond - Kruik,7.99,Netherlands,3.62,The Holy Spiritus,6.0,Cider - Dry,Bottle 750ml,750,10.65,Cider
Baby Sharks,4.69,England,3.93,Verdant Brewing Co,4.8,Pale Ale - New England / Hazy,Can 440ml,440,10.66,Pale Ale
Blech.Brut Helles Classic,4.69,Germany,3.67,Blech.Brut 8 Bit,5.0,Lager - Helles,Can 440ml,440,10.66,Lager
Siren Follow Me To The Fields,4.69,England,3.7,Siren Craft Brew,5.4,Brown Ale - English,Can 440ml,440,10.66,Brown Ale
Siren Existential,4.69,England,3.62,Siren Craft Brew,4.8,Pale Ale - XPA (Extra Pale),Can 440ml,440,10.66,Pale Ale
Wacken Mjölnir Nordic DH Lager,4.69,Germany,3.26,Beer of the Gods - Wacken Brauerei,5.3,Pilsner - German,Can 440ml,440,10.66,Pilsner
Wacken Liquid Metal IPA,4.69,Germany,3.71,Beer of the Gods - Wacken Brauerei,5.3,IPA - American,Can 440ml,440,10.66,IPA
Camba Imperial IPA,4.69,Germany,3.67,Camba Bavaria,8.9,IPA - Imperial / Double,Can 440ml,440,10.66,IPA
Lucky Liver IPA alkoholfrei,4.69,Germany,4.29,FrauGruber Brewing,0.5,Non-Alcoholic - IPA,Can 440ml,440,10.66,Non-Alcoholic
Saison maison #2,8.0,France,3.93,Brasserie La Malpolon,7.0,Farmhouse Ale - Saison,Bottle 750ml,750,10.67,Farmhouse Ale
The Breaking Wheel,8.0,United States,3.9,Nightmare Brewing Company,5.2,Kölsch,Bottle 750ml,750,10.67,Kölsch
Super Ultramega Hyperforce,8.0,United States,3.84,Jester King Brewery,4.5,Farmhouse Ale - Saison,Bottle 750ml,750,10.67,Farmhouse Ale
Dispersed Vertices Dry-hopped Hersbrucker Spät,8.0,Denmark,4.01,To Øl,6.5,Wild Ale - Other,Bottle 750ml,750,10.67,Wild Ale
Nani?!,8.0,United States,3.68,Jester King Brewery,4.8,Lager - Japanese Rice,Bottle 750ml,750,10.67,Lager
Dispersed Vertices Dry-hopped NZ Taiheke,8.0,Denmark,3.72,To Øl,6.5,Wild Ale - Other,Bottle 750ml,750,10.67,Wild Ale
Welcome To Man Cave,8.0,United States,3.95,Thin Man Brewery,7.0,IPA - American,Bottle 750ml,750,10.67,IPA
Floreffe Triple,8.0,Belgium,3.46,Brasserie Lefebvre,8.0,Belgian Tripel,Bottle 750ml,750,10.67,Belgian Tripel
Hirondelle (Summer Edition - With Lime),3.52,Belgium,3.65,La Source Beer Co.,4.8,Sour - Other,330ml,330,10.67,Sour
Saison,8.0,Spain,3.67,Cyclic Beer Farm,5.8,Farmhouse Ale - Saison,Bottle 750ml,750,10.67,Farmhouse Ale
Garde Fou,8.0,France,3.63,Brasserie La Malpolon,7.3,Farmhouse Ale - Bière de Garde,Bottle 750ml,750,10.67,Farmhouse Ale
Vive le Roy,8.0,France,3.86,Hoppy Road,5.9,Farmhouse Ale - Other,Bottle 750ml,750,10.67,Farmhouse Ale
Paint It Black,4.0,Brazil,2.6,Pophop,6.0,Pilsner - Other,Bottle 375ml,375,10.67,Pilsner
Nova Saison,8.0,France,3.62,Brasserie La Malpolon,5.2,Farmhouse Ale - Saison,Bottle 750ml,750,10.67,Farmhouse Ale
Blé/Fenouil,8.0,France,3.56,Brasserie La Malpolon,4.5,Wheat Beer - Witbier / Blanche,Bottle 750ml,750,10.67,Wheat Beer
Sour Krump,3.52,Belgium,3.65,L'Ermitage,3.8,Sour - Berliner Weisse,330ml,330,10.67,Sour
Värske,4.7,Estonia,3.48,Põhjala,5.0,Lager - IPL (India Pale Lager),Can 440ml,440,10.68,Lager
Dance Yourself Clean,4.7,Romania,4.05,Blackout Brewing,6.0,IPA - New England / Hazy,Can 440ml,440,10.68,IPA
Kompaan / Prizm Down Under,4.7,Netherlands,3.51,KOMPAAN Dutch Craft Beer Company,5.4,Pilsner - New Zealand,Can 440ml,440,10.68,Pilsner
Cool Little Thing,3.79,United States,3.8,Sierra Nevada Brewing Co.,7.5,IPA - New England / Hazy,355ml,355,10.68,IPA
Ding,4.7,England,3.55,Double-Barrelled Brewery,4.9,Kellerbier / Zwickelbier,Can 440ml,440,10.68,Kellerbier / Zwickelbier
For The Love Of Hops Cyan,4.7,Netherlands,3.66,Brouwerij Frontaal,5.5,IPA - New England / Hazy,Can 440ml,440,10.68,IPA
Tomorrow,4.7,England,3.34,Wiper And True,0.5,Non-Alcoholic - Lager,Can 440ml,440,10.68,Non-Alcoholic
FLOC Warm Shade,4.7,England,3.73,Floc.,3.8,Pale Ale - New England / Hazy,Can 440ml,440,10.68,Pale Ale
Sibeeria / Dell´ Eremo - FranCeco,5.34,Czech Republic,3.8,Sibeeria,4.2,IPA - New England / Hazy,Can 500ml,500,10.68,IPA
Body Snatchers,4.7,Spain,3.81,Caleya,6.6,IPA - American,Can 440ml,440,10.68,IPA
Syrax Rises,4.7,Denmark,3.49,Mikkeller,5.5,IPA - American,Can 440ml,440,10.68,IPA
I shot the sheriff,4.7,Spain,3.84,Caleya,6.3,IPA - American,Can 440ml,440,10.68,IPA
For The Love Of Hops Jade,4.7,Netherlands,3.69,Brouwerij Frontaal,5.5,IPA - New Zealand,Can 440ml,440,10.68,IPA
Sonoma AF,4.7,England,3.54,Track Brewing Company,0.5,Non-Alcoholic - Pale Ale,Can 440ml,440,10.68,Non-Alcoholic
Samuel Adams Boston Lager,3.79,United States,3.42,Boston Beer Company,5.0,Lager - Vienna,355ml,355,10.68,Lager
Zichovec Foggy Morning,5.34,Czech Republic,3.93,Rodinný Pivovar Zichovec,6.5,IPA - New England / Hazy,Can 500ml,500,10.68,IPA
Zichovec 12 Years Of Happiness,5.34,Czech Republic,4.06,Rodinný Pivovar Zichovec,7.0,IPA - New England / Hazy,Can 500ml,500,10.68,IPA
Oude Geuze 2021-2022,2.67,Belgium,3.69,Brouwerij Boon,7.0,Lambic - Gueuze,Bottle 250ml,250,10.68,Lambic
Sea Buckthorn Sorbet,5.34,Czech Republic,3.62,Sibeeria,4.4,Sour - Fruited Berliner Weisse,Can 500ml,500,10.68,Sour
Lustre - Apricot    -    75cl,21.6,Ireland,4.07,Land & Labour,5.8,Wild Ale - Other,Bottle 2021ml,2021,10.69,Wild Ale
Time & Place,3.8,Canada,3.64,Revel Cider Company,6.5,Cider - Traditional / Apfelwein,355ml,355,10.7,Cider
Blood Orange Gose,5.35,Czech Republic,3.74,Sibeeria,4.8,Sour - Fruited Gose,Can 500ml,500,10.7,Sour
Intro,3.53,Hungary,3.35,Uradalmi Sörmanufaktúra,5.7,American Pale Ale,330ml,330,10.7,American Pale Ale
Pale Ale,3.53,Belgium,3.6,Brasserie Surréaliste,5.6,Pale Ale - American,330ml,330,10.7,Pale Ale
Fuerst Wiacek / Lervig - Nimble,4.71,Germany,3.69,FUERST WIACEK,3.5,Pale Ale - New England / Hazy,Can 440ml,440,10.7,Pale Ale
Superdelic Saiyan,5.35,Poland,3.74,Browar Rockmill,5.5,IPA - New England / Hazy,500ml,500,10.7,IPA
Acid Trip,3.53,Czech Republic,3.77,Axiom Brewery,7.0,IPA - Sour,Can 330ml,330,10.7,IPA
Melon Splash,3.53,Hungary,3.49,HopTails Brewery,5.5,Sour - Fruited,330ml,330,10.7,Sour
Insane In The Brain,5.36,Poland,3.69,Funky Fluid,6.2,IPA - Other,500ml,500,10.72,IPA
Daim,3.54,Belgium,3.61,La Source Beer Co.,8.0,Belgian Tripel,330ml,330,10.73,Belgian Tripel
Gulden Draak,3.54,Belgium,3.77,Brouwerij Van Steenberge,10.5,Belgian Strong Dark Ale,330ml,330,10.73,Belgian Strong Dark Ale
Gulden Draak 9000 Quadruple,3.54,Belgium,3.82,Brouwerij Van Steenberge,10.5,Belgian Quadrupel,330ml,330,10.73,Belgian Quadrupel
MELTED POPSICLE,4.72,Sweden,3.76,Fermenterarna,5.6,Sour - Fruited,Can 440ml,440,10.73,Sour
Chouffe 0.4,3.54,Belgium,2.74,Brasserie d'Achouffe,0.4,Non-Alcoholic - Other,330ml,330,10.73,Non-Alcoholic
Saison D'Erpe-Mere,8.05,Belgium,3.73,Brouwerij De Glazen Toren,6.5,Farmhouse Ale - Saison,Bottle 750ml,750,10.73,Farmhouse Ale
Oude Geuze Devillé,4.03,Belgium,4.02,Den Herberg,6.7,Lambic - Gueuze,Bottle 375ml,375,10.75,Lambic
Siren Short Story Long,4.73,England,3.64,Siren Craft Brew,5.0,Pale Ale - American,Can 440ml,440,10.75,Pale Ale
"Fruitesse On The Rocks 0,0 Alkoholfreies Fruitbeer",2.69,Belgium,3.09,Brouwerij Liefmans,5.0,Non-Alcoholic - Other,Bottle 250ml,250,10.76,Non-Alcoholic
Barley Wine,3.55,Netherlands,3.71,Brouwerij Kees,11.5,Barleywine - American,330ml,330,10.76,Barleywine
Egmonds Abdijbier Biologisch Blond,3.55,Netherlands,3.54,Brouwerij Egmond,7.5,Belgian Tripel,330ml,330,10.76,Belgian Tripel
Zoet & Hout – Peated Porter,3.55,Netherlands,3.55,Brouwerij de Molen,8.0,Porter - Smoked,330ml,330,10.76,Porter
Bacchus Frambozenbier,3.55,Belgium,3.65,Kasteel Brouwerij Vanhonsebrouck,5.0,Sour - Flanders Oud Bruin,330ml,330,10.76,Sour
Eilandje New England IPA,3.55,Belgium,3.57,Antwerpse Brouw Compagnie,6.4,IPA - New England / Hazy,330ml,330,10.76,IPA
Bright White,3.55,United States,3.45,Stillwater Artisanal,5.8,Wheat Beer - Other,330ml,330,10.76,Wheat Beer
Adelheid Oaked V2,3.55,Belgium,3.76,Brouwerij de HopHemel,11.5,Barleywine - American,330ml,330,10.76,Barleywine
Fruitesse On The Rocks Fruitbeer,2.69,Belgium,3.37,Brouwerij Liefmans,3.8,Fruit Beer,Bottle 250ml,250,10.76,Fruit Beer
Bloedbroeder Imperial Stout Blik SB,3.55,Netherlands,3.47,KOMPAAN Dutch Craft Beer Company,9.1,Stout - Imperial / Double,330ml,330,10.76,Stout
Swarte Gront,3.55,Belgium,3.5,Skøllmann,8.0,IPA - Black / Cascadian Dark Ale,330ml,330,10.76,IPA
Enjoy The Silence,3.55,Netherlands,3.75,Brouwerij Kees,11.5,Belgian Quadrupel,330ml,330,10.76,Belgian Quadrupel
Faro Lambic Beer,2.69,Belgium,3.47,Brouwerij Lindemans,4.5,Lambic - Faro,Bottle 250ml,250,10.76,Lambic
Gueuze Lambic Beer,2.69,Belgium,3.41,Brouwerij Lindemans,5.0,Lambic - Gueuze,Bottle 250ml,250,10.76,Lambic
DRAGON COLADA,5.39,Netherlands,4.01,Brouwerij LOST,6.0,Sour - Smoothie / Pastry,500ml,500,10.78,Sour
Spirit of Pulfque,5.39,Croatia,3.73,Pulfer Brewery,6.6,IPA - American,500ml,500,10.78,IPA
Universum Aztec,3.56,Czech Republic,3.92,Axiom Brewery,14.5,Stout - Imperial / Double,330ml,330,10.79,Stout
Paix Dieu (Octobre 2023),3.56,Belgium,3.77,Brasserie Caulier,10.0,Belgian Tripel,330ml,330,10.79,Belgian Tripel
Kramah India Pale Ale,3.56,Austria,3.62,Brauhaus Bevog,6.5,IPA - American,Can 330ml,330,10.79,IPA
Kompaan Backyard Pool,4.75,Netherlands,3.33,KOMPAAN Dutch Craft Beer Company,4.8,California Common,Can 440ml,440,10.8,California Common
Deya Shadows of Conversation (Mosaic & Idaho 7),5.4,England,3.6,DEYA Brewing Company,2.8,Table Beer,Can 500ml,500,10.8,Table Beer
Bereta x Zichovec That's What CZ Said,4.75,Romania,3.57,Bereta Brewing Co.,5.1,Lager - Polotmavé (Czech Amber),Can 440ml,440,10.8,Lager
Kompaan Mango Tango,4.75,Netherlands,3.3,KOMPAAN Dutch Craft Beer Company,5.5,Sour - Fruited,Can 440ml,440,10.8,Sour
"Damn, That Feels Nice",4.75,Romania,3.88,Bereta Brewing Co.,6.2,IPA - New England / Hazy,Can 440ml,440,10.8,IPA
Siren Guess The Hop: B,4.75,England,3.64,Siren Craft Brew,5.5,IPA - New England / Hazy,Can 440ml,440,10.8,IPA
9th Birthday Pale,4.75,England,3.84,Cloudwater Brew Co.,4.5,Pale Ale - New England / Hazy,Can 440ml,440,10.8,Pale Ale
Crank The Spring,4.75,Netherlands,3.85,Moersleutel Craft Brewery,6.0,IPA - New England / Hazy,Can 440ml,440,10.8,IPA
Siren Guess The Hop: A,4.75,England,3.72,Siren Craft Brew,5.5,IPA - New England / Hazy,Can 440ml,440,10.8,IPA
Backyard Pool (California Common),4.75,Netherlands,3.33,KOMPAAN Dutch Craft Beer Company,4.8,California Common,Can 440ml,440,10.8,California Common
Schwarzbier,5.4,Germany,3.45,Privatbrauerei Einsiedler Brauhaus,5.0,Schwarzbier,Bottle 500ml,500,10.8,Schwarzbier
Spezial,5.4,Germany,3.6,Herzoglich Bayerisches Brauhaus Tegernsee,5.6,Lager - Dortmunder / Export,Bottle 500ml,500,10.8,Lager
Synwede,4.75,Netherlands,3.62,Wentersch,7.5,IPA - Cold,Can 440ml,440,10.8,IPA
Whisky Cask Cider,5.4,Scotland,3.79,Thistly Cross Cider,6.7,Cider - Traditional / Apfelwein,Bottle 500ml,500,10.8,Cider
Esto Perpetua,5.4,Czech Republic,3.94,Vinohradský pivovar,5.9,IPA - New England / Hazy,500ml,500,10.8,IPA
Festmarzen,5.4,Germany,3.81,Ayinger Privatbrauerei,5.8,Märzen,500ml,500,10.8,Märzen
Hell,5.4,Germany,3.39,Privatbrauerei Einsiedler Brauhaus,5.2,Lager - Helles,Bottle 500ml,500,10.8,Lager
Landbier,5.4,Germany,3.22,Privatbrauerei Einsiedler Brauhaus,5.2,Lager - Dortmunder / Export,Bottle 500ml,500,10.8,Lager
That's What CZ Said (Lager Polotmavé),4.75,Romania,3.57,Bereta Brewing Co.,5.1,Lager - Polotmavé (Czech Amber),Can 440ml,440,10.8,Lager
Hoppy Daze,5.4,Poland,3.64,Moczybroda,6.5,IPA - New England / Hazy,500ml,500,10.8,IPA
Free Gelato Berries & Cream,5.4,Poland,3.68,Funky Fluid,0.5,Non-Alcoholic - Sour,Can 500ml,500,10.8,Non-Alcoholic
Hell,5.4,Germany,3.58,Private Landbrauerei Schönram,5.0,Lager - Helles,Bottle 500ml,500,10.8,Lager
The BeeKeeper vol.5,5.4,Poland,4.07,TankBusters.Co,6.8,Sour - Smoothie / Pastry,Can 500ml,500,10.8,Sour
De Moersleutel Fruit Bomb,4.75,Netherlands,3.77,Moersleutel Craft Brewery,8.0,IPA - Imperial / Double New England / Hazy,Can 440ml,440,10.8,IPA
Step Steadier,4.75,Ireland,3.86,Whiplash,6.8,IPA - American,Can 440ml,440,10.8,IPA
Triple Trails,4.75,Netherlands,3.86,Brouwerij Kees,8.9,IPA - Triple,Can 440ml,440,10.8,IPA
ZZ Pop,5.4,Romania,,Clandestin Beer,6.0,IPA - New England / Hazy,500ml,500,10.8,IPA
Rolling Skulls,5.4,Romania,,Clandestin Beer,6.0,IPA - New England / Hazy,500ml,500,10.8,IPA
De Moersleutel Fruit Press,4.75,Netherlands,3.74,Moersleutel Craft Brewery,5.0,IPA - New England / Hazy,Can 440ml,440,10.8,IPA
St. Bernardus Triple,8.1,Belgium,3.75,Brouwerij St.Bernardus,8.0,Belgian Tripel,Bottle 750ml,750,10.8,Belgian Tripel
Yakiniku,4.75,Netherlands,3.47,Dutch Bargain,5.2,Lager - Japanese Rice,Can 440ml,440,10.8,Lager
The BeeKeeper vol.6,5.4,Poland,3.96,TankBusters.Co,8.0,Sour - Smoothie / Pastry,Can 500ml,500,10.8,Sour
Oranje Leeuwen,3.57,Netherlands,3.4,Mister Hop,10.0,Blonde / Golden Ale - Other,330ml,330,10.82,Blonde / Golden Ale
Organic Cider BIO Medium Dry,5.95,England,3.59,Samuel Smith,5.0,Cider - Traditional / Apfelwein,550ml,550,10.82,Cider
Keetje Trippel,3.57,Belgium,3.48,BRAUW,8.5,Belgian Tripel,330ml,330,10.82,Belgian Tripel
Matador,3.57,Sweden,3.73,Brewski,4.7,Sour - Fruited Berliner Weisse,Can 330ml,330,10.82,Sour
Sibeeria I Love The Smell Of Strata In The Morning,5.41,Czech Republic,3.79,Sibeeria,6.4,IPA - American,Can 500ml,500,10.82,IPA
Selfish Games Juicy Hopwave,4.76,Hungary,3.84,HORIZONT Brewing,6.0,IPA - New England / Hazy,Can 440ml,440,10.82,IPA
Temple du Ciel,3.57,Belgium,3.69,L'Ermitage/ Ça Brasse Pour Moi,5.2,Pale Ale - Belgian,330ml,330,10.82,Pale Ale
Runxter stout,3.57,Belgium,2.83,Brouwerij Donbosvalk,6.6,Stout - Irish Dry,330ml,330,10.82,Stout
Verzet Foederbier - Joey Ramone,3.57,Belgium,3.83,Brouwerij 't Verzet,7.0,Sour - Flanders Oud Bruin,330ml,330,10.82,Sour
Funky Fluid / Tired Hands Breaking Good,5.41,Poland,3.73,Funky Fluid,6.3,IPA - American,500ml,500,10.82,IPA
Verzet Foederbier - Marky Ramone,3.57,Belgium,3.83,Brouwerij 't Verzet,6.0,Sour - Flanders Oud Bruin,330ml,330,10.82,Sour
Sour Series - Tipsy Dreamin',4.76,Hungary,3.59,HORIZONT Brewing,4.5,Sour - Fruited,Can 440ml,440,10.82,Sour
Capucijn Abdijbier Blond,3.25,Netherlands,3.34,Budelse Brouwerij,6.5,Belgian Blonde,300ml,300,10.83,Belgian Blonde
Zenith Vortex,4.77,Hungary,3.81,HORIZONT Brewing,7.1,IPA - Other,Can 440ml,440,10.84,IPA
Siren Delicious Things,4.77,England,3.82,Siren Craft Brew,6.0,Sour - Fruited,Can 440ml,440,10.84,Sour
Fuerst Wiacek High Five,4.77,Germany,3.65,FUERST WIACEK,5.0,Pale Ale - New England / Hazy,Can 440ml,440,10.84,Pale Ale
Kerstpater (2021),3.58,Belgium,3.42,Brouwerij Van Den Bossche,9.0,Winter Ale,330ml,330,10.85,Winter Ale
London Black,5.1,England,3.77,Anspach & Hobday,4.4,Porter - English,Can 470ml,470,10.85,Porter
CopenPils,4.78,Denmark,3.54,Copenhagen Commons,5.0,Pilsner - German,Can 440ml,440,10.86,Pilsner
Big Wave can,3.8,United States,3.52,Kona Brewing Company,4.4,Blonde / Golden Ale - American,350ml,350,10.86,Blonde / Golden Ale
Achel Superior Winter,8.15,Belgium,3.7,Brouwerij der Sint-Benedictusabdij De Achelse Kluis,9.5,Winter Ale,Bottle 750ml,750,10.87,Winter Ale
Double Dale's,3.59,United States,3.77,Oskar Blues Brewery,9.0,IPA - Imperial / Double,330ml,330,10.88,IPA
Florida Man,3.59,United States,3.81,Cigar City Brewing,9.0,IPA - Imperial / Double,330ml,330,10.88,IPA
Rozemarijn Tripel,3.59,Netherlands,3.33,Brouwerij Tureluur,7.8,Belgian Tripel,330ml,330,10.88,Belgian Tripel
Whale Shark V7,3.59,Netherlands,3.84,De Kromme Haring,8.0,IPA - New England / Hazy,330ml,330,10.88,IPA
High Five,3.59,Netherlands,3.57,Breugem Bier,8.1,Belgian Tripel,330ml,330,10.88,Belgian Tripel
Blontt,3.59,Netherlands,3.46,ROTT. Brouwers,5.5,Blonde / Golden Ale - Other,330ml,330,10.88,Blonde / Golden Ale
Pale Ale,3.59,Croatia,3.57,The Garden Brewery,4.8,Pale Ale - American,330ml,330,10.88,Pale Ale
It's A Wrap Brewing French Flag Pilsner,3.59,Germany,3.56,IT'S A WRAP Brewing Company GbR,4.8,Pilsner - German,330ml,330,10.88,Pilsner
Pohjala / Mikkeller Sea Fog,3.59,Estonia,3.49,Põhjala,8.0,Sour - Fruited Gose,Can 330ml,330,10.88,Sour
Imago - keykeg,326.3,France,4.05,The Piggy Brewing Company,8.0,IPA - Imperial / Double New England / Hazy,30000ml,30000,10.88,IPA
Lille x Modus Brewing Festbier,3.59,Germany,3.47,Lillebräu,6.0,Festbier,330ml,330,10.88,Festbier
Smooth Criminals: Strawberry Daiquiri,3.59,Netherlands,3.89,Brouwerij Frontaal,6.5,Sour - Smoothie / Pastry,330ml,330,10.88,Sour
Nittenauer Boomerang Lager,3.59,Germany,3.57,Brauhaus Nittenau,7.5,Lager - IPL (India Pale Lager),330ml,330,10.88,Lager
Orca Brau Kellerbier BIO Saphir,3.59,Germany,3.66,orca brau,5.4,Kellerbier / Zwickelbier,330ml,330,10.88,Kellerbier / Zwickelbier
Lipstick,3.59,Sweden,3.53,Brewski,4.7,Sour - Fruited Berliner Weisse,330ml,330,10.88,Sour
Bonkey West Coast IPA,3.59,Sweden,3.59,Brewski,4.7,IPA - American,330ml,330,10.88,IPA
Chouffe Alkoholfrei,3.59,Belgium,3.82,Brasserie d'Achouffe,8.0,Belgian Strong Golden Ale,330ml,330,10.88,Belgian Strong Golden Ale
Schäffler Techtel Mechtel Centennial Ale,3.59,Germany,3.59,Schäffler Bräu,4.9,Blonde / Golden Ale - Other,330ml,330,10.88,Blonde / Golden Ale
VandeStreek Zonnesteek Sunshine Lager,3.59,Netherlands,3.35,vandeStreek bier,6.0,Bock - Hell / Maibock / Lentebock,330ml,330,10.88,Bock
Fresh & Spiky American IPA,3.59,Netherlands,3.51,Brouwerij Kees,6.2,IPA - American,330ml,330,10.88,IPA
Lervig House Party Session IPA,3.59,Norway,3.51,LERVIG,4.0,IPA - Session,330ml,330,10.88,IPA
Red Thunder Scotch Ale Seasonal Edition,3.59,Germany,3.27,Privatbrauerei Sander,4.8,Scotch Ale / Wee Heavy,330ml,330,10.88,Scotch Ale / Wee Heavy
La Mule L'Ex de Ton Ex,3.59,Belgium,3.5,Brasserie de la Mule,5.4,Farmhouse Ale - Saison,330ml,330,10.88,Farmhouse Ale
Woudwolf Belgian Raw Ale,3.59,Belgium,3.61,Vrijstaat Vanmol Brewing,8.0,Sour - Other,330ml,330,10.88,Sour
Double Juice Punch,3.59,Netherlands,3.85,Brouwerij Frontaal,8.5,IPA - Imperial / Double New England / Hazy,330ml,330,10.88,IPA
Vuurvos Belgian Raw Ale,3.59,Belgium,3.71,Vrijstaat Vanmol Brewing,8.0,Sour - Other,330ml,330,10.88,Sour
Kuehn Kunz Rosen Kerlig Hell Hoppy Lager,3.59,Germany,3.51,KUEHN KUNZ ROSEN,5.2,Lager - IPL (India Pale Lager),330ml,330,10.88,Lager
Oude Kriek,8.16,Belgium,3.97,Hanssens Artisanaal,6.5,Lambic - Kriek,Bottle 750ml,750,10.88,Lambic
Nondeju Grand Cru,3.59,Netherlands,3.61,Muifelbrouwerij,11.5,Belgian Strong Golden Ale,330ml,330,10.88,Belgian Strong Golden Ale
Violent Hopfisication,4.79,Bulgaria,3.91,Metalhead,6.3,IPA - New England / Hazy,Can 440ml,440,10.89,IPA
Wrong Side of Heaven,4.79,Bulgaria,3.77,Metalhead,6.0,IPA - New England / Hazy,Can 440ml,440,10.89,IPA
DAY BEFORE,4.79,Latvia,3.89,Hopalaa,7.0,IPA - New England / Hazy,Can 440ml,440,10.89,IPA
Ocata,4.79,Spain,3.75,Garage Beer Co.,5.4,IPA - Session,Can 440ml,440,10.89,IPA
Wet Dog Food,4.79,Germany,3.67,Lieber Waldi,6.0,Red Ale - American Amber / Red,Can 440ml,440,10.89,Red Ale
Nitro Cali Creamin',4.79,United States,3.9,Mother Earth Brewing Company,5.0,Cream Ale,Can 440ml,440,10.89,Cream Ale
Down Under,4.79,Netherlands,3.51,KOMPAAN Dutch Craft Beer Company,5.4,Pilsner - New Zealand,Can 440ml,440,10.89,Pilsner
Somjit,4.79,Spain,3.47,Basqueland Brewing,5.0,Lager - Japanese Rice,Can 440ml,440,10.89,Lager
Witbier,4.79,Croatia,3.32,The Garden Brewery,5.2,Wheat Beer - Witbier / Blanche,Can 440ml,440,10.89,Wheat Beer
Siren The Night Market,4.79,England,3.76,Siren Craft Brew,6.0,Porter - Other,Can 440ml,440,10.89,Porter
Heriot IPA,4.79,Sweden,3.98,Apex Brewing Company,6.5,IPA - New England / Hazy,Can 440ml,440,10.89,IPA
Double Elixer IX,4.79,Netherlands,3.85,Walhalla Brouwerij & Proeflokaal,7.8,IPA - Imperial / Double New England / Hazy,Can 440ml,440,10.89,IPA
Mango No. 5,4.79,Spain,3.63,Basqueland Brewing,6.0,Sour - Fruited,Can 440ml,440,10.89,Sour
Oude Geuze 2019-2020,8.17,Belgium,3.48,Brouwerij Boon,7.0,Lambic - Gueuze,Bottle 750ml,750,10.89,Lambic
Follow The Light,5.45,Poland,3.82,Browar Rockmill,6.5,IPA - New England / Hazy,500ml,500,10.9,IPA
Zeeuwse Babbelaar Stout,3.6,Netherlands,3.25,Dutch Bargain,6.5,Stout - Milk / Sweet,330ml,330,10.91,Stout
Loaf Will Tear Us Apart,4.8,Portugal,3.62,Dois Corvos,5.0,IPA - Rye,Can 440ml,440,10.91,IPA
Winter Ale,3.6,Sweden,3.49,Poppels Bryggeri,6.0,Winter Ale,330ml,330,10.91,Winter Ale
Ontbijtkoekbock!,3.6,Netherlands,3.37,Uiltje Brewing Company,6.5,Bock - Single / Traditional,330ml,330,10.91,Bock
Bobby Love,3.6,Netherlands,3.55,Big Belly Brewing Company,5.5,IPA - New England / Hazy,330ml,330,10.91,IPA
Departed,4.8,England,3.7,Twisted Barrel Ale,4.2,Pale Ale - New England / Hazy,Can 440ml,440,10.91,Pale Ale
Kaleidoscope (Alcohol Free),4.8,England,3.37,Wiper And True,0.5,Non-Alcoholic - Pale Ale,Can 440ml,440,10.91,Non-Alcoholic
Mongy Noël,3.6,France,3.54,Brasserie Cambier,8.0,Winter Ale,330ml,330,10.91,Winter Ale
Brutalism,4.8,England,1.95,Mash Gang,0.5,Non-Alcoholic - IPA,Can 440ml,440,10.91,Non-Alcoholic
Tripel,3.6,Netherlands,3.51,Vijfheeren Bier,8.1,Belgian Tripel,330ml,330,10.91,Belgian Tripel
Dubbel,3.6,Netherlands,3.38,Vijfheeren Bier,7.3,Belgian Dubbel,330ml,330,10.91,Belgian Dubbel
De Afmelder,3.6,Netherlands,3.49,Brewery42,5.3,Wheat Beer - Witbier / Blanche,330ml,330,10.91,Wheat Beer
Sans Pardon R.I.S.,3.6,Belgium,3.83,Brouwerij De Dochter van de Korenaar,11.0,Stout - Russian Imperial,330ml,330,10.91,Stout
NEIPA Strata Simcoe,3.6,France,3.4,Prizm NOLO,5.0,Non-Alcoholic - IPA,330ml,330,10.91,Non-Alcoholic
Muifel Sebius Weizen Tripel,3.6,Netherlands,3.65,Muifelbrouwerij,8.0,Wheat Beer - Other,330ml,330,10.91,Wheat Beer
Tartarus Aglaea,4.8,England,3.64,Tartarus Beers,4.3,Wheat Beer - Witbier / Blanche,Can 440ml,440,10.91,Wheat Beer
Beardfish Dry Stout,3.6,Netherlands,3.56,De Kromme Haring,5.5,Stout - Irish Dry,Can 330ml,330,10.91,Stout
Happy Christmas,4.8,England,3.36,Cloudwater Brew Co.,3.5,Pale Ale - Fruited,Can 440ml,440,10.91,Pale Ale
Tesselaar Dukdalf,3.6,Netherlands,3.69,Tesselaar Familiebrouwerij Diks,10.0,Belgian Quadrupel,330ml,330,10.91,Belgian Quadrupel
Power of Love,4.8,England,3.77,Phantom Brewing Co.,4.5,Pale Ale - New England / Hazy,Can 440ml,440,10.91,Pale Ale
Saison D'erpe-mere,3.6,Belgium,3.73,Brouwerij De Glazen Toren,6.5,Farmhouse Ale - Saison,330ml,330,10.91,Farmhouse Ale
Brulo 7 Hop 7 Grain DDH IPA,3.6,Scotland,3.43,BRULO,6.6,Non-Alcoholic - IPA,Can 330ml,330,10.91,Non-Alcoholic
Brulo 5 Fruit Gose,3.6,Scotland,3.38,BRULO,6.6,Non-Alcoholic - Sour,Can 330ml,330,10.91,Non-Alcoholic
Hazy Weekend,3.6,Netherlands,3.62,vandeStreek bier,6.6,IPA - New England / Hazy,330ml,330,10.91,IPA
New England IPA,3.6,Netherlands,3.5,Vijfheeren Bier,5.2,IPA - New England / Hazy,330ml,330,10.91,IPA
Neipa,3.6,Netherlands,3.38,Brouwerij Eembier,6.5,IPA - Other,330ml,330,10.91,IPA
Taras Boulba,3.6,Belgium,3.35,Brasserie de la Senne,4.5,Belgian Blonde,330ml,330,10.91,Belgian Blonde
Brulo Cascadian Tides Stout,3.6,Scotland,3.27,BRULO,5.2,Non-Alcoholic - Porter / Stout,Can 330ml,330,10.91,Non-Alcoholic
Brulo Highway To Hell Lager,3.6,Scotland,3.14,BRULO,0.5,Non-Alcoholic - Lager,Can 330ml,330,10.91,Non-Alcoholic
Raspberry Beeret,3.6,Netherlands,3.48,Jopen,7.8,Stout - Other,330ml,330,10.91,Stout
HODR,3.6,Netherlands,3.54,Walhalla Brouwerij & Proeflokaal,6.0,Stout - Coffee,330ml,330,10.91,Stout
The OGB,4.8,England,3.86,DMC Brewery,5.2,Hard Ginger Beer,Can 440ml,440,10.91,Hard Ginger Beer
Kolleke PIPA,3.6,Nederland,3.19,Stadsbrouwerij Van Kollenburg,6.0,IPA,330ml,330,10.91,IPA
Non-Alcoholic Second Date,3.6,Netherlands,3.32,Rock City Brewing,0.3,Non-Alcoholic - IPA,330ml,330,10.91,Non-Alcoholic
Gulzig,3.6,Netherlands,3.47,Brouwerij Eembier,8.0,Belgian Strong Golden Ale,330ml,330,10.91,Belgian Strong Golden Ale
Vienna Lager,4.8,England,3.65,Cloudwater Brew Co.,4.5,Lager - Vienna,Can 440ml,440,10.91,Lager
Happy Christmas,4.8,England,3.36,Cloudwater Brew Co.,3.4,Pale Ale - Fruited,Can 440ml,440,10.91,Pale Ale
Pilgrimage,4.8,United Kingdom,3.73,Track Harvest Ale #4,4.0,Mild,Can 440ml,440,10.91,Mild
Zuyd Jura 8,3.6,Netherlands,3.58,Zuyd Craft,8.5,Belgian Tripel,330ml,330,10.91,Belgian Tripel
Dutch Bargain x Koester Je Oester Parel Pils,3.6,Netherlands,3.2,Dutch Bargain,4.7,Pilsner - Other,330ml,330,10.91,Pilsner
Kaapse / Bax Bier Hanz,3.6,Netherlands,3.64,Kaapse Brouwers,11.5,Porter - Imperial / Double Baltic,330ml,330,10.91,Porter
Doppelganger,4.8,England,3.84,Vocation Brewery,6.7,IPA - American,Can 440ml,440,10.91,IPA
Brulo Sabro Galaxy DDH IPA,3.6,Scotland,3.46,BRULO,7.0,Non-Alcoholic - IPA,Can 330ml,330,10.91,Non-Alcoholic
Cuvée Jonny,4.8,Belgium,3.62,Brouwerij Alvinne,13.5,Sour - Other,Can 440ml,440,10.91,Sour
Bayerisch Ale 2,3.6,Germany,3.63,Brauhaus Riegele/ Sierra Nevada Brewing Co.,5.0,Pale Ale - Other,330ml,330,10.91,Pale Ale
The Piggy Brewing Maya,4.8,France,3.82,The Piggy Brewing Company,6.0,IPA - New England / Hazy,Can 440ml,440,10.91,IPA
Happy Demons Weizen Demons,3.6,Netherlands,3.32,Happy Demons Craft Beer,5.5,Wheat Beer - Hefeweizen,330ml,330,10.91,Wheat Beer
Festival Bier,4.8,Scotland,3.64,Newbarns Brewery,5.7,Festbier,Can 440ml,440,10.91,Festbier
Gageleer Superior Dark Biologisch Gagel Bier,3.6,Belgium,3.34,Beers For Nature,8.5,Spiced / Herbed Beer,330ml,330,10.91,Spiced / Herbed Beer
Five Quotes About Infinity,4.8,England,3.87,Cloudwater Brew Co.,4.0,Pale Ale - New England / Hazy,Can 440ml,440,10.91,Pale Ale
Calypso by Agathe,3.6,France,3.69,Brasserie Iron,6.0,Sour - Fruited,330ml,330,10.91,Sour
Organic Farmhouse Saison Cider,3.6,Netherlands,3.45,Elegast Cidery,7.2,Cider - Dry,330ml,330,10.91,Cider
Sweet Temptation,4.8,England,3.92,Brew York/ Vocation Brewery,6.6,Stout - Milk / Sweet,Can 440ml,440,10.91,Stout
Good Boy,4.8,Wales,3.76,Dog's Window Brewery,4.6,Pale Ale - American,Can 440ml,440,10.91,Pale Ale
Eagle Eye,4.8,England,3.54,Brew York,5.5,Pale Ale - American,Can 440ml,440,10.91,Pale Ale
Czider Félédes,3.6,Hungary,3.37,Magyar Czider Kft.,7.0,Cider - Sweet,330ml,330,10.91,Cider
Ruimschoots,3.6,Netherlands,3.63,Gudzekop,9.5,Belgian Quadrupel,330ml,330,10.91,Belgian Quadrupel
Brouwerij de Klep Ôzze Alt,3.6,Netherlands,3.25,Brouwerij De Klep,4.8,Altbier - Traditional,330ml,330,10.91,Altbier
Zeven Zonden Superbia,3.6,Belgium,3.56,Hugel,7.0,IPA - Other,330ml,330,10.91,IPA
Pohjala Uus Maailim,3.6,Estonia,3.55,Põhjala,4.7,IPA - Session,330ml,330,10.91,IPA
Track x Schilling Reise,4.8,England,3.85,Track Brewing Company,5.6,Lager - Munich Dunkel,Can 440ml,440,10.91,Lager
Surface Detail,4.8,England,3.76,Gravity Well Brewing Co,4.6,Pale Ale - American,Can 440ml,440,10.91,Pale Ale
Wild Rover,4.8,Italy,3.71,Eastside Brewing,4.3,Stout - Irish Dry,Can 440ml,440,10.91,Stout
Arise Can,4.8,England,3.62,Burning Sky Brewery,4.4,Pale Ale - American,Can 440ml,440,10.91,Pale Ale
Harrie Blond Saison Gluten Free Blik SB,3.6,Netherlands,3.28,Kaapse Brouwers,6.1,Farmhouse Ale - Saison,330ml,330,10.91,Farmhouse Ale
Nyami,4.8,England,3.85,DMC Brewery,3.2,Hard Ginger Beer,Can 440ml,440,10.91,Hard Ginger Beer
Way to Beyrouth,3.6,France,3.59,Brasserie MX,4.5,Blonde / Golden Ale - Other,330ml,330,10.91,Blonde / Golden Ale
Silent Killer,3.6,Belgium,3.48,Stanneman,13.0,Belgian Strong Golden Ale,330ml,330,10.91,Belgian Strong Golden Ale
Winterklokje,3.6,Belgium,3.48,Brouwerij Broeder Jacob,9.0,Winter Ale,330ml,330,10.91,Winter Ale
Broen Session IPA,3.6,Sweden,3.63,Brewski,4.7,IPA - Session,330ml,330,10.91,IPA
Ugar Brewery Tiborg Deluxe ESCOBAR,3.6,Hungary,3.61,UGAR Brewery,7.8,Stout - Coffee,330ml,330,10.91,Stout
Strieper Prototype No16 Weizendoppelbock,3.6,Netherlands,3.36,Strieper Craft Beer Company,8.0,Bock - Weizendoppelbock,330ml,330,10.91,Bock
Taupe,3.6,Belgium,3.52,La Source Beer Co.,6.0,Porter - Other,330ml,330,10.91,Porter
Ocean Beach,4.8,England,3.64,Cloudwater Brew Co.,4.0,Pale Ale - American,Can 440ml,440,10.91,Pale Ale
Rook & Rogge – Smoked Rye IPA,3.6,Netherlands,3.58,Brouwerij de Molen,7.5,IPA - Rye,330ml,330,10.91,IPA
Fall,4.8,England,3.82,Track Brewing Company,4.6,Bitter - Best,Can 440ml,440,10.91,Bitter
Nem Toch Blond,3.6,Netherlands,3.33,Bourgondische Broeders,10.0,Belgian Blonde,330ml,330,10.91,Belgian Blonde
Kriek,3.6,Netherlands,3.05,Guilty Monkey Brewery,4.0,Lambic - Kriek,330ml,330,10.91,Lambic
Three Little Birds,3.6,Netherlands,3.56,Brouwerij Fusie,8.1,Belgian Tripel,330ml,330,10.91,Belgian Tripel
'n Diquen Hoppy Blonde,3.6,Netherlands,3.43,Fightstreet Brewery,6.8,Belgian Blonde,330ml,330,10.91,Belgian Blonde
Fruitcake,3.6,Netherlands,3.53,Mannenpap,7.0,IPA - American,330ml,330,10.91,IPA
Fire & Ball – NEIPA,3.6,Netherlands,3.37,Brouwerij de Molen,7.5,IPA - New England / Hazy,330ml,330,10.91,IPA
Extra,3.6,Belgium,3.46,Brouwerij der Trappisten van Westmalle,4.8,Belgian Enkel / Patersbier,Bottle 330ml,330,10.91,Belgian Enkel / Patersbier
Pale Fire,4.8,England,3.71,Pressure Drop Brewing,4.8,Pale Ale - American,Can 440ml,440,10.91,Pale Ale
Run Free,4.8,England,3.58,LHG Brewpub,0.5,Non-Alcoholic Beer - Pale Ale,Can 440ml,440,10.91,Non-Alcoholic Beer
Festive Star 2024,3.6,England,,Northern Monk,5.2,Porter - Other,330ml,330,10.91,Porter
Kompaan Bloedbroeder,3.6,Netherlands,3.47,KOMPAAN Dutch Craft Beer Company,9.1,Stout - Imperial / Double,330ml,330,10.91,Stout
Zodiak,3.6,Sweden,3.76,Omnipollo,6.2,IPA - American,Can 330ml,330,10.91,IPA
Kerel Dark IPA,3.6,Belgium,3.38,Siphon Brewing,6.6,Porter - American,330ml,330,10.91,Porter
Startschot,3.6,Netherlands,3.4,Brouwerij Vals Plat,6.4,Pale Ale - American,330ml,330,10.91,Pale Ale
Kaintz Tripel,3.6,Netherlands,3.46,Brouwerij Poesiat & Kater,8.0,Belgian Tripel,330ml,330,10.91,Belgian Tripel
Golgoth - Arbre à Ail,3.6,France,2.93,Brasserie Iron,10.0,Stout - Imperial / Double Oatmeal,330ml,330,10.91,Stout
Strieper The Uplifting Triple Decker Flying Apparatus,3.6,Netherlands,3.51,Strieper Craft Beer Company,8.5,Belgian Tripel,330ml,330,10.91,Belgian Tripel
Cheeky Vimno,4.8,England,3.64,Cloudwater Brew Co.,0.5,Non-Alcoholic - Sour,Can 440ml,440,10.91,Non-Alcoholic
Must Kuld Chai Latte,3.6,Estonia,3.38,Põhjala,7.8,Porter - Other,330ml,330,10.91,Porter
"Sour and Salty Gose L,A,B",3.6,Hungary,3.63,Reketye Brewing Co.,4.5,Sour - Other Gose,330ml,330,10.91,Sour
Hel & Verdoemenis,3.6,Netherlands,3.85,Brouwerij de Molen,10.0,Stout - Russian Imperial,330ml,330,10.91,Stout
Tripel,3.6,Netherlands,3.51,De Blije Zoutelander,8.5,Belgian Tripel,330ml,330,10.91,Belgian Tripel
Rothaus Tannenzapfle,3.6,Germany,3.47,Badische Staatsbrauerei Rothaus,5.1,Pilsner - German,330ml,330,10.91,Pilsner
Brown Ale,3.6,England,3.71,The Kernel Brewery,5.6,Brown Ale - English,Bottle 330ml,330,10.91,Brown Ale
Hazy Pale,4.8,England,3.77,LHG Brewpub,5.5,Pale Ale - Other,Can 440ml,440,10.91,Pale Ale
Pixel Juice,4.8,England,3.56,Twisted Barrel Ale,4.0,Pale Ale - New England / Hazy,Can 440ml,440,10.91,Pale Ale
Blond,3.6,Netherlands,3.53,Vijfheeren Bier,6.5,Belgian Blonde,330ml,330,10.91,Belgian Blonde
Pineapple Head,4.8,England,3.62,Elusive Brewing,4.8,Pale Ale - New England / Hazy,Can 440ml,440,10.91,Pale Ale
Weizen,3.6,Netherlands,3.44,Vijfheeren Bier,5.2,Wheat Beer - Hefeweizen,330ml,330,10.91,Wheat Beer
Dochter van de Burgemeester Blond,3.6,Netherlands,3.47,Bierbrouwerij De Magistraat,5.9,Belgian Blonde,330ml,330,10.91,Belgian Blonde
Lumunus,3.6,Netherlands,3.57,Stadsbrouwerij 013,8.5,IPA - Belgian,330ml,330,10.91,IPA
De Stemmingsmaker,3.6,Netherlands,3.51,Brewery42,6.7,Belgian Dubbel,330ml,330,10.91,Belgian Dubbel
Czider Special Edition,3.6,Hungary,2.66,Magyar Czider Kft.,7.0,Cider - Dry,330ml,330,10.91,Cider
Hepcat,3.6,England,3.65,The Gipsy Hill Brewing Co.,4.6,IPA - Session,Can 330ml,330,10.91,IPA
Brouwerij de Klep Witte van Grubbe,3.6,Netherlands,3.4,De Klep,5.0,Wheat Beer - Witbier / Blanche,330ml,330,10.91,Wheat Beer
De Verlosser,3.6,Netherlands,3.43,Brewery42,6.7,IPA - English,330ml,330,10.91,IPA
Brouwerij de Klep Paeterke Inkel,3.6,Netherlands,3.49,Brouwerij De Klep,5.5,Blonde / Golden Ale - Other,330ml,330,10.91,Blonde / Golden Ale
Monyo GF Cherry Hero,3.6,Hungary,3.44,MONYO Brewing Co.,4.3,Fruit Beer,330ml,330,10.91,Fruit Beer
Sun & Fun Wild Pilsner,3.6,Belgium,3.61,Brouwerij Alvinne,5.3,Pilsner - Other,330ml,330,10.91,Pilsner
Belvedère Bock 2024,3.6,Netherlands,3.63,De Gekroonde Merlet,8.1,Bock - Single / Traditional,330ml,330,10.91,Bock
Straffe Hendrik Triple,3.6,Belgium,3.76,Brouwerij De Halve Maan,9.0,Belgian Tripel,330ml,330,10.91,Belgian Tripel
Hercule Stout,3.6,Belgium,3.58,Brasserie des Légendes,9.0,Stout - Belgian,330ml,330,10.91,Stout
Czider Száraz,3.6,Hungary,3.38,Magyar Czider Kft.,7.0,Cider - Dry,330ml,330,10.91,Cider
Monyo GF Grumpy Octopus,3.6,Hungary,3.46,MONYO Brewing Co.,5.8,Gluten-Free,330ml,330,10.91,Gluten-Free
Pass Me The Heater,4.8,England,2.12,Mash Gang,0.5,Non-Alcoholic - IPA,Can 440ml,440,10.91,Non-Alcoholic
Antwerp,3.6,Canada,3.97,Dageraad Brewing,14.0,Belgian Tripel,330ml,330,10.91,Belgian Tripel
Mixed Berry Blend,4.8,England,3.44,Brew York,5.0,Pale Ale - Fruited,Can 440ml,440,10.91,Pale Ale
Zuyd Mosa 6,3.6,Netherlands,3.56,Zuyd Craft,6.0,IPA - American,330ml,330,10.91,IPA
Oak Aged Dubbel Bock,3.6,Netherlands,3.51,Berging Brouwerij,6.5,Bock - Doppelbock,330ml,330,10.91,Bock
De Smokkelaar Smokkelbok,3.6,Netherlands,3.48,Brouwerij de Smokkelaar,7.0,Bock - Single / Traditional,330ml,330,10.91,Bock
Brouwerij de Klep 4 Granen Tripel,3.6,Netherlands,3.61,Brouwerij De Klep,7.5,Belgian Tripel,330ml,330,10.91,Belgian Tripel
Nectar,3.6,Netherlands,3.61,Mannenpap,5.8,IPA - American,330ml,330,10.91,IPA
Flavus,3.6,Netherlands,3.35,De Grieze,5.1,Belgian Blonde,330ml,330,10.91,Belgian Blonde
Eeuwige Jeugd Bokkelul,3.6,Netherlands,3.42,Brouwerij de Eeuwige Jeugd,6.5,Bock - Weizenbock,330ml,330,10.91,Bock
St Bernardus Pater 6,3.6,Belgium,3.55,Brouwerij St.Bernardus,6.5,Belgian Dubbel,330ml,330,10.91,Belgian Dubbel
Chouffe,3.6,Belgium,2.74,Brasserie d'Achouffe,0.4,Non-Alcoholic - Other,Bottle 330ml,330,10.91,Non-Alcoholic
Brugsee Zot Sportzot,3.6,Belgium,2.76,Brouwerij De Halve Maan,0.4,Non-Alcoholic - Pale Ale,330ml,330,10.91,Non-Alcoholic
C Bomb,6.2,England,3.76,Arbor Ales,4.7,Pale Ale - American,Can 568ml,568,10.92,Pale Ale
Cuvée René - Oude Gueuze 2022,4.1,Belgium,3.66,Brouwerij Lindemans,6.0,Lambic - Gueuze,Bottle 375ml,375,10.93,Lambic
Bonne Franquette,8.2,France,3.94,La Montagnarde Sauvage,4.8,Sour - Other,Bottle 750ml,750,10.93,Sour
L'Ermitage / Land & Labour Ceallach,3.61,Belgium,3.69,L'Ermitage,4.5,Stout - Irish Dry,330ml,330,10.94,Stout
Plékpot,3.61,Belgium,3.28,Brouwerij Vandijck,7.5,Honey Beer,330ml,330,10.94,Honey Beer
Messner IPA,3.61,Belgium,3.45,Rimor Brewery,6.2,IPA - American,330ml,330,10.94,IPA
Nostalgia Collection #11 – Mijnfiets (limited edition),3.61,Belgium,3.48,Brouwerij Kompel,7.0,Farmhouse Ale - Saison,330ml,330,10.94,Farmhouse Ale
Nostalgia Collection #10 – Schachtstuiker (Limited Edition),3.61,Belgium,3.55,Brouwerij Kompel,7.5,Belgian Strong Golden Ale,330ml,330,10.94,Belgian Strong Golden Ale
"Nostalgia Collection #13 - ""Melkbar"" (limited edition)",3.61,Belgium,3.64,Brouwerij Kompel,11.0,Belgian Strong Dark Ale,330ml,330,10.94,Belgian Strong Dark Ale
Ne Grèllige (T.H.T. 12/2023),3.61,Belgium,3.46,Brouwerij Vandijck,10.0,Winter Ale,330ml,330,10.94,Winter Ale
Nostalgia Collection #14 - Het Kolenfront (Limited Edition),3.61,Belgium,3.71,Brouwerij Kompel,9.5,Belgian Strong Golden Ale,330ml,330,10.94,Belgian Strong Golden Ale
Overboord,3.61,Netherlands,3.58,Stadsbrouwerij 013,5.0,IPA - Imperial / Double,330ml,330,10.94,IPA
Tripel Hop,3.61,Belgium,3.68,Duvel Moortgat,9.5,IPA - Belgian,330ml,330,10.94,IPA
Nostalgia Collection #12 - Eierbrikettenpers (Limited Edition),3.61,Belgium,3.6,Brouwerij Kompel,8.0,Bock - Doppelbock,330ml,330,10.94,Bock
The Goodle Days,4.82,Denmark,3.6,Copenhagen Commons,6.0,Pale Ale - American,Can 440ml,440,10.95,Pale Ale
Dolina,4.82,Croatia,3.67,The Garden Brewery,7.1,Sour - Fruited,Can 440ml,440,10.95,Sour
Cool Little Thing IPA,3.89,United States,3.8,Sierra Nevada Brewing Co.,7.5,IPA - New England / Hazy,355ml,355,10.96,IPA
Patt - keg,219.3,Estonia,3.72,Pühaste Brewery,6.6,Porter - American,20000ml,20000,10.96,Porter
Summerfest Lager,3.89,United States,3.49,Sierra Nevada Brewing Co.,5.0,Pilsner - German,355ml,355,10.96,Pilsner
Juicy Little Thing Hazy IPA,3.89,United States,3.78,Sierra Nevada Brewing Co.,6.7,IPA - New England / Hazy,355ml,355,10.96,IPA
Cosmic Little Thing Double IPA,3.89,United States,3.82,Sierra Nevada Brewing Co.,8.0,IPA - Imperial / Double New England / Hazy,355ml,355,10.96,IPA
Berliner Vlierbloesem & Gedroogde Vijgen (Elderflower & Dried Fig),3.62,Belgium,3.72,Brouwerij Alvinne,4.0,Sour - Fruited Berliner Weisse,330ml,330,10.97,Sour
Levon,3.62,Sweden,3.66,Omnipollo,6.5,Pale Ale - Belgian,330ml,330,10.97,Pale Ale
Berliner Kriek - Munt (Cherry - Mint),3.62,Belgium,3.68,Brouwerij Alvinne,4.0,Sour - Fruited Berliner Weisse,330ml,330,10.97,Sour
Russian Imperial Stout,3.62,Sweden,3.76,Poppels Bryggeri,9.5,Stout - Russian Imperial,330ml,330,10.97,Stout
The Piggy Brewing Gold Coast,3.62,France,3.96,The Piggy Brewing Company,8.0,IPA - Imperial / Double New England / Hazy,Can 330ml,330,10.97,IPA
Théorème de l'Empreur,3.62,Belgium,3.62,L'Ermitage,6.4,Spiced / Herbed Beer,330ml,330,10.97,Spiced / Herbed Beer
Perfect Riwaka Motueka,4.39,Italy,3.93,CRAK Brewery,6.5,IPA - New England / Hazy,400ml,400,10.97,IPA
Perfect Citra Galaxy,4.39,Italy,3.9,CRAK Brewery,6.5,IPA - New England / Hazy,400ml,400,10.97,IPA
APA American Pale Ale,5.49,Croatia,3.75,Nova Runda,5.2,Pale Ale - American,500ml,500,10.98,Pale Ale
Celestial Floods,5.49,Ireland,3.9,Galway Bay Brewery,8.0,IPA - Imperial / Double New England / Hazy,500ml,500,10.98,IPA
Arpus Brewing Co. Tdh Strata X Riwaka Ipa,4.83,Latvia,3.99,Ārpus Brewing Co.,6.5,IPA - New England / Hazy,Can 440ml,440,10.98,IPA
Hop Adventure Strata IPA,5.49,Ireland,3.63,O'Hara's Brewery,5.0,IPA - American,500ml,500,10.98,IPA
Hops Around The World Australia Hazy IPA,5.49,Poland,3.88,Browar Nepomucen,6.5,IPA - New England / Hazy,500ml,500,10.98,IPA
Session IPA,5.49,Ireland,3.34,O'Hara's Brewery,3.8,IPA - Session,500ml,500,10.98,IPA
Delulu,5.49,Poland,3.85,Browarny Craft Beer,6.5,IPA - New England / Hazy,500ml,500,10.98,IPA
Hops Around The World UK West Coast IPA,5.49,Poland,3.74,Browar Nepomucen,6.3,IPA - English,500ml,500,10.98,IPA
GOTH SAVE THE QUEEN,5.49,Romania,3.79,Clandestin Beer,5.9,IPA - New England / Hazy,500ml,500,10.98,IPA
Imperial Russian Stout,8.24,Netherlands,3.84,Brouwerij Emelisse,11.0,Stout - Russian Imperial,Bottle 750ml,750,10.99,Stout
Zumology IPA,3.9,United States,3.73,Stone Brewing,7.5,IPA - American,355ml,355,10.99,IPA
Rosée d'Hibiscus,5.2,Canada,3.63,Brasserie Dieu du Ciel!,5.9,Wheat Beer - Witbier / Blanche,473ml,473,10.99,Wheat Beer
Lager,5.5,Poland,3.48,Funky Fluid,4.5,Lager - Pale,500ml,500,11.0,Lager
Blurry,5.5,Slovenia,3.65,Reset Brewery,5.4,Pale Ale - New England / Hazy,500ml,500,11.0,Pale Ale
Bookworm (Cărtureşti collaboration),5.5,Romania,3.86,Hop Hooligans,6.0,Lager - Other,500ml,500,11.0,Lager
TankBusters The Book of Hops vol.9: Superdelic - Alora,5.5,Poland,3.76,TankBusters.Co,6.1,IPA - New England / Hazy,500ml,500,11.0,IPA
Devon Rosé Cider,5.5,England,3.43,Sandford Orchards,4.0,Cider - Rosé,500ml,500,11.0,Cider
ARMADA COLADA,5.5,Romania,3.69,Clandestin Beer,6.5,Sour - Smoothie / Pastry,500ml,500,11.0,Sour
Villers Trippel,3.63,Belgium,3.44,Delirium - Huyghe Brewery,8.5,Belgian Tripel,330ml,330,11.0,Belgian Tripel
Ritterguts Lichtenhainer Weisse,5.5,Germany,3.4,Ritterguts Gose,4.3,Historical Beer - Lichtenhainer,500ml,500,11.0,Historical Beer
Duchesse De Bourgogne,2.75,Belgium,3.66,Brouwerij Verhaeghe,6.2,Sour - Flanders Red Ale,Bottle 250ml,250,11.0,Sour
Pils,5.5,Germany,3.48,Private Landbrauerei Schönram,5.0,Pilsner - German,Bottle 500ml,500,11.0,Pilsner
Gelato: Mango Lassi,5.5,Poland,3.86,Funky Fluid,5.5,Sour - Smoothie / Pastry,500ml,500,11.0,Sour
Porfyrius Limoncello Sour IPA,3.63,Belgium,3.48,Brouwerij de HopHemel,5.7,IPA - Sour,330ml,330,11.0,IPA
The Other Side Of The World,5.5,Romania,3.91,Hop Hooligans,6.0,IPA - New England / Hazy,Can 500ml,500,11.0,IPA
Chateau Migraine,5.5,Romania,4.26,Hop Hooligans,9.0,Sour - Fruited,Can 500ml,500,11.0,Sour
Hopwitch,5.5,Poland,3.63,Funky Fluid,9.0,IPA - Triple New England / Hazy,500ml,500,11.0,IPA
Triple Gelato: Szarlotka,5.5,Poland,3.54,Funky Fluid,7.5,Sour - Smoothie / Pastry,500ml,500,11.0,Sour
Hazy Discovery Tokyo,5.5,Poland,3.89,Browar PINTA,6.0,IPA - New England / Hazy,500ml,500,11.0,IPA
Kriek Lambic,2.75,Belgium,3.5,Brouwerij Mort Subite,4.0,Lambic - Kriek,Bottle 250ml,250,11.0,Lambic
Chugzilla,5.5,Romania,4.31,Hop Hooligans,6.0,IPA - American,Can 500ml,500,11.0,IPA
Modestus Kveik Session IPA,3.63,Belgium,3.51,Brouwerij de HopHemel,4.8,IPA - Session,330ml,330,11.0,IPA
Stu Mostow American IPA,5.5,Poland,3.62,Browar Stu Mostów,6.8,IPA - American,500ml,500,11.0,IPA
Hazy Discovery Zalec,5.5,Poland,3.85,Browar PINTA,6.5,IPA - New England / Hazy,500ml,500,11.0,IPA
Hazy Discovery Transylvania,5.5,Poland,3.86,Browar PINTA,6.5,IPA - New England / Hazy,500ml,500,11.0,IPA
Spinning Around Stegny,5.5,Poland,3.83,Browar Nepomucen,6.0,IPA - New England / Hazy,500ml,500,11.0,IPA
Tesselaar Ezelen Bok,3.3,Netherlands,3.52,Tesselaar Familiebrouwerij Diks,7.5,Bock - Doppelbock,300ml,300,11.0,Bock
La Goudale Grand Cru Millésime '24,8.25,France,3.62,Brasserie Goudale - Les Brasseurs de Gayant,7.9,Farmhouse Ale - Bière de Garde,Bottle 750ml,750,11.0,Farmhouse Ale
Hazy Discovery Bratislava,5.5,Poland,3.88,Browar PINTA,6.0,IPA - New England / Hazy,500ml,500,11.0,IPA
Fruity Bomb S'mores,5.5,Poland,3.99,COYPU,7.0,Sour - Smoothie / Pastry,500ml,500,11.0,Sour
Sauerkirsch Felix,5.5,Germany,3.33,Braumanufaktur Hertl,4.8,Kellerbier / Zwickelbier,500ml,500,11.0,Kellerbier / Zwickelbier
Imperial West Coast IPA,3.69,United States,3.81,Green Flash Brewing Company,8.9,IPA - Imperial / Double,335ml,335,11.01,IPA
Ridge Runner,3.69,United States,3.76,Breckenridge Brewery,7.4,IPA - American,335ml,335,11.01,IPA
Hazy West Coast IPA,3.69,United States,3.76,Green Flash Brewing Company,6.5,IPA - New England / Hazy,335ml,335,11.01,IPA
Windows Up,3.69,United States,3.9,Alpine Beer Company,7.0,IPA - American,335ml,335,11.01,IPA
THE CATCHCRY OF THE CLOWN,4.85,Sweden,3.59,Fermenterarna,6.0,Hard Seltzer,Can 440ml,440,11.02,Hard Seltzer
Tama,4.85,Croatia,3.94,The Garden Brewery,8.1,Stout - Imperial / Double Pastry,Can 440ml,440,11.02,Stout
"The Garden / Sanfrutos Florida Weisse Prickly Pear, Strawberry & Coconut",4.85,Croatia,3.71,The Garden Brewery,6.7,Sour - Fruited Berliner Weisse,Can 440ml,440,11.02,Sour
"The Garden / Outer Range Florida Weisse: Watermelon, Lime & Mint",4.85,Croatia,3.61,The Garden Brewery,6.2,Sour - Berliner Weisse,Can 440ml,440,11.02,Sour
The Garden / Vetra Apricot & Lime Sour,4.85,Croatia,3.56,The Garden Brewery,5.2,Sour - Fruited,Can 440ml,440,11.02,Sour
The Garden Valovi,4.85,Croatia,3.71,The Garden Brewery,6.9,Sour - Fruited Berliner Weisse,Can 440ml,440,11.02,Sour
"The Garden / Caleya Florida Weisse Passion Fruit, Pineapple & Mandarin",4.85,Croatia,3.83,The Garden Brewery,5.7,Sour - Fruited Berliner Weisse,Can 440ml,440,11.02,Sour
Triple Hazy Jane Imperial New England IPA,4.85,New Zealand,3.81,Urbanaut Brewing,14.9,IPA - Triple New England / Hazy,Can 440ml,440,11.02,IPA
"The Garden / Morenos Florida Weisse: Kiwi, Papaya & Lemon",4.85,Croatia,3.5,The Garden Brewery,5.8,Sour - Berliner Weisse,Can 440ml,440,11.02,Sour
Achel Tripel,3.64,Belgium,3.56,Brouwerij Van Steenberge,8.0,Belgian Tripel,330ml,330,11.03,Belgian Tripel
Bagoly,3.64,Hungary,3.81,Balkezes,8.8,Porter - Baltic,330ml,330,11.03,Porter
Hazy Queen,3.64,Hungary,3.79,HORIZONT Brewing,6.0,IPA - New England / Hazy,330ml,330,11.03,IPA
Black Rose 2017,3.64,Hungary,3.57,Szent András Sörfőzde,9.0,Bock - Doppelbock,330ml,330,11.03,Bock
Dubuison Bush Caractére,3.64,Belgium,3.62,Brasserie Dubuisson,12.0,Belgian Strong Golden Ale,330ml,330,11.03,Belgian Strong Golden Ale
Ködös 2021,3.64,Hungary,3.66,BudaPrés Cider,7.7,Cider - Dry,330ml,330,11.03,Cider
Birs? 2022,3.64,Hungary,3.47,BudaPrés Cider,5.7,Cider - Dry,330ml,330,11.03,Cider
Stout Molleke,3.64,Belgium,3.07,Tom's Brouwerij,5.0,Stout - Other,330ml,330,11.03,Stout
Infinity,3.64,Hungary,3.57,Uradalmi Brewery,5.0,Pale Ale - New England / Hazy,330ml,330,11.03,Pale Ale
Wieninger Wuiderer Märzenbock,8.29,Germany,3.21,Privatbrauerei M.C. Wieninger,7.2,Bock - Doppelbock,Bottle 750ml,750,11.05,Bock
Wieninger Gmoastier Weißbier Bock,8.29,Germany,3.6,Privatbrauerei M.C. Wieninger,9.0,Bock - Weizendoppelbock,Bottle 750ml,750,11.05,Bock
Fika,8.29,United States,4.17,Beer Tree Brew,7.9,Stout - Coffee,Bottle 750ml,750,11.05,Stout
Wieninger Gschpusi Heller Bock,8.29,Germany,3.34,Privatbrauerei M.C. Wieninger,7.1,Bock - Hell / Maibock / Lentebock,Bottle 750ml,750,11.05,Bock
Cascadian Tides Stout Non Alcoholic,3.65,Scotland,3.27,BRULO,5.0,Non-Alcoholic - Porter / Stout,Can 330ml,330,11.06,Non-Alcoholic
Little Brown Bag Chocolate Brown Ale Chapter 09/12 2023,3.65,Netherlands,3.53,Jopen,9.0,Brown Ale - Other,Can 330ml,330,11.06,Brown Ale
Vollenhoven Extra Stout,3.65,Netherlands,3.49,Brouwerij Poesiat & Kater,7.1,Stout - Foreign / Export,Can 330ml,330,11.06,Stout
Oktoberfest After Sauna,3.65,Italy,3.49,CRAK Brewery,5.2,Festbier,330ml,330,11.06,Festbier
Gember & Citroengras – Triple,3.65,Netherlands,3.46,Brouwerij de Molen,9.0,Belgian Tripel,330ml,330,11.06,Belgian Tripel
Muifel Dr. Hop IPA,3.65,Netherlands,3.48,Muifelbrouwerij,6.5,IPA - Imperial / Double,330ml,330,11.06,IPA
Pina & Power DDH DIPA,3.65,Netherlands,3.62,Brouwerij de Molen,8.5,IPA - Imperial / Double,330ml,330,11.06,IPA
Moko Haka Dipa! New Zealand DIPA Chapter 11/12 2023,3.65,Netherlands,3.73,Jopen,8.0,IPA - Imperial / Double,Can 330ml,330,11.06,IPA
Stone (Arrogant Consortia) Arrogant Bastard Ale,3.65,United States,3.68,Arrogant Consortia,7.2,Strong Ale - American,330ml,330,11.06,Strong Ale
B6 Kandij Quadrupel,3.65,Netherlands,3.51,Berging Brouwerij,9.0,Belgian Quadrupel,330ml,330,11.06,Belgian Quadrupel
Inktvis Black IPA,3.65,Netherlands,3.5,De Kromme Haring,6.0,IPA - Black / Cascadian Dark Ale,Can 330ml,330,11.06,IPA
12 Brune Quadrupel,3.65,Belgium,3.82,Brouwerij Malheur,12.0,Belgian Quadrupel,330ml,330,11.06,Belgian Quadrupel
Ivory Tower – Nelson Sauvin,3.65,Estonia,3.85,Pühaste Brewery,6.8,IPA - New England / Hazy,330ml,330,11.06,IPA
Winter Warming Dunkel Weizen,3.65,Netherlands,3.44,Brouwerij Hoop,7.0,Wheat Beer - Dunkelweizen,330ml,330,11.06,Wheat Beer
10 Quadrupel,3.65,Belgium,4.05,Abbaye Notre-Dame de Saint-Rémy,11.3,Belgian Quadrupel,330ml,330,11.06,Belgian Quadrupel
Pop Hop Killer Queen,3.65,Netherlands,3.51,POPHOP,8.0,Belgian Tripel,330ml,330,11.06,Belgian Tripel
Pop Hop Cyber Jazz,3.65,Netherlands,3.66,POPHOP,10.0,Belgian Quadrupel,330ml,330,11.06,Belgian Quadrupel
Fantasma – Gluten Free IPA,3.65,England,3.66,Magic Rock Brewing,6.5,Gluten-Free,330ml,330,11.06,Gluten-Free
Roulette Hop Series: HBC 1019,3.65,Estonia,3.88,Pühaste Brewery,6.5,IPA - New England / Hazy,330ml,330,11.06,IPA
Stoute Sjaak Imperial Stout Batch 2023,3.65,Netherlands,3.8,Brouwer Barry,11.0,Stout - Imperial / Double,330ml,330,11.06,Stout
Blonde Simmie Blond,3.65,Netherlands,3.37,Brouwerij Frontaal,5.0,Belgian Blonde,Can 330ml,330,11.06,Belgian Blonde
Tynt Meadow Blond,3.65,England,3.55,Mount Saint Bernard Abbey,5.0,Blonde / Golden Ale - English,330ml,330,11.06,Blonde / Golden Ale
Dusky Sour Session IPA,3.65,Netherlands,3.5,De Kromme Haring,4.0,IPA - Sour,Can 330ml,330,11.06,IPA
Orval 2024,3.65,Belgium,3.93,Brasserie d'Orval,6.2,Pale Ale - Belgian,330ml,330,11.06,Pale Ale
Holiday Horror Stories,3.65,Netherlands,3.29,Uiltje Brewing Company,4.2,Pale Ale - Fruited,330ml,330,11.06,Pale Ale
Triple Berry Pie,3.65,Sweden,3.78,Brewski,4.0,Sour - Fruited Berliner Weisse,Can 330ml,330,11.06,Sour
Lust For Life DDH Non Alcoholic IPA,3.65,Scotland,3.41,BRULO,4.9,Non-Alcoholic - IPA,Can 330ml,330,11.06,Non-Alcoholic
Mint To Be Saison Chapter 03/12 2024,3.65,Netherlands,2.99,Jopen,6.0,Farmhouse Ale - Saison,Can 330ml,330,11.06,Farmhouse Ale
Vink Heerlijk Glutenvrij IPA,3.65,Netherlands,3.48,Bird Brewery,6.2,IPA - American,Can 330ml,330,11.06,IPA
Export Porter 1750,3.65,Netherlands,3.85,Brouwerij Kees,10.5,Porter - Imperial / Double,Can 330ml,330,11.06,Porter
Chai - Quart de Rouge 2021,8.3,France,4.04,Brasserie La Malpolon,7.0,Grape Ale - Other,Bottle 750ml,750,11.07,Grape Ale
Temple,4.87,Romania,3.76,Bereta Brewing Co.,6.0,IPA - New England / Hazy,Can 440ml,440,11.07,IPA
Sticky,4.87,Spain,3.75,Gross,6.8,IPA - American,Can 440ml,440,11.07,IPA
Barrage,4.87,Denmark,3.28,Gamma Brewing Company,5.0,Wheat Beer - American Pale Wheat,Can 440ml,440,11.07,Wheat Beer
Vesna 2024,5.54,Czech Republic,3.91,Sibeeria,4.8,Pale Ale - New England / Hazy,Can 500ml,500,11.08,Pale Ale
Massive Azacc,6.3,England,3.83,Arbor Ales,5.4,Pale Ale - New England / Hazy,Can 568ml,568,11.09,Pale Ale
Mosaic Gluten Free,6.3,England,3.63,Arbor Ales,4.0,Gluten-Free,Can 568ml,568,11.09,Gluten-Free
God Jul,5.55,Norway,3.63,Nøgne Ø,8.5,Winter Ale,500ml,500,11.1,Winter Ale
Existens Essens Transcendens,4.89,Sweden,3.79,Stigbergets Bryggeri,5.9,IPA - New England / Hazy,Can 440ml,440,11.11,IPA
Camba Island NEIPA,4.89,Germany,3.77,Camba Bavaria/ Thompson Island Brewing Company,6.6,IPA - New England / Hazy,Can 440ml,440,11.11,IPA
Muddle,4.89,Sweden,3.88,Stigbergets Bryggeri,7.0,IPA - New England / Hazy,Can 440ml,440,11.11,IPA
Sonora,4.89,Spain,3.36,Garage Beer Co.,3.4,Blonde / Golden Ale - Other,Can 440ml,440,11.11,Blonde / Golden Ale
BrewDog Wingman Troical Storm DIPA,4.89,United States,3.88,BrewDog USA,9.5,IPA - Imperial / Double,Can 440ml,440,11.11,IPA
Lervig - alkoholfreies Craft Beer Paket,32.99,Norway,3.51,LERVIG,4.0,IPA - Session,2970ml,2970,11.11,IPA
Brewing Evergreen,4.89,France,3.82,The Piggy Brewing Company,5.5,IPA - New England / Hazy,Can 440ml,440,11.11,IPA
Venus Effect,3.67,Belgium,3.53,Brasserie Surréaliste,4.5,Sour - Traditional Gose,330ml,330,11.12,Sour
Skuumkoppe Dunkelweizen,8.35,Netherlands,3.62,Texelse Bierbrouwerij,6.0,Wheat Beer - Dunkelweizen,Bottle 750ml,750,11.13,Wheat Beer
St. Bernardus Christmas Ale,8.35,Belgium,3.88,Brouwerij St.Bernardus,10.0,Winter Ale,Bottle 750ml,750,11.13,Winter Ale
Sako Oude Geuze Adelaar,8.35,Belgium,3.85,Brouwerij-Stokerij Sako,6.5,Lambic - Gueuze,Bottle 750ml,750,11.13,Lambic
Painkiller,4.9,Denmark,3.67,Bad Seed Brewing,5.0,Pilsner - Other,Can 440ml,440,11.14,Pilsner
Sea Buckthorn Turmeric Pepper Sour,4.9,Romania,3.81,OneTwo,5.0,Sour - Fruited,Can 440ml,440,11.14,Sour
"Popihn | Dry Stout | 4,6%",4.9,France,4.0,Popihn,4.6,Stout - Foreign / Export,Can 440ml,440,11.14,Stout
Longboard Lager can,3.9,United States,3.41,Kona Brewing Company,4.6,Lager - Pale,350ml,350,11.14,Lager
Hear the Cadence,4.9,Ireland,3.86,Whiplash,7.2,IPA - New England / Hazy,Can 440ml,440,11.14,IPA
Calamansi Gose,4.9,Romania,3.82,OneTwo,4.0,Sour - Fruited Gose,Can 440ml,440,11.14,Sour
Hive Mind,4.9,Belgium,3.95,Norm Brewing,7.0,IPA - New Zealand,Can 440ml,440,11.14,IPA
El Patron,4.9,Netherlands,3.8,Uiltje Brewing Company,8.2,IPA - Imperial / Double,Can 440ml,440,11.14,IPA
Cuvée Sofie,4.9,Belgium,3.92,Brouwerij Alvinne,8.0,Sour - Other,Can 440ml,440,11.14,Sour
Hippy Jungle,4.9,England,3.7,Full Circle Brew Co,4.0,Pale Ale - Other,Can 440ml,440,11.14,Pale Ale
Lightbulb,4.9,England,3.74,Verdant Brewing Co,4.5,Pale Ale - XPA (Extra Pale),Can 440ml,440,11.14,Pale Ale
CYCT Rotation,4.9,Netherlands,3.83,Moersleutel Craft Brewery,6.5,IPA - New England / Hazy,Can 440ml,440,11.14,IPA
Jule Sovs,4.9,Denmark,3.44,To Øl,6.1,IPA - New England / Hazy,Can 440ml,440,11.14,IPA
Extra Black (Gluten Free),4.9,Scotland,3.74,Campervan Brewery,4.5,Porter - Other,Can 440ml,440,11.14,Porter
Oude Kriek,4.18,Belgium,3.43,Brouwerij Mort Subite,6.5,Lambic - Kriek,Bottle 375ml,375,11.15,Lambic
Nakoupeno (I bought everything.),5.58,Czech Republic,3.74,Sibeeria,6.0,Imperial Sour Ale,Can 500ml,500,11.16,Imperial Sour Ale
The Piggy Brewing Concerto Pour Citra,4.91,France,3.99,The Piggy Brewing Company,6.0,IPA - New England / Hazy,Can 440ml,440,11.16,IPA
Siren Project Barista 2024 - Stomping Grounds,4.91,England,3.66,Siren Craft Brew,6.3,Red Ale - Other,Can 440ml,440,11.16,Red Ale
The Piggy Brewing Big Sur,4.91,France,3.72,The Piggy Brewing Company,6.0,IPA - Sour,Can 440ml,440,11.16,IPA
Anticosmic Overload,4.91,Greece,3.76,P.i.g.s. Brewery,5.6,Pale Ale - American,Can 440ml,440,11.16,Pale Ale
Kriek Boon,4.19,Belgium,3.53,Brouwerij Boon,4.0,Lambic - Kriek,Bottle 375ml,375,11.17,Lambic
Hop Tiger Hazy IPA,3.69,Scotland,3.74,BrewDog,7.5,IPA - Imperial / Double New England / Hazy,330ml,330,11.18,IPA
Berry Symphony,3.69,Estonia,3.8,Pühaste Brewery,6.0,Sour - Fruited,330ml,330,11.18,Sour
Pale Ale,3.69,Germany,3.47,Lillebräu,5.4,Pale Ale - Australian,330ml,330,11.18,Pale Ale
Wittorfer Handspatz,3.69,Germany,3.62,Wittorfer Brauerei Neumünster,5.5,Sour - Fruited,330ml,330,11.18,Sour
Windvang,3.69,Netherlands,3.49,Brouwerij Solaes,8.0,Belgian Tripel,330ml,330,11.18,Belgian Tripel
Wittorfer Le Truc 17,3.69,Germany,3.68,Wittorfer Brauerei Neumünster,6.0,Pale Ale - Belgian,330ml,330,11.18,Pale Ale
Gelato: Szarlotka,5.59,Poland,4.09,Funky Fluid,5.5,Sour - Smoothie / Pastry,Can 500ml,500,11.18,Sour
Cuvee van de Keizer Whisky Infused,3.69,Belgium,4.0,Brouwerij Het Anker,11.7,Belgian Strong Dark Ale,330ml,330,11.18,Belgian Strong Dark Ale
Insel-Brauerei Baltic Stout,3.69,Germany,3.33,Rügener Insel-Brauerei,7.5,Stout - Imperial / Double,330ml,330,11.18,Stout
Duvel Tripel Hop Cashmere Belgian IPA,3.69,Belgium,3.61,Duvel Moortgat,9.5,IPA - Belgian,330ml,330,11.18,IPA
Zwaar leven,3.69,Netherlands,3.45,Hert Bier,7.7,Belgian Tripel,330ml,330,11.18,Belgian Tripel
Vlaams Paard,3.69,Netherlands,3.56,Het Brouwdok,8.0,Belgian Tripel,330ml,330,11.18,Belgian Tripel
Tokyo Unfiltered Rice Lager,3.69,Sweden,3.16,Beerbliotek,4.5,Lager - Japanese Rice,330ml,330,11.18,Lager
Heimathafen Hefeweizen,3.69,Germany,3.33,Heimathafen - Erfurter Braumanufaktur,5.2,Wheat Beer - Hefeweizen,330ml,330,11.18,Wheat Beer
Orca Guadalupe,3.69,Germany,3.4,Kraftpaule/ orca brau,4.9,Lager - Mexican,330ml,330,11.18,Lager
Huyghe Delirium Tremens,3.69,Belgium,3.85,Delirium - Huyghe Brewery,8.5,Belgian Strong Golden Ale,330ml,330,11.18,Belgian Strong Golden Ale
Duvel Tripel Hop Citra Belgian IPA,3.69,Belgium,3.68,Duvel Moortgat,9.5,IPA - Belgian,330ml,330,11.18,IPA
736 India Pale Ale,3.69,Germany,3.46,Privatbrauerei Sander,7.5,IPA - American,330ml,330,11.18,IPA
Crush Hour Everyday Hazy Pale Ale,3.69,England,3.64,Vocation Brewery,4.6,Pale Ale - American,330ml,330,11.18,Pale Ale
Black Thunder Irish Stout Seasonal Edition,3.69,Germany,3.37,Privatbrauerei Sander,4.8,Stout - Irish Dry,330ml,330,11.18,Stout
Midnight Giggle,3.69,Estonia,3.93,Pühaste Brewery,6.0,Sour - Fruited Gose,330ml,330,11.18,Sour
Life & Death IPA,3.69,England,3.74,Vocation Brewery,6.5,IPA - American,330ml,330,11.18,IPA
Dulcis 12,3.69,Germany,3.38,Brauhaus Riegele,11.0,Belgian Strong Golden Ale,330ml,330,11.18,Belgian Strong Golden Ale
Mashine India Pale Lager,3.69,Germany,3.56,Mashsee Brauerei,6.8,Lager - IPL (India Pale Lager),330ml,330,11.18,Lager
Funky Falcon Non Alcoholic,3.69,Netherlands,3.24,Two Chefs Brewing,0.2,Non-Alcoholic - Pale Ale,330ml,330,11.18,Non-Alcoholic
BRLO x Lervig Rosinenbomber Imperial Stout,3.69,Germany,3.15,BRLO,3.5,Sour - Fruited Berliner Weisse,330ml,330,11.18,Sour
Noctus 100,3.69,Germany,3.64,Brauhaus Riegele,10.0,Stout - Russian Imperial,330ml,330,11.18,Stout
Heimathafen Festbier,3.69,Germany,3.46,Heimathafen - Erfurter Braumanufaktur,5.5,Festbier,330ml,330,11.18,Festbier
Insel-Brauerei Baltic Tripel,3.69,Germany,3.57,Rügener Insel-Brauerei,9.5,Belgian Tripel,330ml,330,11.18,Belgian Tripel
Siren Lumina Session IPA,3.69,England,3.6,Siren Craft Brew,4.2,IPA - Session,330ml,330,11.18,IPA
Insel-Brauerei Insel Saison,3.69,Germany,3.41,Rügener Insel-Brauerei,5.6,Farmhouse Ale - Saison,330ml,330,11.18,Farmhouse Ale
Insel-Brauerei Baltic Ale,3.69,Germany,3.42,Rügener Insel-Brauerei,7.5,Belgian Strong Golden Ale,330ml,330,11.18,Belgian Strong Golden Ale
Dusk,3.69,Netherlands,3.48,ROTT. Brouwers,5.0,Stout - Milk / Sweet,330ml,330,11.18,Stout
A.P.G. Driessen,3.69,Netherlands,3.66,Goede Kant van het Spoor,8.0,Bock - Single / Traditional,330ml,330,11.18,Bock
Huyghe Delirium Red,3.69,Belgium,3.58,Delirium - Huyghe Brewery,8.0,Fruit Beer,330ml,330,11.18,Fruit Beer
Drulse Dubbel,3.69,Netherlands,3.39,Brouwerij den Drul,6.8,Belgian Dubbel,330ml,330,11.18,Belgian Dubbel
White Haze Hazy IPA,3.69,Ireland,3.58,O'Hara's Brewery,5.0,IPA - New England / Hazy,330ml,330,11.18,IPA
Pomelo IPA,3.69,Netherlands,3.47,Brouwerij Noordt,6.0,IPA - Fruited,330ml,330,11.18,IPA
Everyday Is Pretzel Day German Pilsener,5.59,Romania,3.55,Hop Hooligans,5.0,Pilsner - German,500ml,500,11.18,Pilsner
Insel-Brauerei Baltic Dubbel,3.69,Germany,3.34,Rügener Insel-Brauerei,8.5,Belgian Dubbel,330ml,330,11.18,Belgian Dubbel
"Pretty - Strawberry, Raspberry & Sweet Roll",5.59,Poland,3.73,Magic Road,5.2,Sour - Smoothie / Pastry,Can 500ml,500,11.18,Sour
"Pretty - Mango, Peach & Halvah",5.59,Poland,3.68,Magic Road,5.6,Sour - Smoothie / Pastry,Can 500ml,500,11.18,Sour
Insel-Brauerei Natur Cider,3.69,Germany,3.45,Rügener Insel-Brauerei,5.6,Cider - Dry,330ml,330,11.18,Cider
Huyghe Delirium Argentum,3.69,Belgium,3.6,Delirium - Huyghe Brewery,7.0,IPA - Belgian,330ml,330,11.18,IPA
T-Horse,3.69,Sweden,3.79,Brewski,8.5,IPA - Imperial / Double New England / Hazy,330ml,330,11.18,IPA
Tripel Aap,3.69,Netherlands,3.56,Guilty Monkey Brewery,9.5,Belgian Tripel,330ml,330,11.18,Belgian Tripel
Die Bake Klönschnack Pilsener,3.69,Germany,3.51,Die Bake Braumanufaktur,4.9,Pilsner - German,330ml,330,11.18,Pilsner
Die Bake Lotsenlicht Helles,3.69,Germany,3.52,Die Bake Braumanufaktur,4.8,Lager - Helles,330ml,330,11.18,Lager
Blanche de Mikkeller,3.69,Denmark,3.3,Mikkeller,5.0,Wheat Beer - Witbier / Blanche,330ml,330,11.18,Wheat Beer
Insel-Brauerei Baltic Gose,3.69,Germany,3.26,Rügener Insel-Brauerei,6.5,Sour - Traditional Gose,330ml,330,11.18,Sour
DOK Black & Lekker,3.69,Belgium,3.6,Dok Brewing Company,6.5,IPA - Black / Cascadian Dark Ale,330ml,330,11.18,IPA
DOK Louwee Kan Het Niet Aan,3.69,Belgium,3.55,Dok Brewing Company,8.0,Scotch Ale / Wee Heavy,330ml,330,11.18,Scotch Ale / Wee Heavy
Lager,3.69,Germany,3.39,Lillebräu,5.7,Lager - Amber / Red,330ml,330,11.18,Lager
BLACK LAB – PEATY PORTER,3.69,Netherlands,3.64,JELSTER,7.5,Porter - Smoked,330ml,330,11.18,Porter
Blurry Vision Hazy IPA,3.69,Germany,3.72,BRLO,6.5,IPA - New England / Hazy,Can 330ml,330,11.18,IPA
Niks Geen Tralala,3.69,Netherlands,3.61,JELSTER,9.6,Belgian Strong Golden Ale,330ml,330,11.18,Belgian Strong Golden Ale
Schokolator Imperial Stout,3.69,Germany,3.28,Privatbrauerei Sander,8.0,Stout - Imperial / Double,330ml,330,11.18,Stout
Scenic Route,5.6,England,3.76,Ideal Day,4.3,Kellerbier / Zwickelbier,Bottle 500ml,500,11.2,Kellerbier / Zwickelbier
Avec les bons Voeux,8.4,Belgium,3.8,Brasserie Dupont,9.5,Farmhouse Ale - Saison,Bottle 750ml,750,11.2,Farmhouse Ale
Dry Cider,5.6,England,3.49,Henney's,6.0,Cider - Dry,500ml,500,11.2,Cider
Gueuze,4.2,Belgium,3.27,Brouwerij Mort Subite,4.5,Lambic - Gueuze,Bottle 375ml,375,11.2,Lambic
Autumn Tactics,5.6,Czech Republic,3.88,Sibeeria,6.4,IPA - New England / Hazy,Can 500ml,500,11.2,IPA
Kriek,2.8,Belgium,3.2,Belle-Vue,5.1,Lambic - Kriek,Bottle 250ml,250,11.2,Lambic
Zestaw Modern Grodziskie 3+1,5.6,Poland,3.53,Browar Grodzisk,3.1,Grodziskie / Grätzer,Bottle 500ml,500,11.2,Grodziskie / Grätzer
The Quiet Is So Loud,5.6,Bulgaria,4.04,Sofia Electric Brewing,6.5,IPA - New England / Hazy,500ml,500,11.2,IPA
Nie Ma Spalonego,5.6,Poland,3.87,Browar Artezan,6.0,IPA - New England / Hazy,500ml,500,11.2,IPA
Shadows of Conversation - Mosaic Idaho 7,5.6,England,3.52,DEYA Brewing Company,2.8,Table Beer,Can 500ml,500,11.2,Table Beer
Tappy Pils,5.6,England,3.58,DEYA Brewing Company,4.4,Pilsner - German,Can 500ml,500,11.2,Pilsner
Chimney,5.6,Poland,3.94,Moon Lark Brewery,8.9,Porter - Smoked,500ml,500,11.2,Porter
Circus Of The Sun,5.6,England,3.61,DEYA Brewing Company,0.5,Non-Alcoholic - Pale Ale,Can 500ml,500,11.2,Non-Alcoholic
Black & Tan Barleywine,3.7,Netherlands,3.84,Brouwerij de Molen,10.5,Black & Tan,330ml,330,11.21,Black & Tan
Flensburger Edles Helles,3.7,Germany,3.32,Flensburger Brauerei Emil Petersen,5.4,Lager - Helles,330ml,330,11.21,Lager
Pere Noel 2024,3.7,Belgium,3.69,Brouwerij De Ranke,7.0,Winter Ale,330ml,330,11.21,Winter Ale
Sint Amatus Reserva (2020),3.7,Belgium,3.89,De Struise Brouwers,13.0,Belgian Quadrupel,330ml,330,11.21,Belgian Quadrupel
Flensburger Pilsner,3.7,Germany,3.28,Flensburger Brauerei Emil Petersen,4.8,Pilsner - German,330ml,330,11.21,Pilsner
Red,3.7,Belgium,3.58,Delirium - Huyghe Brewery,8.0,Fruit Beer,330ml,330,11.21,Fruit Beer
Grand Cru,3.7,Belgium,3.65,Brouwerij Hoegaarden,8.5,Belgian Strong Golden Ale,330ml,330,11.21,Belgian Strong Golden Ale
Sintermerte Herfstbok,3.7,Netherlands,3.41,Brouwerij De Klep,6.5,Bock - Single / Traditional,330ml,330,11.21,Bock
Lucky Buddha,3.7,Germany,2.98,Hangzhou Qiandaohu Beer Co. (Cheerday Brewery - 千岛湖),4.8,Lager - Pale,330ml,330,11.21,Lager
Last raspberry in Paris,3.7,Estonia,3.25,Anderson's Craft Beer,6.2,Fruit Beer,330ml,330,11.21,Fruit Beer
Bounty Mountie,3.7,Netherlands,3.23,Gallivant,6.0,Bock - Single / Traditional,330ml,330,11.21,Bock
Kaartkijker,3.7,Netherlands,3.4,Seagull Brewing,7.0,Scotch Ale / Wee Heavy,330ml,330,11.21,Scotch Ale / Wee Heavy
Stowford Press Dark Berry,3.7,England,3.39,Westons Cider,4.0,Cider - Other Fruit,330ml,330,11.21,Cider
Stowford Press Medium Dry Cider,3.7,England,3.3,Westons Cider,4.5,Cider - Dry,330ml,330,11.21,Cider
Maître Tripel,3.7,Belgium,3.48,Brewery De Meester,8.5,Belgian Tripel,330ml,330,11.21,Belgian Tripel
Nocturnum,3.7,Belgium,3.76,Delirium - Huyghe Brewery,8.5,Belgian Strong Dark Ale,330ml,330,11.21,Belgian Strong Dark Ale
Heimdall,3.7,Netherlands,3.8,Walhalla Brouwerij & Proeflokaal,8.5,Bock - Doppelbock,330ml,330,11.21,Bock
City Session IPA,3.7,Denmark,3.57,To Øl,4.5,IPA - Session,Can 330ml,330,11.21,IPA
Visdief,3.7,Netherlands,3.28,Seagull Brewing,6.1,Wheat Beer - Witbier / Blanche,330ml,330,11.21,Wheat Beer
Grote Burgemeester,3.7,Netherlands,3.48,Seagull Brewing,8.5,Belgian Tripel,330ml,330,11.21,Belgian Tripel
Hel & Verdoemenis,3.7,Netherlands,3.85,Brouwerij de Molen,10.4,Stout - Russian Imperial,330ml,330,11.21,Stout
Cidre Naturel,3.7,Belgium,3.51,Wignac,4.5,Cider - Traditional / Apfelwein,330ml,330,11.21,Cider
Ugar Brewery Gray Matter,3.7,Hungary,3.72,UGAR Brewery,7.2,IPA - Other,Can 330ml,330,11.21,IPA
Old Engine Oil,3.7,Scotland,3.73,Harviestoun Brewery,6.0,Porter - English,330ml,330,11.21,Porter
Smash Hit Taulus,3.7,Netherlands,3.5,Van Moll,5.5,IPA - Other,330ml,330,11.21,IPA
BJCwhat?,3.7,France,3.5,Le Père l'amer,3.1,Stout - Other,330ml,330,11.21,Stout
Cuvée Freddy,3.7,Belgium,3.9,Brouwerij Alvinne,8.0,Sour - Flanders Oud Bruin,330ml,330,11.21,Sour
Wentersch / De Klep / Stanislaus Brewskovitch / Holland Hop Huys Over De Grens,3.7,Netherlands,3.51,Wentersch,5.8,Wheat Beer - Hefeweizen,330ml,330,11.21,Wheat Beer
Abt Tripel,3.7,Netherlands,3.61,Berne Abdijbier,9.0,Belgian Tripel,330ml,330,11.21,Belgian Tripel
10% Triple,3.7,Belgium,3.8,Abbaye de Maredsous,10.0,Belgian Tripel,330ml,330,11.21,Belgian Tripel
Zuider Zee Bier Diepzee Dubbel,3.7,Netherlands,3.27,Zuiderzeebier,8.7,Belgian Dubbel,330ml,330,11.21,Belgian Dubbel
Salvator,3.7,Germany,3.6,Paulaner Brauerei,7.9,Bock - Doppelbock,330ml,330,11.21,Bock
Woerdens Quad (batch#1),3.7,Netherlands,3.65,Bierloods22,10.5,Belgian Quadrupel,330ml,330,11.21,Belgian Quadrupel
Peach Sematary,3.7,Netherlands,3.37,100 Watt Brewery,5.4,Sour - Fruited,330ml,330,11.21,Sour
45 Days Organic Pilsner,3.7,Denmark,3.32,To Øl,4.7,Pilsner - Other,330ml,330,11.21,Pilsner
Hofstettner Saphir,3.7,Austria,3.62,Brauerei Hofstetten,7.4,Bock - Hell / Maibock / Lentebock,330ml,330,11.21,Bock
Awesome Autumn Rum Bock,3.7,Netherlands,3.46,Brouwerij Hoop,6.9,Bock - Single / Traditional,330ml,330,11.21,Bock
Brouwerij de Klep Wit Gold,3.7,Netherlands,3.47,Brouwerij De Klep,5.8,Belgian Blonde,330ml,330,11.21,Belgian Blonde
De Aanhouder,3.7,Netherlands,3.64,Brewery42,9.3,Belgian Quadrupel,330ml,330,11.21,Belgian Quadrupel
Farmhouse Sour #4 Apricot,3.7,Belgium,3.67,Brouwerij Alvinne,8.0,Sour - Fruited,330ml,330,11.21,Sour
Vals Meesterke,3.7,Belgium,3.65,Brewery De Meester,9.0,Porter - Imperial / Double,330ml,330,11.21,Porter
Stout,3.7,Netherlands,3.57,Brouwerij Artemis,8.7,Stout - Oatmeal,330ml,330,11.21,Stout
Meester Dubbel,3.7,Belgium,3.47,Brewery De Meester,8.0,Belgian Dubbel,330ml,330,11.21,Belgian Dubbel
Leip Hèrt,3.7,Netherlands,3.44,Brouwerij Durs,6.2,IPA - New England / Hazy,330ml,330,11.21,IPA
Dikkere Prins #7,3.7,Netherlands,3.63,Bierbrouwerij De Magistraat,7.0,IPA - Cold,330ml,330,11.21,IPA
Cuvée Andy,3.7,Belgium,3.54,Brouwerij Alvinne,6.5,IPA - Sour,330ml,330,11.21,IPA
Roos & Blad NEIPA,3.7,Netherlands,3.31,Brouwerij de Molen,7.5,IPA - New England / Hazy,330ml,330,11.21,IPA
Jura 8,3.7,Netherlands,3.58,Zuyd Craft,8.5,Belgian Tripel,330ml,330,11.21,Belgian Tripel
Pokal Limburgse Witte,3.7,Belgium,3.47,Brouwerij Cornelissen,5.0,Wheat Beer - Witbier / Blanche,330ml,330,11.21,Wheat Beer
Half Brick,3.7,England,3.74,The Kernel Brewery,4.4,Rye Beer,Bottle 330ml,330,11.21,Rye Beer
Stoutn Ieperlink,3.7,Belgium,3.64,Brouwerij Adriaensen,10.0,Stout - Imperial / Double,330ml,330,11.21,Stout
Neck Oil,3.7,England,3.64,Beavertown,4.3,IPA - Session,330ml,330,11.21,IPA
Spices Delight,3.7,Netherlands,2.62,Brouwerij De Klep,5.8,Blonde / Golden Ale - Other,330ml,330,11.21,Blonde / Golden Ale
Blond,3.7,Scotland,3.61,Pilot,4.0,Pale Ale - American,330ml,330,11.21,Pale Ale
ODE Aan Boer & Brouwer,3.7,Netherlands,3.57,ODE Bier,5.4,Pale Ale - Other,330ml,330,11.21,Pale Ale
Geboortebier,3.7,Netherlands,2.93,Brouwerij Stijl,5.5,Spiced / Herbed Beer,330ml,330,11.21,Spiced / Herbed Beer
Curly Wolf 2022,7.29,United States,3.95,BarrelHouse Brewing Co.,10.6,Stout - Imperial / Double Coffee,Bottle 650ml,650,11.22,Stout
Hop Harvest 2022,8.42,Belgium,3.76,Brouwerij De Ranke,5.5,Farmhouse Ale - Saison,Bottle 750ml,750,11.23,Farmhouse Ale
Hazelnut Brown Nectar,3.99,United States,3.79,Rogue Ales,5.6,Brown Ale - American,355ml,355,11.24,Brown Ale
Newport Daze,3.99,United States,3.69,Rogue Ales,5.5,Pale Ale - New England / Hazy,355ml,355,11.24,Pale Ale
Freedom Strawberry Lemonade,3.99,United States,3.9,Revolution Brewing Company,4.5,Sour - Fruited,355ml,355,11.24,Sour
Sun Crusher,3.99,United States,3.63,Revolution Brewing Company,5.3,Wheat Beer - American Pale Wheat,355ml,355,11.24,Wheat Beer
Blood Orange Gose,3.99,United States,3.71,Anderson Valley Brewing Company,4.2,Sour - Fruited Gose,355ml,355,11.24,Sour
Deserted Island,3.71,Netherlands,3.51,Brouwerij Frontaal,4.7,IPA - Other,330ml,330,11.24,IPA
Mind Haze,3.99,United States,3.76,Firestone Walker Brewing Company,6.2,IPA - New England / Hazy,355ml,355,11.24,IPA
Old Chub,3.99,United States,3.73,Oskar Blues Brewery,8.0,Scotch Ale / Wee Heavy,355ml,355,11.24,Scotch Ale / Wee Heavy
Cherry Gose,3.99,United States,3.61,Anderson Valley Brewing Company,4.2,Sour - Fruited Gose,355ml,355,11.24,Sour
Maduro,3.99,United States,3.76,Cigar City Brewing,5.5,Brown Ale - English,355ml,355,11.24,Brown Ale
Repo Man,3.99,United States,3.79,Revolution Brewing Company,6.4,Stout - American,355ml,355,11.24,Stout
Briney Melon Gose,3.99,United States,3.76,Anderson Valley Brewing Company,4.2,Sour - Fruited Gose,355ml,355,11.24,Sour
Fresh Sliced Mangoes,5.62,Poland,3.88,Maltgarden,5.2,Sour - Smoothie / Pastry,Can 500ml,500,11.24,Sour
Road Tripper,3.99,United States,3.71,Crooked Stave Artisan Beer Project,6.0,Red Ale - American Amber / Red,355ml,355,11.24,Red Ale
Tropical Hazy Sour,3.99,United States,3.68,Anderson Valley Brewing Company,4.3,Sour - Fruited,355ml,355,11.24,Sour
Down Under,3.99,United States,3.63,Crooked Stave Artisan Beer Project,6.5,IPA - Other,355ml,355,11.24,IPA
Fist City,3.99,United States,3.77,Revolution Brewing Company,5.5,Pale Ale - American,355ml,355,11.24,Pale Ale
Pivo Pils,3.99,United States,3.5,Firestone Walker Brewing Company,5.3,Pilsner - Italian,355ml,355,11.24,Pilsner
Cali Squeeze Peach Pomegranate,3.99,United States,3.67,Firestone Walker Brewing Company,5.0,Wheat Beer - Fruited,355ml,355,11.24,Wheat Beer
Mind Haze Brain Melter,3.99,United States,3.81,Firestone Walker Brewing Company,8.5,IPA - Imperial / Double New England / Hazy,355ml,355,11.24,IPA
Cali Squeeze Tangerine Daze,3.99,United States,3.73,Firestone Walker Brewing Company,5.0,Wheat Beer - Fruited,355ml,355,11.24,Wheat Beer
Hop Reach [ can],3.99,United States,3.73,Allagash Brewing Company,6.8,IPA - American,355ml,355,11.24,IPA
XPA,3.99,United States,3.75,Firestone Walker Brewing Company,5.3,Pale Ale - XPA (Extra Pale),355ml,355,11.24,Pale Ale
Hopnosis [Can],3.99,United States,3.75,Firestone Walker Brewing Company,6.7,IPA - Cold,355ml,355,11.24,IPA
Atomic Torpedo West Coast DIPA,3.99,United States,3.87,Sierra Nevada Brewing Co.,9.2,IPA - Imperial / Double,355ml,355,11.24,IPA
Venere,3.71,Belgium,3.64,La Source Beer Co.,4.6,Sour - Fruited Gose,330ml,330,11.24,Sour
Cali Squeeze Passion Fruit,3.99,United States,3.6,Firestone Walker Brewing Company,5.0,Wheat Beer - Fruited,355ml,355,11.24,Wheat Beer
Framboise Rose Gose,3.99,United States,3.74,Anderson Valley Brewing Company,4.2,Sour - Fruited Gose,355ml,355,11.24,Sour
Rochefort Trappistes 10,3.71,Belgium,4.05,Abbaye Notre-Dame de Saint-Rémy,11.3,Belgian Quadrupel,330ml,330,11.24,Belgian Quadrupel
Firestone California IPA,3.99,United States,3.8,Firestone Walker Brewing Company,6.5,IPA - American,355ml,355,11.24,IPA
Luponic Distortion [Can],3.99,United States,3.73,Firestone Walker Brewing Company,5.9,IPA - American,355ml,355,11.24,IPA
Union Jack,3.99,United States,3.8,Firestone Walker Brewing Company,7.0,IPA - American,355ml,355,11.24,IPA
Mahrs Bräu aU MINI KEG,56.2,Germany,3.58,Mahr's Bräu,8.5,Kellerbier / Zwickelbier,5000ml,5000,11.24,Kellerbier / Zwickelbier
Gummies Tropical,3.99,United States,3.14,SweetWater Brewing Company,9.5,IPA - Imperial / Double,355ml,355,11.24,IPA
Canon Event,4.95,Scotland,3.66,Fierce Beer,6.0,IPA - Other,Can 440ml,440,11.25,IPA
JULE SOVS,4.95,Denmark,3.44,To Øl,6.1,IPA - New England / Hazy,Can 440ml,440,11.25,IPA
Fruity Madness,4.95,Netherlands,3.47,X-brewing,6.5,IPA - American,Can 440ml,440,11.25,IPA
Odd Grains Series Emmer Malt Emmer Grain Stout,4.95,Netherlands,3.86,Moersleutel Craft Brewery,10.0,Porter - Imperial / Double,Can 440ml,440,11.25,Porter
Crank The Juice,4.95,Netherlands,3.77,Moersleutel Craft Brewery,5.5,IPA - New England / Hazy,Can 440ml,440,11.25,IPA
De Moersleutel Quad,4.95,Netherlands,3.9,Moersleutel Craft Brewery,11.0,Belgian Quadrupel,Can 440ml,440,11.25,Belgian Quadrupel
Taste My Yule Log,4.95,Netherlands,3.84,Moersleutel Craft Brewery,9.0,Stout - Imperial / Double Pastry,Can 440ml,440,11.25,Stout
Soulfly Ipa,4.95,Netherlands,3.51,X-brewing,5.5,IPA - American,Can 440ml,440,11.25,IPA
Zeppelin,4.95,Spain,3.78,Caleya,6.5,IPA - American,Can 440ml,440,11.25,IPA
Equinox,4.95,Spain,3.45,Basqueland Brewing,4.8,Wheat Beer - American Pale Wheat,Can 440ml,440,11.25,Wheat Beer
Morning Session,4.95,France,3.71,The Piggy Brewing Company,4.8,IPA - Session,Can 440ml,440,11.25,IPA
Lush DIPA,4.95,Belgium,3.57,Dok Brewing Company,8.0,IPA - American,Can 440ml,440,11.25,IPA
Moersleutel Remblock,4.95,Netherlands,3.48,Moersleutel Craft Brewery,6.5,Bock - Single / Traditional,Can 440ml,440,11.25,Bock
De Moersleutel CYCT Velocity,4.95,Netherlands,3.69,Moersleutel Craft Brewery,6.5,IPA - New England / Hazy,Can 440ml,440,11.25,IPA
De Moersleutel CYCT Friction,4.95,Netherlands,3.7,Moersleutel Craft Brewery,6.0,IPA - Other,Can 440ml,440,11.25,IPA
Windmill Wit,4.95,Netherlands,3.6,Moersleutel Craft Brewery,5.5,Wheat Beer - Witbier / Blanche,Can 440ml,440,11.25,Wheat Beer
Kompaan Iron Heart,4.95,Netherlands,3.44,KOMPAAN Dutch Craft Beer Company,6.2,Farmhouse Ale - Saison,Can 440ml,440,11.25,Farmhouse Ale
Triple Hazy Jane,4.95,Scotland,3.83,BrewDog,9.5,IPA - Triple New England / Hazy,Can 440ml,440,11.25,IPA
X-Brewing All The Leaves Are Brown,4.95,Netherlands,3.48,X-brewing,7.8,Bock - Doppelbock,Can 440ml,440,11.25,Bock
Muscavado Maple Magician,4.95,Netherlands,4.05,Moersleutel Craft Brewery,11.0,Stout - Imperial / Double Pastry,Can 440ml,440,11.25,Stout
Elemental,4.95,Scotland,3.52,Tempest Brewing Co.,4.1,Porter - English,Can 440ml,440,11.25,Porter
De Moersleutel Motor Oil,4.95,Netherlands,3.79,Moersleutel Craft Brewery,12.0,Stout - Russian Imperial,Can 440ml,440,11.25,Stout
Frau Gruber Crowded Room,4.95,Germany,3.7,FrauGruber Brewing,5.2,Kellerbier / Zwickelbier,Can 440ml,440,11.25,Kellerbier / Zwickelbier
De Moersleutel Coffee Grinder,4.95,Netherlands,3.78,Moersleutel Craft Brewery,7.5,Stout - Coffee,Can 440ml,440,11.25,Stout
Posidonia,4.95,Spain,3.72,Garage Beer Co.,7.0,Sour - Fruited Berliner Weisse,Can 440ml,440,11.25,Sour
"Join, or Die",5.63,Czech Republic,3.87,Sibeeria,7.0,IPA - New England / Hazy,Can 500ml,500,11.26,IPA
Napečeno (I baked Christmas cookies.),5.63,Czech Republic,3.74,Sibeeria,7.0,Imperial Porter,Can 500ml,500,11.26,Imperial Porter
Zichovec 12 Years Of Innovation,5.64,Czech Republic,4.01,Rodinný Pivovar Zichovec,6.5,Sour - Smoothie / Pastry,Can 500ml,500,11.28,Sour
Zichovec Koncept Brut Pastry Sour,5.64,Czech Republic,3.12,Rodinný Pivovar Zichovec,6.0,Sour - Smoothie / Pastry,Can 500ml,500,11.28,Sour
Lapsang Souchong Infused Lambic Beer Box,34.96,Belgium,3.49,Oud Beersel,6.8,Lambic - Traditional,3100ml,3100,11.28,Lambic
Noir de Dottignies,8.47,Belgium,3.71,Brouwerij De Ranke,8.5,Belgian Strong Dark Ale,Bottle 750ml,750,11.29,Belgian Strong Dark Ale
Vintage Organic Cider BIO,7.45,England,3.81,Dunkertons,7.5,Cider - Traditional / Apfelwein,660ml,660,11.29,Cider
Autochthon,5.65,Poland,3.87,Browar Gwarek,7.5,IPA - New England / Hazy,500ml,500,11.3,IPA
Le Détour Russian Imperial Stout,3.73,France,3.76,Brasserie le Détour !,8.0,Stout - Russian Imperial,330ml,330,11.3,Stout
Sibeeria / Twisted Cat - Hypnokitten,5.65,Czech Republic,3.77,Sibeeria,8.0,IPA - Imperial / Double,Can 500ml,500,11.3,IPA
AERoFAB Farou,4.97,France,3.67,Aerofab,4.0,Pale Ale - Other,Can 440ml,440,11.3,Pale Ale
Smokehouse Blues,5.65,Romania,3.83,Hop Hooligans,8.0,Rauchbier,Can 500ml,500,11.3,Rauchbier
Crataegus,3.73,Belgium,3.26,Gilde Demerdal,6.5,Belgian Blonde,330ml,330,11.3,Belgian Blonde
Badin Sequoia Affair,4.97,Norway,3.67,Bådin,6.5,IPA - American,Can 440ml,440,11.3,IPA
Selfish Games Pink Magic,4.98,Hungary,3.71,HORIZONT Brewing,5.8,Stout - Milk / Sweet,Can 440ml,440,11.32,Stout
Abstract #9,4.98,Latvia,3.9,Hopalaa,6.5,IPA - New England / Hazy,Can 440ml,440,11.32,IPA
(BUDAPEST DELIVERY ONLY!) Bright Lies,4.98,Hungary,4.01,Brew Your Mind,6.5,IPA - New England / Hazy,Can 440ml,440,11.32,IPA
Punk IPA,4.98,Scotland,3.71,BrewDog,6.3,IPA - American,Can 440ml,440,11.32,IPA
Sibeeria I Love The Smell Of HBC 1019 In The Morning,5.66,Czech Republic,3.98,Sibeeria,8.3,IPA - Imperial / Double New England / Hazy,Can 500ml,500,11.32,IPA
Session Cocaine,4.98,Hungary,3.6,Mad Scientist,5.3,IPA - Session,Can 440ml,440,11.32,IPA
Pacific Coast,4.98,Latvia,3.71,Hopalaa,6.5,IPA - American,Can 440ml,440,11.32,IPA
Selfish Games Black Magic,4.98,Hungary,3.81,HORIZONT Brewing,5.8,Stout - Milk / Sweet,Can 440ml,440,11.32,Stout
Hopnotic,5.66,Czech Republic,3.89,Sibeeria,7.9,IPA - Imperial / Double,Can 500ml,500,11.32,IPA
Oude Gueuze Cuvée René 2022,8.49,Belgium,3.74,Brouwerij Lindemans,6.0,Lambic - Gueuze,Bottle 750ml,750,11.32,Lambic
BPBW 2024 New Adjunct IPA,3.74,Hungary,3.65,BPBW Budapest Beer Week,5.5,IPA - New England / Hazy,330ml,330,11.33,IPA
Tuverbol,8.5,Belgium,3.8,Brouwerij 3 Fonteinen/ Brouwerij Loterbol,11.0,Belgian Strong Golden Ale,Bottle 750ml,750,11.33,Belgian Strong Golden Ale
Beaming Bob,3.74,Netherlands,3.55,Two Chefs Brewing,6.2,Gluten-Free,330ml,330,11.33,Gluten-Free
Abt 12,3.74,Belgium,4.0,Brouwerij St.Bernardus,10.5,Belgian Quadrupel,330ml,330,11.33,Belgian Quadrupel
Schaarbeekske Oude Kriek 2021,8.5,Belgium,3.87,Brouwerij Eylenbosch,6.2,Lambic - Kriek,Bottle 750ml,750,11.33,Lambic
Rusty,3.74,Hungary,3.35,Uradalmi Sörmanufaktúra,5.4,New England IPA,330ml,330,11.33,New England IPA
Misty,3.74,Hungary,3.66,Fehér Nyúl/ Uradalmi Brewery,6.0,IPA - American,330ml,330,11.33,IPA
Chai - Vieille Cerise,8.5,France,4.1,Brasserie La Malpolon,6.7,Farmhouse Ale - Saison,Bottle 750ml,750,11.33,Farmhouse Ale
Jason - Crystal Lake Hoppy Helles,3.74,Hungary,3.46,Mad Scientist,4.13,Lager - Helles,330ml,330,11.33,Lager
D8,3.74,Hungary,3.76,Uradalmi Brewery,8.3,Porter - Baltic,330ml,330,11.33,Porter
Kappa 11,3.74,Hungary,3.79,Szent András Sörfőzde,8.0,Pale Ale - Other,330ml,330,11.33,Pale Ale
Cosmic Rainbow,3.74,Belgium,3.5,Brasserie Surréaliste,7.2,Porter - Imperial / Double,330ml,330,11.33,Porter
Gouden Carolus Cuvée van de Keizer Imperial Dark,8.5,Belgium,4.05,Brouwerij Het Anker,11.0,Belgian Strong Dark Ale,Bottle 750ml,750,11.33,Belgian Strong Dark Ale
Rebel Berry,3.74,Hungary,3.57,HORIZONT Brewing,4.5,Sour - Fruited,330ml,330,11.33,Sour
Pauwel Kwak amber,8.5,Belgium,3.76,Brouwerij Bosteels,8.4,Pale Ale - Belgian,Bottle 750ml,750,11.33,Pale Ale
Entracte,8.5,France,3.77,Sacrilège,5.0,Farmhouse Ale - Saison,Bottle 750ml,750,11.33,Farmhouse Ale
Cierzo/Meta Sargori Hoppy Belgian Ale,4.99,Spain,3.57,Cierzo Brewing Co.,5.8,Pale Ale - Belgian,Can 440ml,440,11.34,Pale Ale
Blech.Brut Helles,4.99,Germany,3.72,Blech.Brut 8 Bit,5.3,Lager - Helles,Can 440ml,440,11.34,Lager
Cierzo/Invictus Res Trium Belgian Tripel,4.99,Spain,3.83,Cierzo Brewing Co.,6.2,IPA - American,Can 440ml,440,11.34,IPA
Mini Mangoes,4.99,Scotland,3.68,Vault City Brewing,3.3,Sour - Fruited,Can 440ml,440,11.34,Sour
Aurora,4.99,Belgium,3.89,Norm Brewing,8.0,IPA - Imperial / Double New England / Hazy,Can 440ml,440,11.34,IPA
Planet HBC 1019,4.99,Latvia,4.09,Hopalaa,6.8,IPA - New England / Hazy,Can 440ml,440,11.34,IPA
Wakka Wakka,4.99,Latvia,4.02,Hopalaa,6.7,IPA - New England / Hazy,Can 440ml,440,11.34,IPA
Julebryg 2024,4.99,Denmark,3.33,Amager Bryghus,6.5,Scottish Export Ale,Can 440ml,440,11.34,Scottish Export Ale
Mexa Fallon,4.99,Spain,4.0,Gross,6.5,IPA - New England / Hazy,Can 440ml,440,11.34,IPA
Beatmaker,4.99,Spain,3.96,Gross,6.3,IPA - New England / Hazy,Can 440ml,440,11.34,IPA
"Crimes Against Brewing: Maple, Toffee, Pecan Pie",4.99,England,3.9,Neon Raptor Brewing Co.,5.0,Stout - Imperial / Double Pastry,Can 440ml,440,11.34,Stout
TALUS TWIST,4.99,Latvia,3.91,Hopalaa,7.0,IPA - Other,Can 440ml,440,11.34,IPA
Dragma,4.99,Spain,3.7,Gross,4.5,Pilsner - Other,Can 440ml,440,11.34,Pilsner
Fruit Blizzard,4.99,Netherlands,3.71,Moersleutel Craft Brewery,5.5,IPA - New England / Hazy,Can 440ml,440,11.34,IPA
CYCT: Velocity,4.99,Netherlands,3.69,Moersleutel Craft Brewery,6.5,IPA - New England / Hazy,Can 440ml,440,11.34,IPA
West Coast IPA,4.99,Ireland,3.58,O'Hara's Brewery,6.2,IPA - American,Can 440ml,440,11.34,IPA
Sequoia Affair,4.99,Norway,3.67,Bådin,7.0,IPA - American,Can 440ml,440,11.34,IPA
Hazy IPA,4.99,Ireland,3.56,O'Hara's Brewery,6.8,IPA - New England / Hazy,Can 440ml,440,11.34,IPA
Shaky Bones 2024,4.99,Netherlands,3.82,Rock City Brewing,7.0,IPA - New England / Hazy,Can 440ml,440,11.34,IPA
Year Of The Dragon,4.99,Netherlands,3.65,Brouwerij Kees,5.8,IPA - American,Can 440ml,440,11.34,IPA
Vanity Metrics,4.99,England,3.96,Verdant Brewing Co,4.9,Pale Ale - New England / Hazy,Can 440ml,440,11.34,Pale Ale
Cashmere,4.99,Latvia,3.91,Hopalaa,6.6,IPA - New England / Hazy,Can 440ml,440,11.34,IPA
Nelson & Nelson,4.99,Latvia,3.88,Hopalaa,6.9,IPA - New England / Hazy,Can 440ml,440,11.34,IPA
Planet Ych 303,4.99,Latvia,3.81,Hopalaa,6.8,IPA - New England / Hazy,Can 440ml,440,11.34,IPA
La Source,4.99,France,3.62,Hoppy Road,5.5,Pale Ale - New England / Hazy,Can 440ml,440,11.34,Pale Ale
Verdancy,4.99,Poland,3.88,Browar Stu Mostów,5.7,Pale Ale - Other,Can 440ml,440,11.34,Pale Ale
Ansbacher Festbier,4.99,England,3.65,Anspach & Hobday,5.8,Festbier,Can 440ml,440,11.34,Festbier
Ever Forward,4.99,Spain,4.02,Basqueland Brewing,6.5,IPA - New England / Hazy,Can 440ml,440,11.34,IPA
Fuerst Wiacek Parklife,4.99,Germany,3.93,FUERST WIACEK,6.8,IPA - American,Can 440ml,440,11.34,IPA
Good Old Doggy Days (Simcoe),4.99,Germany,3.64,Lieber Waldi,5.0,Lager - Helles,Can 440ml,440,11.34,Lager
HOHOHO,4.99,Netherlands,3.64,Dutch Bargain,7.5,IPA - American,Can 440ml,440,11.34,IPA
Gone Bowling,4.99,Germany,3.85,FrauGruber Brewing,8.2,IPA - Imperial / Double New England / Hazy,Can 440ml,440,11.34,IPA
Retro Futurism,4.99,Germany,3.74,FrauGruber Brewing,5.5,IPA - New England / Hazy,Can 440ml,440,11.34,IPA
Daisy (IPL),4.99,Netherlands,3.6,Rock City Brewing,6.5,Lager - IPL (India Pale Lager),Can 440ml,440,11.34,Lager
Sverige Oberoende Bryggerier,4.99,Sweden,3.79,Stigbergets Bryggeri,6.3,IPA - New England / Hazy,Can 440ml,440,11.34,IPA
Invisible Eyes,4.99,Germany,4.03,FUERST WIACEK,6.8,IPA - New England / Hazy,Can 440ml,440,11.34,IPA
Friction,4.99,Netherlands,3.7,Moersleutel Craft Brewery,6.0,IPA - Other,Can 440ml,440,11.34,IPA
Feel the Pressure,4.99,Netherlands,3.32,Maximus Brouwerij,4.8,Stout - English,Can 440ml,440,11.34,Stout
Quiet Storm Sabro,4.99,England,3.64,Thornbridge Brewery,5.5,Pale Ale - American,Can 440ml,440,11.34,Pale Ale
Crux,4.99,England,3.68,Thornbridge Brewery,5.4,IPA - New England / Hazy,Can 440ml,440,11.34,IPA
Hayward,4.99,England,3.54,Thornbridge Brewery,4.2,Sour - Fruited,Can 440ml,440,11.34,Sour
De Kracht Van Eenvoud,4.99,Netherlands,3.68,Moersleutel Craft Brewery,7.0,Stout - Other,Can 440ml,440,11.34,Stout
In The Ways Of The Old Days,4.99,Denmark,3.68,To Øl,8.2,IPA - American,Can 440ml,440,11.34,IPA
Craft Beer – Méga Trip,4.99,France,3.65,Les Intenables - Craft Beer -,7.5,Belgian Tripel,Can 440ml,440,11.34,Belgian Tripel
Faith,4.99,England,3.81,Northern Monk,5.4,Pale Ale - Australian,Can 440ml,440,11.34,Pale Ale
Tropical Fresh,4.99,United States,3.73,Deschutes Brewery,6.5,IPA - American,Can 440ml,440,11.34,IPA
For The Love Of Hops Coral,4.99,Netherlands,3.6,Brouwerij Frontaal,5.5,IPA - White / Wheat,Can 440ml,440,11.34,IPA
Night Bloom,4.99,Spain,3.85,Basqueland Brewing,6.5,IPA - New England / Hazy,Can 440ml,440,11.34,IPA
Blue Bus Call,4.99,Spain,3.72,Cervesa Espiga,6.7,IPA - American,Can 440ml,440,11.34,IPA
Orbital Movement,4.99,Denmark,3.77,To Øl,6.0,IPA - New England / Hazy,Can 440ml,440,11.34,IPA
Lübi Libre,4.99,Germany,3.19,Sudden Death Brewing Co.,5.7,Non-Alcoholic - Pale Ale,Can 440ml,440,11.34,Non-Alcoholic
99 Luftballons Festbier,4.99,Spain,3.56,Cierzo Brewing Co.,5.8,Festbier,Can 440ml,440,11.34,Festbier
Pink Flamingo,4.99,Spain,3.56,Basqueland Brewing,5.2,Sour - Fruited,Can 440ml,440,11.34,Sour
CYCT: Inertia,4.99,Netherlands,3.72,Moersleutel Craft Brewery,6.0,IPA - New England / Hazy,Can 440ml,440,11.34,IPA
Could You Calculate the Gravitate,4.99,Netherlands,3.92,Moersleutel Craft Brewery,7.0,IPA - New England / Hazy,Can 440ml,440,11.34,IPA
Anniversary 09,4.99,Netherlands,3.8,Brouwerij Kees,9.99,Stout - Imperial / Double,Can 440ml,440,11.34,Stout
The Sassy Swordfish,4.99,Sweden,3.83,The Pine Ridge Brewery,7.0,IPA - New England / Hazy,Can 440ml,440,11.34,IPA
Compelling Argument,4.99,Spain,3.79,Garage Beer Co.,7.5,Sour - Fruited Berliner Weisse,Can 440ml,440,11.34,Sour
Camba Island,4.99,Germany,3.77,Camba Bavaria/ Thompson Island Brewing Company,6.6,IPA - New England / Hazy,Can 440ml,440,11.34,IPA
My My Hay Hay,4.99,Sweden,3.5,Stigbergets Bryggeri,5.0,Blonde / Golden Ale - English,Can 440ml,440,11.34,Blonde / Golden Ale
Peninsula Bohemia Czech Style Lager,4.99,Spain,3.56,Cervecera Península,5.0,Pilsner - Czech / Bohemian,Can 440ml,440,11.34,Pilsner
Remblock,4.99,Netherlands,3.48,Moersleutel Craft Brewery,6.5,Bock - Single / Traditional,Can 440ml,440,11.34,Bock
Walhalla Vidar Oatmeal Stout,3.75,Netherlands,3.75,Lighttown Brewers,6.0,Wheat Beer - Other,330ml,330,11.36,Wheat Beer
Let's Get Spanish,3.75,Netherlands,3.22,Jopen,5.0,Wheat Beer - Hefeweizen,330ml,330,11.36,Wheat Beer
Daytime Hourglass,5.0,England,3.55,Track Brewing Company,3.2,Bitter - Session / Ordinary,Can 440ml,440,11.36,Bitter
Wild Tree Hoppy Cider,3.75,Austria,3.59,BlakStoc,4.5,Cider - Herbed / Spiced / Hopped,330ml,330,11.36,Cider
Weekend,3.75,Portugal,3.79,Dois Corvos,6.5,IPA - New England / Hazy,330ml,330,11.36,IPA
James Blond,3.75,Netherlands,3.4,Bronckhorster Brewing Company,6.0,Belgian Blonde,330ml,330,11.36,Belgian Blonde
Delicious Things,5.0,England,3.82,Siren Craft Brew,6.0,Sour - Fruited,Can 440ml,440,11.36,Sour
JACQUES,3.75,Netherlands,3.78,Big Belly Brewing Company,12.5,Belgian Quadrupel,330ml,330,11.36,Belgian Quadrupel
The Goose Is Loose,5.0,Denmark,3.76,To Øl,4.2,Sour - Fruited Gose,Can 440ml,440,11.36,Sour
Dubbel,3.75,Netherlands,3.34,Brouwerij De Drie Ringen,6.5,Belgian Dubbel,330ml,330,11.36,Belgian Dubbel
Take It Easy,5.0,Spain,3.72,Cierzo Brewing Co.,4.9,Pale Ale - New Zealand,Can 440ml,440,11.36,Pale Ale
Ocean Drift,5.0,Scotland,3.37,Jump Ship Brewing Ltd,0.5,Non-Alcoholic - Sour,Can 440ml,440,11.36,Non-Alcoholic
Original Smokey,3.75,Netherlands,3.62,De Kromme Haring,8.5,Porter - Smoked,330ml,330,11.36,Porter
Cardeña Quadrupel,3.75,Spain,3.6,Monasterio San Pedro de Cardeña,10.0,Belgian Quadrupel,330ml,330,11.36,Belgian Quadrupel
Muifel I Spy Double Rye,3.75,Netherlands,3.74,Muifelbrouwerij,8.0,Bock - Doppelbock,330ml,330,11.36,Bock
Tsoureki,5.0,Greece,3.76,Seven Island Brewery,12.0,Stout - Imperial / Double Pastry,Can 440ml,440,11.36,Stout
Eem Gulzig,3.75,Netherlands,3.47,Brouwerij Eembier,8.5,Belgian Strong Golden Ale,330ml,330,11.36,Belgian Strong Golden Ale
Nice Mover,5.0,Ireland,3.77,Whiplash,6.8,IPA - American,Can 440ml,440,11.36,IPA
Summer Raids,5.0,France,3.78,Prizm Brewing Co.,5.0,Pale Ale - New Zealand,Can 440ml,440,11.36,Pale Ale
Meestereske Kinky Tripel,3.75,Belgium,3.57,Brewery De Meester,9.5,Belgian Tripel,330ml,330,11.36,Belgian Tripel
Hurry Up,5.0,Spain,3.74,Caleya,6.6,IPA - Fruited,Can 440ml,440,11.36,IPA
Peel and Bean,3.75,Estonia,3.74,Põhjala,8.5,Porter - Imperial / Double,330ml,330,11.36,Porter
Magnolia (Sour Catharina),5.0,Ireland,3.71,Galway Bay Brewery,5.4,Sour - Catharina,Can 440ml,440,11.36,Sour
Action Directe,5.0,Germany,3.81,FUERST WIACEK,7.2,IPA - American,Can 440ml,440,11.36,IPA
Let's Gose To The Beach,3.75,Netherlands,3.36,Jopen,4.0,Sour - Other Gose,330ml,330,11.36,Sour
Van Moll / Finback Digital Twins,3.75,Netherlands,3.65,Van Moll,6.0,IPA - New England / Hazy,330ml,330,11.36,IPA
Fountains Of Anguish,5.0,England,3.68,Black Iris Brewery,5.0,Stout - Oatmeal,Can 440ml,440,11.36,Stout
12,3.75,Belgium,3.82,Brouwerij Malheur,12.0,Belgian Quadrupel,330ml,330,11.36,Belgian Quadrupel
Sidney (w/Skof),5.0,England,3.56,Track Brewing Company,4.2,Lager - Pale,Can 440ml,440,11.36,Lager
Tante uit Amerika,3.75,Netherlands,3.53,Brouwerij Allema,7.4,IPA - American,330ml,330,11.36,IPA
Brew Co / Electric Bear - Unruly AF,5.0,England,3.11,Below Brew Co,0.5,Non-Alcoholic - Porter / Stout,Can 440ml,440,11.36,Non-Alcoholic
Cuvee Andy,3.75,Belgium,3.54,Brouwerij Alvinne,6.5,IPA - Sour,330ml,330,11.36,IPA
Gutenberg Bock – Bockbier ( MHD 03.08.2021),3.75,Germany,3.59,KUEHN KUNZ ROSEN,8.5,Bock - Doppelbock,330ml,330,11.36,Bock
Zeebonk,3.75,Netherlands,3.62,Brouwerij Homeland,5.0,IPA - New England / Hazy,330ml,330,11.36,IPA
Winterbinkske 2024,3.75,Belgium,,Brouwerij Kerkom,8.3,Winter Ale,330ml,330,11.36,Winter Ale
Guten Bock,3.75,Norway,3.32,Oslo Brewing Company,6.5,Bock - Single / Traditional,330ml,330,11.36,Bock
Belgian Witbier,3.75,Sweden,3.27,Poppels Bryggeri,4.7,Wheat Beer - Witbier / Blanche,330ml,330,11.36,Wheat Beer
Papa Beer,3.75,Netherlands,3.57,Brouwerij Eleven,5.5,IPA - New England / Hazy,330ml,330,11.36,IPA
Julebryg 2024 (Scottish Export Ale),5.0,Denmark,3.33,Amager Bryghus,6.0,Scottish Export Ale,Can 440ml,440,11.36,Scottish Export Ale
Pére Noël (2024),3.75,Belgium,3.69,Brouwerij De Ranke,7.0,Winter Ale,330ml,330,11.36,Winter Ale
Reijngoud Helemaal Leipa - Juicy NEIPA,3.75,Netherlands,3.56,Hofbrouwerij Reijngoud,6.5,IPA - New England / Hazy,330ml,330,11.36,IPA
Scheepsbok,3.75,Netherlands,3.43,Brouwerij Homeland,6.9,Bock - Single / Traditional,330ml,330,11.36,Bock
Nabu,3.75,Netherlands,3.57,Walhalla Brouwerij & Proeflokaal,6.0,IPA - Fruited,330ml,330,11.36,IPA
Dinlosaur,5.0,England,3.54,Staggeringly Good,4.5,Lager - Pale,Can 440ml,440,11.36,Lager
Petite Framboise,5.0,England,3.71,Burning Sky Brewery,3.5,Farmhouse Ale - Saison,Can 440ml,440,11.36,Farmhouse Ale
Morro,5.0,England,3.41,Elusive Brewing,4.5,Lager - American,Can 440ml,440,11.36,Lager
Pastore Classico,5.0,England,3.59,Pastore Brewing and Blending,5.0,Pilsner - Italian,Can 440ml,440,11.36,Pilsner
NZ Pils,5.0,England,3.75,Burning Sky Brewery,4.6,Pilsner - New Zealand,Can 440ml,440,11.36,Pilsner
Karel Glutenvrij Session IPA Blik SB,3.75,Netherlands,3.41,Kaapse Brouwers,4.5,IPA - Session,330ml,330,11.36,IPA
De Pimpelmeesch Kerst Snol,3.75,Netherlands,3.32,Dorpsbrouwerij de Pimpelmeesch,8.5,Winter Ale,330ml,330,11.36,Winter Ale
Beste Kameraod,3.75,Netherlands,3.52,Kameraod Brouwers,7.0,Belgian Dubbel,330ml,330,11.36,Belgian Dubbel
Budike Weisse – Berliner Weisse,3.75,Germany,3.12,Brauerei Lemke,3.5,Sour - Berliner Weisse,330ml,330,11.36,Sour
The Offended Octopus,5.0,Sweden,3.84,The Pine Ridge Brewery,7.0,IPA - New England / Hazy,Can 440ml,440,11.36,IPA
Zuyd Saga,3.75,Netherlands,3.76,Zuyd Craft,10.0,Belgian Quadrupel,330ml,330,11.36,Belgian Quadrupel
To Ol Snublejuice,3.75,Denmark,3.5,To Øl,4.5,IPA - Session,330ml,330,11.36,IPA
t IJ IJndejaars 2024,3.75,Netherlands,3.6,Brouwerij 't IJ,9.0,Winter Ale,330ml,330,11.36,Winter Ale
Baladin Zucca,3.75,Italy,3.37,BIRRIFICIO AGRICOLO BALADIN - Baladin Indipendente Italian Farm Brewery,7.0,Pumpkin / Yam Beer,330ml,330,11.36,Pumpkin / Yam Beer
Caramel Fudge Stout Almonds,3.75,Netherlands,3.82,Brouwerij Kees,11.0,Stout - Imperial / Double Pastry,330ml,330,11.36,Stout
Koko Nuts,5.0,Spain,3.56,Basqueland Brewing,6.1,Sour - Fruited,Can 440ml,440,11.36,Sour
Check This Stout,5.0,England,3.11,Lowtide Brewing Co.,0.5,Non-Alcoholic - Porter / Stout,Can 440ml,440,11.36,Non-Alcoholic
Hopeye – Grünhopfen Pils ( Version 4.0 ),3.75,Germany,,BierBoutique Konstanz,5.0,Pilsner - German,330ml,330,11.36,Pilsner
Ongelovige Thomas American Quad,3.75,Netherlands,3.65,Jopen,10.0,Belgian Quadrupel,Can 330ml,330,11.36,Belgian Quadrupel
Garde Fou (Biere de Garde),3.75,France,3.63,Brasserie La Malpolon,7.3,Farmhouse Ale - Bière de Garde,330ml,330,11.36,Farmhouse Ale
Ekuanot & Idaho Gem,5.0,Spain,3.86,Cervesa Espiga,6.3,IPA - New England / Hazy,Can 440ml,440,11.36,IPA
Motueka & Kohatu,5.0,Spain,3.85,Cervesa Espiga,6.3,IPA - New England / Hazy,Can 440ml,440,11.36,IPA
Pohjala Helge,3.75,Estonia,3.55,Põhjala,5.0,Gluten-Free,330ml,330,11.36,Gluten-Free
Bock Brülee – Pastry Bock,3.75,Netherlands,3.52,Two Chefs Brewing,7.0,Bock - Single / Traditional,330ml,330,11.36,Bock
De Pimpelmeesch Blonde Snol,3.75,Netherlands,3.58,Dorpsbrouwerij de Pimpelmeesch,8.5,Belgian Tripel,330ml,330,11.36,Belgian Tripel
Pilz,3.75,Netherlands,3.46,Brouwerij Kees,5.0,Pilsner - Italian,330ml,330,11.36,Pilsner
Luide Lijster,3.75,Netherlands,3.13,Bird Brewery,4.7,Porter - Other,330ml,330,11.36,Porter
Blond,3.75,Netherlands,3.33,Brouwerij De Drie Ringen,5.0,Kölsch,330ml,330,11.36,Kölsch
Smul Bock,3.75,Netherlands,3.61,Rock City Brewing,9.0,Bock - Doppelbock,330ml,330,11.36,Bock
Unchained Sin Blood Orange,3.75,Spain,3.29,La Pirata Brewing,0.5,Non-Alcoholic - IPA,330ml,330,11.36,Non-Alcoholic
De Molen Zoet & Hout,3.75,Netherlands,3.55,Brouwerij de Molen,8.0,Porter - Smoked,330ml,330,11.36,Porter
Stoop,5.0,England,3.35,Mash Gang,0.5,Non-Alcoholic - Lager,Can 440ml,440,11.36,Non-Alcoholic
Baby Beaut,5.0,England,3.64,New Bristol Brewery,4.0,Pale Ale - New Zealand,Can 440ml,440,11.36,Pale Ale
Shadow Future,5.0,England,3.61,Good Chemistry Brewing,4.2,Stout - Oatmeal,Can 440ml,440,11.36,Stout
Phi Kweepeer & Mispel Edition,3.75,Belgium,3.57,Brouwerij Alvinne,8.0,Sour - Other,330ml,330,11.36,Sour
The Musketeers Walk On Fire,3.75,Belgium,3.35,Brouwerij The Musketeers,6.9,Blonde / Golden Ale - Other,330ml,330,11.36,Blonde / Golden Ale
Tweet & Sour,5.0,England,3.38,Lowtide Brewing Co.,0.5,Non-Alcoholic - Sour,Can 440ml,440,11.36,Non-Alcoholic
Schokolator – Imperial Stout,3.75,Germany,3.28,Privatbrauerei Sander,8.0,Stout - Imperial / Double,330ml,330,11.36,Stout
Second Date,3.75,Netherlands,3.76,Rock City Brewing,8.0,IPA - American,330ml,330,11.36,IPA
Waldmeister Weisse – Berliner Weisse,3.75,Germany,3.34,Brauerei Lemke,4.0,Sour - Berliner Weisse,330ml,330,11.36,Sour
Cherry Sour,3.75,Germany,3.37,ÜberQuell Brauwerkstätten,6.9,Sour - Fruited,330ml,330,11.36,Sour
Blonde Kameraod,3.75,Netherlands,3.48,Kameraod Brouwers,6.6,Blonde / Golden Ale - Other,330ml,330,11.36,Blonde / Golden Ale
Hazy Nebula,5.0,Netherlands,3.73,Moersleutel Craft Brewery,6.0,IPA - New England / Hazy,Can 440ml,440,11.36,IPA
Summacrush,5.0,England,3.68,New Bristol Brewery,4.0,IPA - Session,Can 440ml,440,11.36,IPA
Heaven & Helles (Gluten Free),5.0,England,3.18,Lowtide Brewing Co.,0.5,Non-Alcoholic - Lager,Can 440ml,440,11.36,Non-Alcoholic
Fuiyoh – Neo Asian Style Lager mit Schisandra Beere,3.75,Germany,3.57,orca brau,6.2,Lager - Japanese Rice,330ml,330,11.36,Lager
Ongelovige Thomas,3.75,Netherlands,3.65,Jopen,10.0,Belgian Quadrupel,330ml,330,11.36,Belgian Quadrupel
Loki Golden IPA,3.75,Netherlands,3.58,Walhalla Brouwerij & Proeflokaal,5.5,IPA - American,Can 330ml,330,11.36,IPA
Schuppenboer Maxima,3.75,Belgium,3.54,Brouwerij Het Nest,14.0,Belgian Strong Golden Ale,330ml,330,11.36,Belgian Strong Golden Ale
The Otter,3.75,Netherlands,3.47,De Kromme Haring,4.8,Pale Ale - American,330ml,330,11.36,Pale Ale
Alesmith - Session .394,5.0,United States,3.58,AleSmith Brewing Company,4.9,Pale Ale - American,Can 440ml,440,11.36,Pale Ale
Pés Na Água,3.75,Netherlands,3.46,Dutch Bargain,4.8,Sour - Catharina,330ml,330,11.36,Sour
Push The Button,5.0,England,,Twisted Barrel Ale,3.8,IPA - New England / Hazy,Can 440ml,440,11.36,IPA
Brouwers Van Wanssum De Witte Van Wanssum,3.75,Netherlands,3.5,De Brouwers van Wanssum,6.0,Wheat Beer - Witbier / Blanche,330ml,330,11.36,Wheat Beer
Non-Alcoholic HQ Brut (Honey & Quince),8.53,Estonia,3.25,Jaanihanso,0.4,Non-Alcoholic - Cider / Perry,Bottle 750ml,750,11.37,Non-Alcoholic
Non-Alcoholic Eté,8.53,Estonia,3.25,Jaanihanso,0.4,Non-Alcoholic - Cider / Perry,Bottle 750ml,750,11.37,Non-Alcoholic
Cloud #31,5.01,Latvia,3.86,Hopalaa,7.0,IPA - Milkshake,Can 440ml,440,11.39,IPA
Superdelic,5.01,Latvia,4.12,Hopalaa,7.2,IPA - New Zealand,Can 440ml,440,11.39,IPA
Manilita,5.01,Latvia,3.92,Hopalaa,7.0,IPA - New England / Hazy,Can 440ml,440,11.39,IPA
Mitre Peak,5.01,Latvia,4.02,Hopalaa,7.0,IPA - New England / Hazy,Can 440ml,440,11.39,IPA
Pastry Killer Vol. 5,5.7,Poland,3.83,TankBusters.Co,7.0,Sour - Smoothie / Pastry,500ml,500,11.4,Sour
Ruud,5.7,Norway,3.43,MikroMeyer Bryggerhus AS,6.5,IPA - White / Wheat,500ml,500,11.4,IPA
Deya Can I Pleo it?,5.7,England,3.83,DEYA Brewing Company,4.4,Pale Ale - American,Can 500ml,500,11.4,Pale Ale
Grime Coffee & Cocoa Beans,5.7,Poland,3.71,Browarny Craft Beer,6.0,Stout - Coffee,500ml,500,11.4,Stout
Grime Coffee & Cocoa Beans & Tonka & Cinnamon,5.7,Poland,3.64,Browarny Craft Beer,6.0,Stout - Coffee,500ml,500,11.4,Stout
Moonlighters,5.7,England,3.75,Makemake,4.8,Stout - Oatmeal,Can 500ml,500,11.4,Stout
Browar Moczybroda OG True Skawka,5.7,Poland,3.41,Moczybroda,8.5,IPA - Sour,500ml,500,11.4,IPA
Dirty Bastard Scotch Ale,4.05,United States,3.77,Founders Brewing Co.,8.5,Scotch Ale / Wee Heavy,355ml,355,11.41,Scotch Ale / Wee Heavy
Framboise,4.28,Belgium,3.6,Brouwerij Girardin,5.0,Lambic - Framboise,Bottle 375ml,375,11.41,Lambic
Black Oak,5.02,Latvia,3.74,Hopalaa,7.5,Stout - Milk / Sweet,Can 440ml,440,11.41,Stout
Oudbeitje,4.28,Belgium,3.7,Hanssens Artisanaal,6.0,Lambic - Fruit,Bottle 375ml,375,11.41,Lambic
Maïtre Tripel Red Wine BA,3.77,Belgium,3.6,Brewery De Meester,9.0,Belgian Tripel,330ml,330,11.42,Belgian Tripel
Beatific Ecstasy,3.77,Belgium,3.6,Brasserie Surréaliste,4.7,Sour - Fruited Berliner Weisse,330ml,330,11.42,Sour
Mr. Hops DIPA / Г-н Хопс DIPA,5.71,United States,3.66,Charleston Brewing Company (West Virginia),7.5,Belgian Tripel,500ml,500,11.42,Belgian Tripel
Timber Giant,5.03,United States,3.81,Mother Earth Brewing Company,5.0,Pale Ale - American,Can 440ml,440,11.43,Pale Ale
Arpus Brewing Co. Tdh Nelson X Vic Secret Ipa,5.03,Latvia,3.99,Ārpus Brewing Co.,6.5,IPA - New England / Hazy,Can 440ml,440,11.43,IPA
Arpus Brewing Co. 7 Year Anniversary Qdh Ipa,5.03,Latvia,4.05,Ārpus Brewing Co.,6.8,IPA - New England / Hazy,Can 440ml,440,11.43,IPA
Arpus Brewing Co. Cherry X Mango X Vanilla Sour Ale,5.03,Latvia,4.24,Ārpus Brewing Co.,5.0,Sour - Smoothie / Pastry,Can 440ml,440,11.43,Sour
Arpus Brewing Co. Tdh Riwaka X Kohia Motueka Subzero Hop Kief Dipa,5.03,Latvia,3.99,Ārpus Brewing Co.,6.5,IPA - New England / Hazy,Can 440ml,440,11.43,IPA
Boat Snack,4.29,United States,3.78,Bootstrap Brewing,6.2,IPA - New England / Hazy,Bottle 375ml,375,11.44,IPA
Stick's,4.29,United States,3.71,Bootstrap Brewing,5.5,Pale Ale - American,Bottle 375ml,375,11.44,Pale Ale
Lush Puppy,4.29,United States,3.85,Bootstrap Brewing,6.3,IPA - New England / Hazy,Bottle 375ml,375,11.44,IPA
Insane Rush,4.29,United States,3.79,Bootstrap Brewing,7.6,IPA - American,Bottle 375ml,375,11.44,IPA
La Rulles Estivale,8.58,Belgium,3.52,Brasserie Artisanale de Rulles,5.2,Farmhouse Ale - Saison,Bottle 750ml,750,11.44,Farmhouse Ale
Legacy,3.78,France,3.6,Prizm Brewing Co.,5.0,Pale Ale - New England / Hazy,330ml,330,11.45,Pale Ale
In Eldorado We Trust,5.04,Latvia,3.93,Hopalaa,8.0,IPA - Imperial / Double New England / Hazy,Can 440ml,440,11.45,IPA
Oude Geuze Devillé à l&apos;ancienne (75cl),8.6,Belgium,3.97,Den Herberg,6.8,Lambic - Gueuze,Bottle 750ml,750,11.47,Lambic
Where the Hops Have No Name,3.79,Sweden,3.71,Brewski,7.0,IPA - New England / Hazy,330ml,330,11.48,IPA
Roulette: Manilita,3.79,Estonia,3.8,Pühaste Brewery,6.9,IPA - New England / Hazy,330ml,330,11.48,IPA
STIG NOUVEAU,5.05,Sweden,3.65,Stigbergets Bryggeri,6.0,IPA - American,Can 440ml,440,11.48,IPA
Mooie Madam Dubbel,3.79,Netherlands,3.52,Brouwerij Maallust,7.0,Brown Ale - Other,330ml,330,11.48,Brown Ale
De Diefhenker,3.79,Netherlands,3.48,Bierbrouwerij De Magistraat,7.3,Belgian Dubbel,330ml,330,11.48,Belgian Dubbel
Oaked Barleywine,3.79,Netherlands,3.56,Brouwerij Vogelvrij,10.0,Barleywine - English,330ml,330,11.48,Barleywine
Insel-Brauerei Surfers Summer Ale alkoholfrei,3.79,Germany,3.06,Rügener Insel-Brauerei,0.5,Non-Alcoholic - Other,330ml,330,11.48,Non-Alcoholic
Insel-Brauerei Snorkelers Sea Salt IPA alkoholfrei,3.79,Germany,3.03,Rügener Insel-Brauerei,0.5,Non-Alcoholic - IPA,330ml,330,11.48,Non-Alcoholic
Insel-Brauerei Insel Kreide,3.79,Germany,3.37,Rügener Insel-Brauerei,5.6,Bière de Champagne / Bière Brut,330ml,330,11.48,Bière de Champagne / Bière Brut
Paramour,3.79,Spain,3.84,Cervesa Espiga,4.5,Sour - Fruited Gose,330ml,330,11.48,Sour
Cotton Candy Sunset,3.79,Estonia,3.88,Pühaste Brewery,6.0,Sour - Fruited,330ml,330,11.48,Sour
BAP,3.79,Netherlands,3.21,Bierbrouwerij Volendam,7.0,Belgian Dubbel,330ml,330,11.48,Belgian Dubbel
The Rowdy Rooster's Raspberry Kettle Sour,3.79,Sweden,3.46,The Pine Ridge Brewery,4.7,Sour - Fruited,330ml,330,11.48,Sour
A Passion for Gingers,3.79,Sweden,3.43,Beerbliotek,3.8,Sour - Fruited Berliner Weisse,330ml,330,11.48,Sour
Warmouth V12,3.79,Netherlands,3.75,De Kromme Haring,6.3,IPA - New England / Hazy,330ml,330,11.48,IPA
Blondie Demons,3.79,Netherlands,3.44,Happy Demons Craft Beer,6.0,Blonde / Golden Ale - Other,330ml,330,11.48,Blonde / Golden Ale
Insel-Brauerei Baltic Farm,3.79,Germany,3.32,Rügener Insel-Brauerei,8.5,Farmhouse Ale - Saison,330ml,330,11.48,Farmhouse Ale
Broen,3.79,Sweden,3.63,Brewski,5.0,IPA - Session,330ml,330,11.48,IPA
Insel-Brauerei German Coast,3.79,Germany,3.45,Rügener Insel-Brauerei,7.5,IPA - Imperial / Double,330ml,330,11.48,IPA
Blé Fenouil,3.79,France,3.56,Brasserie La Malpolon,4.5,Wheat Beer - Witbier / Blanche,330ml,330,11.48,Wheat Beer
Marrellomorpha (Cambrian Series),3.79,Netherlands,3.47,De Kromme Haring,6.9,Bock - Doppelbock,330ml,330,11.48,Bock
Taupe,3.79,Belgium,3.52,La Source Beer Co.,5.4,Porter - Other,330ml,330,11.48,Porter
Saint Roch,3.79,France,3.59,Vendale,9.0,Belgian Tripel,330ml,330,11.48,Belgian Tripel
Quadrupel,3.79,Netherlands,3.65,Eggens,10.0,Belgian Quadrupel,330ml,330,11.48,Belgian Quadrupel
Carpe,3.79,Belgium,3.69,La Source Beer Co.,4.7,IPA - Session,330ml,330,11.48,IPA
Petite Musique De Suie,3.79,France,3.73,Brasserie La Malpolon,5.8,Rauchbier,330ml,330,11.48,Rauchbier
Lesser,3.79,Netherlands,3.52,ROTT. Brouwers,6.5,Farmhouse Ale - Saison,330ml,330,11.48,Farmhouse Ale
Warmouth V13,3.79,Netherlands,3.8,De Kromme Haring,6.3,IPA - New England / Hazy,330ml,330,11.48,IPA
Mangofeber IPA,3.79,Sweden,3.32,Brewski,4.2,IPA - Session,330ml,330,11.48,IPA
The Rapture (2023),3.79,Netherlands,3.55,Vet & Lazy,12.0,Barleywine - Other,330ml,330,11.48,Barleywine
Vogelwuid IPA,3.79,Germany,3.58,Hoppebräu,6.9,IPA - American,330ml,330,11.48,IPA
The Evil Has Landed,3.79,Netherlands,,Baxbier,8.5,Stout - Pastry,330ml,330,11.48,Stout
Digital Twin,3.79,Netherlands,3.65,Van Moll,6.0,IPA - New England / Hazy,330ml,330,11.48,IPA
Insel-Brauerei Insel Pilsner,3.79,Germany,3.27,Rügener Insel-Brauerei,5.6,Pilsner - Other,330ml,330,11.48,Pilsner
Saison Blond,3.79,Netherlands,3.58,Brouwerij Vogelvrij,8.0,Farmhouse Ale - Saison,330ml,330,11.48,Farmhouse Ale
Bruxellensis,3.79,Belgium,3.32,Brasserie de la Senne,6.5,Brett Beer,330ml,330,11.48,Brett Beer
Blonde Snol Zwaar Blond,3.79,Netherlands,3.58,Dorpsbrouwerij de Pimpelmeesch,8.5,Belgian Tripel,330ml,330,11.48,Belgian Tripel
Ritual Lab x Deya- Moons Opera,3.79,Italy,4.05,Ritual Lab,8.5,IPA - Imperial / Double New England / Hazy,330ml,330,11.48,IPA
Roman Rendez-Brew,3.79,Netherlands,3.1,Uiltje Brewing Company,5.9,Grape Ale - Other,330ml,330,11.48,Grape Ale
Punkbock,3.79,Netherlands,3.31,Oproer,6.0,Bock - Single / Traditional,330ml,330,11.48,Bock
Black Tiger,3.79,Belgium,3.31,La Source Beer Co.,4.8,Sour - Other Gose,330ml,330,11.48,Sour
Heimathafen IPA,3.79,Germany,3.33,Heimathafen - Erfurter Braumanufaktur,5.2,Wheat Beer - Hefeweizen,330ml,330,11.48,Wheat Beer
Pomona Lisa,3.79,Belgium,3.74,Dok Brewing Company,6.7,IPA - New England / Hazy,330ml,330,11.48,IPA
Scheepsbok (2024),3.79,Netherlands,3.41,Brouwerij Homeland,6.5,Bock - Single / Traditional,330ml,330,11.48,Bock
Zuurbier - Passievrucht Berliner Weisse,3.79,Netherlands,3.48,Hofbrouwerij Reijngoud,4.5,Sour - Fruited Berliner Weisse,330ml,330,11.48,Sour
Dark Season,3.79,Bulgaria,3.79,Sofia Electric Brewing,8.5,Porter - English,330ml,330,11.48,Porter
Highway To Hell Lager,3.79,Scotland,3.14,BRULO,0.5,Non-Alcoholic - Lager,330ml,330,11.48,Non-Alcoholic
Designated Dryver alkoholfreies Blond Ale,3.79,Netherlands,3.15,Dutch Bargain,0.3,Non-Alcoholic - Other,330ml,330,11.48,Non-Alcoholic
Ridgeback,3.79,Netherlands,3.8,Brouwerij Frontaal,10.0,Barleywine - American,330ml,330,11.48,Barleywine
English Pride Medium Cider,5.75,United States,,Two Henrys Brewing Company,6.2,Strong Ale - English,500ml,500,11.5,Strong Ale
Vintage Cider,5.75,England,3.45,Henney's,6.5,Cider - Traditional / Apfelwein,500ml,500,11.5,Cider
Pineapple Session Sour,5.06,Scotland,3.75,Vault City Brewing,4.1,Sour - Fruited,Can 440ml,440,11.5,Sour
Hazy Discovery Montpellier,5.75,Poland,3.96,Browar PINTA,6.5,IPA - New England / Hazy,500ml,500,11.5,IPA
Dopamine,5.75,Netherlands,4.04,Brouwerij LOST,8.0,IPA - Imperial / Double New England / Hazy,500ml,500,11.5,IPA
Coco Loco,5.75,Netherlands,3.83,Brewery 22Four,10.9,Stout - Milk / Sweet,500ml,500,11.5,Stout
Mind Twist,5.75,Czech Republic,3.81,Sibeeria,6.3,Stout - Foreign / Export,500ml,500,11.5,Stout
Devon Scrumpy Still Cider,5.75,England,3.52,Sandford Orchards,6.0,Cider - Traditional / Apfelwein,500ml,500,11.5,Cider
Autumn Gold Cider,5.75,England,3.61,Henney's,6.0,Cider - Traditional / Apfelwein,500ml,500,11.5,Cider
Black Damnation 26 Froggie,5.75,Belgium,4.17,De Struise Brouwers,13.0,Stout - Russian Imperial,500ml,500,11.5,Stout
Weldoener Blond,3.45,Netherlands,3.47,Brouwerij Maallust,6.5,Blonde / Golden Ale - Other,300ml,300,11.5,Blonde / Golden Ale
Hazy Discovery Mt Maunganui,5.75,Poland,3.97,Browar PINTA,6.5,IPA - New England / Hazy,500ml,500,11.5,IPA
Zware Jongen Tripel,3.45,Netherlands,3.62,Brouwerij Maallust,8.7,Belgian Tripel,300ml,300,11.5,Belgian Tripel
Santa Klausovich,5.75,Croatia,3.59,Pulfer Brewery,7.3,Wheat Beer - Fruited,500ml,500,11.5,Wheat Beer
Browarny Delulu,5.75,Poland,3.85,Browarny Craft Beer,6.5,IPA - New England / Hazy,500ml,500,11.5,IPA
"Gelato Ice Cream Sour Passion fruit, Mango & Peach",5.75,Poland,4.11,Funky Fluid,5.8,Sour - Smoothie / Pastry,Can 500ml,500,11.5,Sour
Devon Dry Crisp Cider,5.75,England,3.49,Sandford Orchards,5.0,Cider - Dry,500ml,500,11.5,Cider
Devon Red Cider,5.75,England,3.51,Sandford Orchards,4.5,Cider - Traditional / Apfelwein,500ml,500,11.5,Cider
Zusquoid,5.06,Netherlands,3.93,Moersleutel Craft Brewery,11.0,Stout - Imperial / Double Pastry,Can 440ml,440,11.5,Stout
IDUN,3.8,Netherlands,3.66,Walhalla Brouwerij & Proeflokaal,5.2,IPA - Sour,330ml,330,11.52,IPA
Horizont Gentle Bastard,3.8,Hungary,3.66,HORIZONT Brewing,6.5,IPA - American,Can 330ml,330,11.52,IPA
God is a Rabbit,3.8,France,3.76,ZooBrew Brasserie Animale,5.1,Sour - Fruited Gose,330ml,330,11.52,Sour
Cloudy Lemonade,3.8,Scotland,3.79,Vault City Brewing,4.2,Sour - Fruited,330ml,330,11.52,Sour
Herberg Tarwe,3.8,Belgium,3.31,Den Herberg,5.2,Wheat Beer - Witbier / Blanche,330ml,330,11.52,Wheat Beer
Tundra Tørst,3.8,Netherlands,3.54,vandeStreek bier,5.0,IPA - Farmhouse,330ml,330,11.52,IPA
Hazy Reindeer,3.8,Estonia,3.76,Anderson's Craft Beer,7.9,IPA - New England / Hazy,330ml,330,11.52,IPA
Ugar Brewery Cherry Speedo,3.8,Hungary,3.12,UGAR Brewery,6.5,Fruit Beer,330ml,330,11.52,Fruit Beer
Herberg Blond,3.8,Belgium,3.25,Den Herberg,5.5,Belgian Blonde,330ml,330,11.52,Belgian Blonde
BLAK STOC Standard Hard Cider,3.8,Austria,3.62,BlakStoc,4.0,Cider - Traditional / Apfelwein,330ml,330,11.52,Cider
Peckham Pale,3.8,England,3.54,Brick Brewery,4.5,Pale Ale - American,Can 330ml,330,11.52,Pale Ale
Tripel Eucos,3.8,Netherlands,3.41,De Grieze,8.2,Belgian Tripel,330ml,330,11.52,Belgian Tripel
Big Mama Stout,3.8,Belgium,3.59,NovaBirra,8.0,Stout - American,330ml,330,11.52,Stout
Pohjala Must Kuld,3.8,Estonia,3.76,Põhjala,7.8,Porter - Other,330ml,330,11.52,Porter
Rodeo,3.8,England,3.64,Villages,4.6,Pale Ale - American,Can 330ml,330,11.52,Pale Ale
Drink'in the Sun Non-Alcohol Wheat Ale,3.8,Denmark,3.24,Mikkeller,0.3,Non-Alcoholic - Wheat,330ml,330,11.52,Non-Alcoholic
Oude Kriek,4.32,Belgium,3.65,Brouwerij Boon,6.5,Lambic - Kriek,Bottle 375ml,375,11.52,Lambic
"Babylone, Babylone by Solène",3.8,France,3.75,Brasserie Iron,6.0,Sour - Other,330ml,330,11.52,Sour
Holy Cake 1 - Limon Pie,3.8,France,3.86,Experimental Brewery,5.2,Sour - Smoothie / Pastry,330ml,330,11.52,Sour
Jetser,3.8,Netherlands,3.61,Brouwerij Durs,9.0,Belgian Tripel,330ml,330,11.52,Belgian Tripel
Export India Porter,3.8,England,3.83,The Kernel Brewery,5.2,Porter - Other,Bottle 330ml,330,11.52,Porter
Dokkie NA,3.8,Belgium,3.24,Dok Brewing Company,0.3,Non-Alcoholic - Sour,330ml,330,11.52,Non-Alcoholic
Solliciteur 2024 Roggebock,3.8,Netherlands,3.55,Bierbrouwerij De Magistraat,7.0,Bock - Single / Traditional,330ml,330,11.52,Bock
Rafiki,3.8,England,3.64,Villages,4.3,IPA - Session,Can 330ml,330,11.52,IPA
Mont des Cats Trappiste,3.8,France,3.53,Abbaye du Mont des Cats,7.6,Belgian Strong Golden Ale,330ml,330,11.52,Belgian Strong Golden Ale
blackfly imperial stout,3.8,Germany,3.86,orca brau,10.5,Stout - Imperial / Double,330ml,330,11.52,Stout
Tricky Tripel,3.8,Netherlands,3.51,Gebrouwen Door Vrouwen,7.8,Belgian Tripel,330ml,330,11.52,Belgian Tripel
Vuurboeter,3.8,Netherlands,3.8,Bierbrouwerij De Magistraat,12.5,Barleywine - English,330ml,330,11.52,Barleywine
Beestig,3.8,Netherlands,3.63,Brouwerij Eembier,10.0,Barleywine - Other,330ml,330,11.52,Barleywine
L'Expresso,3.8,France,3.5,Brasserie l'Excuse,6.6,Stout - Coffee,330ml,330,11.52,Stout
Wadesda 9,3.8,Belgium,3.83,Brasserie de la Senne,8.0,Farmhouse Ale - Bière de Coupage,330ml,330,11.52,Farmhouse Ale
Brewing Foerse,3.8,Belgium,3.37,Dok Brewing Company,5.5,Belgian Blonde,330ml,330,11.52,Belgian Blonde
Nostalgia Collection “Locomotief”,3.8,Belgium,3.59,Brouwerij Kompel,7.0,Bitter - Best,330ml,330,11.52,Bitter
Broken Dream,3.8,England,3.82,Siren Craft Brew,6.5,Stout - Oatmeal,Can 330ml,330,11.52,Stout
local IPA,3.8,Germany,3.64,orca brau,6.5,IPA - Other,330ml,330,11.52,IPA
Peckham Pils,3.8,England,3.35,Brick Brewery,4.8,Pilsner - Other,Can 330ml,330,11.52,Pilsner
Multifruit Cider,3.8,France,3.69,Polygon Cider,5.0,Cider - Other Fruit,330ml,330,11.52,Cider
American Blonde,3.8,Netherlands,3.35,BrewDistrict24,5.5,Blonde / Golden Ale - Other,330ml,330,11.52,Blonde / Golden Ale
Flensburger Gold,3.8,Germany,3.22,Flensburger Brauerei Emil Petersen,4.8,Lager - Helles,330ml,330,11.52,Lager
The Serpent (Pale Ale – New Zealand),3.8,Ireland,3.21,The White Hag Irish Brewing Company,4.5,Pale Ale - New Zealand,330ml,330,11.52,Pale Ale
Strieper The Amazing Single Hop IPA Idaho Worship Gear,3.8,Netherlands,3.5,Strieper Craft Beer Company,6.2,IPA - American,330ml,330,11.52,IPA
Nico,3.8,England,3.41,Orbit Beers,4.8,Kölsch,Bottle 330ml,330,11.52,Kölsch
Premium Pils (gluten free),3.8,Belgium,2.87,Mongozo,5.0,Gluten-Free,330ml,330,11.52,Gluten-Free
Imperial Stout,3.8,Netherlands,3.87,Wentersch,10.0,Stout - Imperial / Double,330ml,330,11.52,Stout
Avant-Première,3.8,France,3.63,Fauve,4.8,Pale Ale - American,330ml,330,11.52,Pale Ale
Juice Punch New England IPA,3.8,Netherlands,3.68,Brouwerij Frontaal,5.8,IPA - New England / Hazy,Can 330ml,330,11.52,IPA
Blond Gezelschoap,3.8,Netherlands,3.28,Brouwhuus 't Zwarte Schoap,5.6,Belgian Blonde,330ml,330,11.52,Belgian Blonde
Saison Van de Bruwer,3.8,Belgium,3.28,Brasserie de la Senne,5.3,Farmhouse Ale - Brett,330ml,330,11.52,Farmhouse Ale
Aan De Tripel,3.8,Netherlands,3.45,Wentersch,9.0,Belgian Tripel,330ml,330,11.52,Belgian Tripel
Big Nothing,3.8,Sweden,3.28,Donzoko,0.5,Non-Alcoholic - Sour,Can 330ml,330,11.52,Non-Alcoholic
Kölscha De Pepino - Cucumber Kolsch,3.8,Portugal,3.65,Barona Brewing Company,5.0,Kölsch,330ml,330,11.52,Kölsch
Pale Ale (hops vary) - approx,3.8,England,3.81,The Kernel Brewery,5.3,Pale Ale - American,Bottle 330ml,330,11.52,Pale Ale
De Stramme Kabouter Stoute Kabouter,3.8,Netherlands,3.6,Streekbrouwerij De Stramme Kabouter,10.5,Stout - Russian Imperial,330ml,330,11.52,Stout
Moedige Margaretha Quadrupel,3.8,Netherlands,3.56,Brouwerij De 12 Stuyvers,10.0,Belgian Quadrupel,330ml,330,11.52,Belgian Quadrupel
Strawberry Dreams,3.8,Scotland,3.32,Vault City Brewing,4.5,Sour - Fruited,330ml,330,11.52,Sour
Tropical Twist,3.8,Scotland,3.69,Vault City Brewing,4.5,Sour - Fruited,330ml,330,11.52,Sour
Energibajer Lager,3.8,Denmark,3.28,Mikkeller,0.3,Non-Alcoholic - Lager,330ml,330,11.52,Non-Alcoholic
Apfelstrüdel Dubbelbock,3.8,Netherlands,3.09,Guilty Monkey Brewery,6.5,Bock - Doppelbock,330ml,330,11.52,Bock
Holy Cake 2 - Piña Colada,3.8,France,3.38,Experimental Brewery,5.0,Sour - Smoothie / Pastry,330ml,330,11.52,Sour
Thai Thai,3.8,Netherlands,3.49,Oedipus Brewing,8.0,Belgian Tripel,330ml,330,11.52,Belgian Tripel
Vriendschoap,3.8,Netherlands,3.1,Brouwhuus 't Zwarte Schoap,5.2,Wheat Beer - Dunkelweizen,330ml,330,11.52,Wheat Beer
5 Fruit Gose,3.8,Scotland,3.38,BRULO,3.2,Non-Alcoholic - Sour,Can 330ml,330,11.52,Non-Alcoholic
Walhalla Heimdall Imperial Rye Bock,3.8,Netherlands,3.43,Walhalla Brouwerij & Proeflokaal,8.5,Sour - Fruited,330ml,330,11.52,Sour
Highway To Hell,3.8,Scotland,3.14,BRULO,0.5,Non-Alcoholic - Lager,Can 330ml,330,11.52,Non-Alcoholic
Pils (Hops Vary),3.8,England,3.7,The Kernel Brewery,5.2,Pilsner - Other,Bottle 330ml,330,11.52,Pilsner
Niej Schoap,3.8,Netherlands,3.46,Brouwhuus 't Zwarte Schoap,6.0,IPA - American,330ml,330,11.52,IPA
Stu Mostow x Morpheus ZuBREWka,3.8,Belgium,3.84,Brouwerij Alvinne,5.5,Sour - Other,330ml,330,11.52,Sour
Fony's,3.8,Belgium,3.14,Eentjevanthuis - Pony's Beer,0.3,Non-Alcoholic - Other,330ml,330,11.52,Non-Alcoholic
Lumina,3.8,England,3.6,Siren Craft Brew,4.2,IPA - Session,Can 330ml,330,11.52,IPA
Fantome Old Fashion,8.65,Belgium,3.83,Brasserie Fantôme,6.0,Farmhouse Ale - Saison,Bottle 750ml,750,11.53,Farmhouse Ale
Fantome Skrip's Big Brew,8.65,Belgium,3.88,Brasserie Fantôme,6.5,Farmhouse Ale - Saison,Bottle 750ml,750,11.53,Farmhouse Ale
Fantome Double Blaireau,8.65,Belgium,3.82,Brasserie Fantôme,6.5,Farmhouse Ale - Saison,Bottle 750ml,750,11.53,Farmhouse Ale
Fantome Saison,8.65,Belgium,3.87,Brasserie Fantôme,8.0,Farmhouse Ale - Saison,Bottle 750ml,750,11.53,Farmhouse Ale
Fantome Light Brown Spiritus Automn,8.65,Belgium,3.89,Brasserie Fantôme,8.0,Farmhouse Ale - Saison,Bottle 750ml,750,11.53,Farmhouse Ale
Fantome Hermine Blanche d'Ici,8.65,Belgium,3.68,Brasserie Fantôme,4.6,Wheat Beer - Witbier / Blanche,Bottle 750ml,750,11.53,Wheat Beer
Fontan-Elle Young & Wild,8.65,Belgium,3.94,Lambiek Fabriek,5.5,Lambic - Traditional,Bottle 750ml,750,11.53,Lambic
Brett-Elle Oude Geuze,8.65,Belgium,4.05,Lambiek Fabriek,5.5,Lambic - Gueuze,Bottle 750ml,750,11.53,Lambic
Sporty Geuze Origin-Elle,8.65,Belgium,3.89,Lambiek Fabriek,6.5,Lambic - Gueuze,Bottle 750ml,750,11.53,Lambic
L'Ermitage / La Mule Pils de Foudre,3.81,Belgium,3.7,L'Ermitage,6.0,Pilsner - German,330ml,330,11.55,Pilsner
White,4.1,United States,3.75,Allagash Brewing Company,5.2,Wheat Beer - Witbier / Blanche,355ml,355,11.55,Wheat Beer
Madhouse DDH,5.08,Hungary,3.75,Mad Scientist,5.5,IPA - New England / Hazy,Can 440ml,440,11.55,IPA
DOK Heidi Aus Terpeen,3.81,Belgium,3.54,Dok Brewing Company,6.7,IPA - American,330ml,330,11.55,IPA
Rye Royale,3.81,Netherlands,3.81,Brouwerij Kees,10.9,Rye Wine,330ml,330,11.55,Rye Wine
Session IPA,5.08,Sweden,3.65,Stigbergets Bryggeri,3.5,IPA - Session,Can 440ml,440,11.55,IPA
Substrate,5.09,Denmark,3.32,Gamma Brewing Company,3.5,IPA - Session,Can 440ml,440,11.57,IPA
DAY AFTER,5.09,Latvia,4.0,Hopalaa,6.8,IPA - New England / Hazy,Can 440ml,440,11.57,IPA
SIGMA,5.79,Poland,3.69,Magic Road,5.8,IPA - Other,500ml,500,11.58,IPA
Zichovec A Misspent Youth 12,5.79,Czech Republic,3.71,Rodinný Pivovar Zichovec,5.1,Pilsner - Other,500ml,500,11.58,Pilsner
Old Style Saison - 5 months,3.82,Belgium,3.64,Drogenbos Beer,5.9,Farmhouse Ale - Saison,330ml,330,11.58,Farmhouse Ale
From Mafia With LOVE New England Pale Ale,5.79,Germany,3.97,Munich Brew Mafia,5.2,Pale Ale - New England / Hazy,500ml,500,11.58,Pale Ale
Santo Subito,5.79,Poland,3.57,Magic Road,5.9,IPA - American,500ml,500,11.58,IPA
Full Amarillo,5.79,Poland,3.85,Trzech Kumpli,5.4,IPA - New England / Hazy,500ml,500,11.58,IPA
Gelato: Mango Blueberry Shake,5.79,Poland,3.98,Funky Fluid,5.5,Sour - Smoothie / Pastry,500ml,500,11.58,Sour
Tourist Triangle,5.79,Czech Republic,3.6,Sibeeria,4.2,Porter - Smoked,500ml,500,11.58,Porter
Rednecks' Revenge,5.1,France,4.01,Hoppy Road,9.5,IPA - Triple New England / Hazy,Can 440ml,440,11.59,IPA
BEACH,5.1,Denmark,3.37,To Øl,4.0,Sour - Fruited Berliner Weisse,Can 440ml,440,11.59,Sour
Mega Trip,5.1,France,3.65,Les Intenables - Craft Beer -,7.5,Belgian Tripel,Can 440ml,440,11.59,Belgian Tripel
Moonshine Pale Ale,5.1,England,3.57,Abbeydale Brewery,4.3,Pale Ale - English,Can 440ml,440,11.59,Pale Ale
ART+81 New England DIPA,5.1,Poland,4.0,Browar Stu Mostów/ Ziemia Obiecana,8.0,Sour - Smoothie / Pastry,Can 440ml,440,11.59,Sour
Moersleutel Quad,5.1,Netherlands,3.9,Moersleutel Craft Brewery,11.0,Belgian Quadrupel,Can 440ml,440,11.59,Belgian Quadrupel
Strange Latitudes,5.1,England,3.59,Mash Gang,0.5,Non-Alcoholic - IPA,Can 440ml,440,11.59,Non-Alcoholic
Senior Prawn,5.1,England,3.81,Phantom Brewing Co.,5.0,Pale Ale - New England / Hazy,Can 440ml,440,11.59,Pale Ale
Exploding Rainbows (2024),5.1,Germany,4.02,FUERST WIACEK,6.8,IPA - New England / Hazy,Can 440ml,440,11.59,IPA
Aradia,5.1,England,3.95,DMC Brewery,4.5,Hard Ginger Beer,Can 440ml,440,11.59,Hard Ginger Beer
Balegdah,5.1,England,3.63,Pomona Island Brew Co.,6.5,Sour - Fruited,Can 440ml,440,11.59,Sour
Pride 2024 Rootin Tootin (BBE 06/12/24),5.1,England,3.26,Northern Monk,5.0,Pale Ale - Fruited,Can 440ml,440,11.59,Pale Ale
Patrons Project 26.06 Classic Summer Punch (BBE 12/12/24),5.1,England,3.42,Northern Monk,5.6,Pale Ale - Fruited,Can 440ml,440,11.59,Pale Ale
Woodstock,5.1,England,3.77,Elusive Brewing,5.6,Pale Ale - American,Can 440ml,440,11.59,Pale Ale
Espuna,5.1,England,3.51,Track Brewing Company,2.8,Shandy / Radler,Can 440ml,440,11.59,Shandy / Radler
Fyne Ales - Workbench - IPA,5.1,Scotland,3.55,Fyne Ales,5.5,IPA - American,Can 440ml,440,11.59,IPA
Czech Lager,5.1,England,3.64,UnBarred Brewery,4.0,Lager - Other,Can 440ml,440,11.59,Lager
FLOC Whisper,5.1,England,3.82,Floc.,5.0,Pale Ale - New England / Hazy,Can 440ml,440,11.59,Pale Ale
Trippin' On Aether,5.1,England,2.63,Mash Gang,0.5,Non-Alcoholic - IPA,Can 440ml,440,11.59,Non-Alcoholic
Crank The Juice Hazy New England IPA,5.1,Netherlands,3.77,Moersleutel Craft Brewery,5.5,IPA - New England / Hazy,Can 440ml,440,11.59,IPA
Arosa,5.1,England,3.65,Track Brewing Company,5.2,Lager - Helles,Can 440ml,440,11.59,Lager
Doses,5.1,England,3.62,Duration Brewing,5.1,Pilsner - German,Can 440ml,440,11.59,Pilsner
Stomping Grounds (Project Barista 24),5.1,England,3.66,Siren Craft Brew,6.3,Red Ale - Other,Can 440ml,440,11.59,Red Ale
Peach Ice Tea Table Sour,5.1,Scotland,3.58,Vault City Brewing,3.4,Table Beer,Can 440ml,440,11.59,Table Beer
Toucan Tropic IPA,5.1,England,3.73,Vocation Brewery,6.7,IPA - American,Can 440ml,440,11.59,IPA
ART+80 Philly Pastry Sour,5.1,Poland,4.19,Browar Stu Mostów,4.5,Sour - Smoothie / Pastry,Can 440ml,440,11.59,Sour
Aspern,5.1,England,3.75,Track Brewing Company,4.9,Lager - Vienna,Can 440ml,440,11.59,Lager
Sundown,5.1,England,3.81,Elusive Brewing,6.0,IPA - American,Can 440ml,440,11.59,IPA
Amity,5.1,England,3.55,Wiper And True,3.5,Table Beer,Can 440ml,440,11.59,Table Beer
Suspended In Mistletoe,5.1,England,3.62,Siren Craft Brew,4.0,Pale Ale - American,Can 440ml,440,11.59,Pale Ale
Electronic Butterfly,5.1,England,3.81,Azvex Brewing Company,4.0,Pale Ale - New England / Hazy,Can 440ml,440,11.59,Pale Ale
Siren - Miracle on Marshmallow Mountain,5.1,England,3.73,Siren Craft Brew,5.1,Bitter - Best,Can 440ml,440,11.59,Bitter
Brain Stew,5.1,England,3.48,Mash Gang,0.5,Non-Alcoholic - IPA,Can 440ml,440,11.59,Non-Alcoholic
Ridge,5.1,England,3.67,Drop Project,4.8,Pilsner - Other,Can 440ml,440,11.59,Pilsner
Fuzz Buzz,5.1,Denmark,3.85,Bad Seed Brewing,6.0,IPA - New England / Hazy,Can 440ml,440,11.59,IPA
Single Hop No6 - Galaxy,5.1,England,3.57,Howling Hops,4.8,Pale Ale - Australian,Can 440ml,440,11.59,Pale Ale
"Moersleutel Remblok Smooth,Dark,Chocolate Bock",5.1,Netherlands,3.48,Moersleutel Craft Brewery,6.5,Bock - Single / Traditional,Can 440ml,440,11.59,Bock
Kokomo Weekday,5.1,England,3.64,Good Chemistry Brewing,4.3,IPA - Session,Can 440ml,440,11.59,IPA
Disco King,5.1,England,3.65,Turning Point Brew Co.,5.1,Pale Ale - American,Can 440ml,440,11.59,Pale Ale
Chandrasekhar Limit,5.1,England,3.88,Gravity Well Brewing Co,4.8,Pale Ale - New England / Hazy,Can 440ml,440,11.59,Pale Ale
Festbier,5.1,England,3.66,Cloudwater Brew Co.,5.0,Festbier,Can 440ml,440,11.59,Festbier
Festbier German Style Lager,5.1,Denmark,3.48,Copenhagen Commons,6.1,Festbier,Can 440ml,440,11.59,Festbier
Sour Candy Gose # 1,5.1,Poland,3.58,Piwne Podziemie,3.5,Sour - Fruited Gose,Can 440ml,440,11.59,Sour
Howling,5.1,Poland,3.66,Browar Stu Mostów,6.4,IPA - Cold,Can 440ml,440,11.59,IPA
Passion For Session IPA,5.1,Netherlands,3.47,Brouwerij Kees,4.5,IPA - Session,Can 440ml,440,11.59,IPA
Auburn,5.1,United Kingdom,3.73,Track Harvest Ale #3,4.9,Brown Ale,Can 440ml,440,11.59,Brown Ale
One Step Beyond,5.1,England,3.58,Twisted Barrel Ale,3.8,Pale Ale - New England / Hazy,Can 440ml,440,11.59,Pale Ale
Voodoo,5.1,England,3.68,Dark Revolution,5.6,Porter - English,Can 440ml,440,11.59,Porter
Manchester Fresh Hop Golden Ale,5.1,United Kingdom,3.73,Track Harvest Ale #2,5.0,Golden Ale,Can 440ml,440,11.59,Golden Ale
Hop Hand Fallacy,5.1,England,3.45,Lost and Grounded Brewers,4.4,Farmhouse Ale - Saison,Can 440ml,440,11.59,Farmhouse Ale
Julebryg 2024 Scottish Export Ale,5.1,Denmark,3.33,Amager Bryghus,6.0,Scottish Export Ale,Can 440ml,440,11.59,Scottish Export Ale
Chasing Rainbows,5.1,Norway,3.95,Salikatt Bryggeri,6.0,IPA - New England / Hazy,Can 440ml,440,11.59,IPA
Sour Time,5.1,Poland,4.04,Browar Stu Mostów,4.2,IPA - Sour,Can 440ml,440,11.59,IPA
Hop Sauce,5.1,England,3.78,Dark Revolution,4.8,Pale Ale - New England / Hazy,Can 440ml,440,11.59,Pale Ale
Ansbacher: Festbier,5.1,England,3.65,Anspach & Hobday,5.8,Festbier,Can 440ml,440,11.59,Festbier
Koharu,5.8,Netherlands,3.96,Brouwerij LOST,6.7,IPA - New Zealand,500ml,500,11.6,IPA
Nectaron,5.8,Netherlands,3.95,Brouwerij LOST,6.8,IPA - New England / Hazy,500ml,500,11.6,IPA
Mangari,5.8,Netherlands,3.97,Brouwerij LOST,6.7,IPA - New Zealand,500ml,500,11.6,IPA
Hazy Discovery Žalec,5.8,Poland,3.85,Browar PINTA,6.0,IPA - New England / Hazy,500ml,500,11.6,IPA
Overdrive,5.8,Netherlands,3.95,Brouwerij LOST,7.1,IPA - New England / Hazy,500ml,500,11.6,IPA
Sabro Fan Service,5.8,Czech Republic,3.78,Rodinný Pivovar Zichovec,5.1,IPA - Session,500ml,500,11.6,IPA
Muscar-Elle,8.7,Belgium,3.88,Lambiek Fabriek,8.8,Lambic - Fruit,Bottle 750ml,750,11.6,Lambic
Tarot d`Or,2.9,Belgium,3.42,Brouwerij Lindemans,8.0,Fruit Beer,Bottle 250ml,250,11.6,Fruit Beer
Stu Mostow WRCLW Pils,5.8,Poland,3.38,WRCLW,5.0,Pilsner - German,500ml,500,11.6,Pilsner
Precious,5.8,United States,3.76,3 Floyds Brewing,6.5,Porter - American,500ml,500,11.6,Porter
Drink And Drive,5.8,Czech Republic,3.56,Rodinný Pivovar Zichovec,0.5,Non-Alcoholic - IPA,Can 500ml,500,11.6,Non-Alcoholic
Riwaka,5.8,Netherlands,3.91,Brouwerij LOST,6.8,IPA - New England / Hazy,500ml,500,11.6,IPA
Aloha,5.8,Poland,3.54,Funky Fluid,4.5,Pale Ale - American,500ml,500,11.6,Pale Ale
Ugar Brewery Spectrum Mental Health Spacewalk,5.8,Hungary,3.83,UGAR Brewery,5.7,IPA - New England / Hazy,500ml,500,11.6,IPA
Stu Mostow WRCLW Lager,5.8,Poland,3.53,WRCLW,5.8,Festbier,500ml,500,11.6,Festbier
It's Complicated Being A Wizard,5.49,United States,4.08,Burlington Beer Company,8.0,IPA - Imperial / Double New England / Hazy,473ml,473,11.61,IPA
Sorry Chicky,5.49,United States,3.8,Burley Oak Brewing Company,4.4,Sour - Other,473ml,473,11.61,Sour
Struise Pannepot 2022,3.83,Belgium,3.94,De Struise Brouwers,10.0,Belgian Strong Dark Ale,330ml,330,11.61,Belgian Strong Dark Ale
The Garden Brewery / Nerdbrewing - Imperial Chocolate & Strawberry Liquer Stout,5.11,Croatia,3.78,The Garden Brewery,8.6,Stout - Imperial / Double Pastry,Can 440ml,440,11.61,Stout
St Feuillien Tripel,3.83,Belgium,3.66,Brasserie St-Feuillien,8.5,Belgian Tripel,330ml,330,11.61,Belgian Tripel
Elaborate Metaphor,5.49,United States,4.0,Burlington Beer Company,5.4,Pale Ale - New England / Hazy,473ml,473,11.61,Pale Ale
Mango Hefeweizen,5.49,United States,3.81,Garage Brewing Co,5.5,Wheat Beer - Hefeweizen,473ml,473,11.61,Wheat Beer
Enchanted Runes,5.49,United States,3.93,Burlington Beer Company,6.4,IPA - New England / Hazy,473ml,473,11.61,IPA
Joel's Journey,3.83,Hungary,3.64,MONYO Brewing Co.,5.5,IPA - New England / Hazy,330ml,330,11.61,IPA
Delirium Nocturnum,3.83,Belgium,3.76,Delirium - Huyghe Brewery,9.0,Belgian Strong Dark Ale,330ml,330,11.61,Belgian Strong Dark Ale
Pindakees XL,3.83,Netherlands,3.71,Brouwerij Frontaal/ Brouwerij Kees,10.5,Stout - Imperial / Double Pastry,330ml,330,11.61,Stout
Arabier,3.83,Belgium,3.47,Brouwerij De Dolle Brouwers,8.0,Belgian Strong Golden Ale,330ml,330,11.61,Belgian Strong Golden Ale
Party Tricks,5.49,United States,3.76,AleSmith Brewing Company,6.8,IPA - American,473ml,473,11.61,IPA
Scale of Complexity - Nelson Sauvin,5.49,United States,3.87,4 Hands Brewing Company,6.5,IPA - New England / Hazy,473ml,473,11.61,IPA
The Garden / Espiga Imperial Speculoos Stout,5.12,Croatia,3.68,The Garden Brewery,7.1,Stout - Imperial / Double,Can 440ml,440,11.64,Stout
Brein Storm H2O+NaCl (T.H.T.: 09/01/2024),3.84,Belgium,2.86,Biologische Brouwerij Jessenhofke,8.0,Belgian Tripel,330ml,330,11.64,Belgian Tripel
Cotopaxi,5.82,Czech Republic,3.99,Sibeeria,7.3,IPA - New England / Hazy,Can 500ml,500,11.64,IPA
The Garden Brewery / La Pirata - Imperial Chocolate Carob & Blackberry Stout,5.12,Croatia,3.82,The Garden Brewery,8.9,Stout - Imperial / Double Pastry,Can 440ml,440,11.64,Stout
Faro,2.91,Belgium,3.47,Brouwerij Lindemans,4.7,Lambic - Faro,Bottle 250ml,250,11.64,Lambic
"The Garden / Fausto Imperial Florida Weisse Mango, Lime & Raspberry",5.12,Croatia,3.73,The Garden Brewery,7.3,Sour - Berliner Weisse,Can 440ml,440,11.64,Sour
"The Garden / FF / Hercules / Willibald Imp. Coconut, Maple Syrup & Cacao Stout",5.12,Croatia,3.9,The Garden Brewery,8.2,Stout - Imperial / Double,Can 440ml,440,11.64,Stout
The Garden / CoolHead Imperial Walnut And Maple Syrup Stout,5.12,Croatia,3.77,The Garden Brewery,9.1,Stout - Imperial / Double,Can 440ml,440,11.64,Stout
The Garden Planina,5.12,Croatia,4.07,The Garden Brewery,10.3,Stout - Imperial / Double Coffee,Can 440ml,440,11.64,Stout
The Garden / BBOP Imperial Coffee and Coconut Stout,5.12,Croatia,3.67,The Garden Brewery,7.1,Stout - Imperial / Double Coffee,Can 440ml,440,11.64,Stout
The Garden / Willibald Hazy IPA,5.12,United States,3.93,Foreign Objects Beer Company,5.7,IPA - New England / Hazy,Can 440ml,440,11.64,IPA
"The Garden / La Pirata Imperial Chocolate, Carob & Blackberry Stout",5.12,Croatia,3.82,The Garden Brewery,8.9,Stout - Imperial / Double Pastry,Can 440ml,440,11.64,Stout
Pulling Rocks,5.13,Netherlands,3.8,Rock City Brewing,10.0,Pale Ale - American,Can 440ml,440,11.66,Pale Ale
Badin / Hoppy People Raclette Intervention,5.13,Norway,3.9,Bådin,8.0,IPA - Imperial / Double New England / Hazy,Can 440ml,440,11.66,IPA
Frontaal / Zout & Citroen Don't Stop Me Now,5.13,Netherlands,3.85,Brouwerij Frontaal,10.0,Barleywine - Other,Can 440ml,440,11.66,Barleywine
Southwold Bitter,3.85,England,3.25,Adnams,4.1,Bitter - Session / Ordinary,330ml,330,11.67,Bitter
Gouden Carolus Cuvée Van De Keizer Imperial Blond,8.75,Belgium,3.92,Brouwerij Het Anker,10.0,Belgian Strong Golden Ale,Bottle 750ml,750,11.67,Belgian Strong Golden Ale
Brouwerij de Klep Paeterke Triepel,3.85,Netherlands,3.61,Brouwerij De Klep,9.0,Belgian Tripel,330ml,330,11.67,Belgian Tripel
Blond Genot,3.85,Netherlands,3.44,Brouwerij 't Smakt,6.5,Belgian Blonde,330ml,330,11.67,Belgian Blonde
Herfstbock,3.85,Netherlands,3.49,Brouwerij 't Smakt,7.1,Bock - Single / Traditional,330ml,330,11.67,Bock
Duister Verlangen,3.85,Netherlands,3.59,Brouwerij Vals Plat,7.5,Porter - English,330ml,330,11.67,Porter
Barbarian Fishing V19,3.85,Netherlands,3.92,De Kromme Haring,8.0,IPA - Other,330ml,330,11.67,IPA
Where The Hops Have No Name,3.85,Sweden,3.71,Brewski,7.0,IPA - New England / Hazy,330ml,330,11.67,IPA
1+1=11 Nelson Sauvin,3.85,Netherlands,3.77,Brouwerij Eleven,7.5,IPA - Imperial / Double New England / Hazy,330ml,330,11.67,IPA
Witte Rook,3.85,Netherlands,3.35,Jopen,7.0,Smoked Beer,330ml,330,11.67,Smoked Beer
Frostbite Fuel Coffee & Maple Milk Stout,3.85,Netherlands,3.43,Uiltje Brewing Company,6.8,Stout - Milk / Sweet,Can 330ml,330,11.67,Stout
Woest Imperial Stout,3.85,Netherlands,3.76,Dutch Bargain,10.0,Stout - Imperial / Double,Can 330ml,330,11.67,Stout
Sour Monster –  Blutorangen Gose,3.85,Germany,3.27,Munich Brew Mafia,4.5,Sour - Other,330ml,330,11.67,Sour
Room 101,3.85,Sweden,3.62,Brewski,6.7,IPA - American,330ml,330,11.67,IPA
1+1=11 Citra Cryo + Nelson Sauvin,3.85,Netherlands,3.8,Brouwerij Eleven,7.5,IPA - Imperial / Double New England / Hazy,330ml,330,11.67,IPA
1+1=11 Citra Cryo,3.85,Netherlands,3.83,Brouwerij Eleven,7.5,IPA - Imperial / Double New England / Hazy,330ml,330,11.67,IPA
Vleteren 12 Bruin Port Barrel Aged,3.85,Belgium,3.95,Deca Brouwerij,12.0,Belgian Strong Dark Ale,330ml,330,11.67,Belgian Strong Dark Ale
BarbaraBock – Doppelbock,3.85,Germany,3.37,Hochdorfer Kronenbrauerei,8.5,Bock - Doppelbock,330ml,330,11.67,Bock
Gaia India Pale Ale,3.85,Netherlands,3.57,Oedipus Brewing,7.0,IPA - American,330ml,330,11.67,IPA
Fantome Special Bitter Sour,8.75,Belgium,3.86,Brasserie Fantôme,7.0,Wild Ale - Other,Bottle 750ml,750,11.67,Wild Ale
Budels IPA,3.5,Netherlands,3.11,Budelse Brouwerij,7.0,IPA - Belgian,300ml,300,11.67,IPA
Mocha Buzz,3.85,Estonia,3.76,Pühaste Brewery,7.0,Brown Ale - Other,330ml,330,11.67,Brown Ale
Lull's Wit,3.85,Netherlands,3.32,De Grieze,6.2,Wheat Beer - Witbier / Blanche,330ml,330,11.67,Wheat Beer
Ad Hop Dry Cider,3.85,Netherlands,3.16,Doggerland Craft Cider,6.5,Cider - Herbed / Spiced / Hopped,330ml,330,11.67,Cider
Lull's Blond,3.85,Netherlands,3.4,De Grieze,6.9,Belgian Blonde,330ml,330,11.67,Belgian Blonde
Jura,3.85,Netherlands,3.58,Zuyd Craft,8.5,Belgian Tripel,330ml,330,11.67,Belgian Tripel
Bigfoot American Barleywine 2022,4.15,United States,3.64,Sierra Nevada Brewing Co.,9.6,Barleywine - American,355ml,355,11.69,Barleywine
Extinction Is Forever!: Pygmy Rabbit,5.85,Austria,3.73,Brauhaus Bevog,5.9,IPA - American,500ml,500,11.7,IPA
Happy Demons Imagine Demons - Waves,5.15,Netherlands,3.37,Happy Demons Craft Beer,7.5,Stout - Foreign / Export,Can 440ml,440,11.7,Stout
Rauchbier,5.15,England,3.71,Anspach & Hobday,5.5,Rauchbier,Can 440ml,440,11.7,Rauchbier
Arpus TDH Vista x McKenzie Session IPA,5.15,Latvia,3.85,Ārpus Brewing Co.,5.0,IPA - Session,Can 440ml,440,11.7,IPA
Surf & Turf,5.15,Spain,3.86,Basqueland Brewing,7.0,IPA - American,Can 440ml,440,11.7,IPA
X-Brewing Indo Gone Wild Firebreather Edition,5.15,Netherlands,2.34,X-brewing,5.5,Spiced / Herbed Beer,Can 440ml,440,11.7,Spiced / Herbed Beer
Bistro Pumpkin Pancakes,8.78,United States,3.71,Energy City Brewing,6.5,Sour - Fruited Berliner Weisse,Bottle 750ml,750,11.71,Sour
Bleue Grande Reserve,8.79,Belgium,3.9,Bières de Chimay,9.0,Belgian Strong Dark Ale,Bottle 750ml,750,11.72,Belgian Strong Dark Ale
Greek Fire,3.87,Czech Republic,3.75,Axiom Brewery,12.5,Stout - Russian Imperial,330ml,330,11.73,Stout
Coincer la bulle,8.8,France,4.18,La Montagnarde Sauvage,6.2,Wild Ale - Other,Bottle 750ml,750,11.73,Wild Ale
Paon du Jour,3.87,Belgium,3.78,La Source Beer Co.,5.0,Historical Beer - Gruit / Ancient Herbed Ale,330ml,330,11.73,Historical Beer
Robert-le-Diable,3.87,Belgium,3.69,La Source Beer Co.,4.6,Sour - Other,330ml,330,11.73,Sour
Gose,3.87,Italy,3.74,Ritual Lab,4.5,Sour - Other Gose,Can 330ml,330,11.73,Sour
Oude Geuze Devillé à l&apos;ancienne,4.4,Belgium,3.97,Den Herberg,6.7,Lambic - Gueuze,Bottle 375ml,375,11.73,Lambic
Struise Sint Amatus Reserva 2021,3.87,Belgium,3.86,De Struise Brouwers,10.5,Belgian Quadrupel,330ml,330,11.73,Belgian Quadrupel
Bourre Pif,8.8,France,3.91,Microbrasserie La Montagnarde,7.2,Grape Ale - Other,Bottle 750ml,750,11.73,Grape Ale
St Feuillien Cuvee de Noel,8.8,Belgium,3.48,Brasserie St-Feuillien,9.0,Winter Ale,Bottle 750ml,750,11.73,Winter Ale
Oerbier,3.87,Belgium,3.71,Brouwerij De Dolle Brouwers,9.0,Belgian Strong Dark Ale,330ml,330,11.73,Belgian Strong Dark Ale
Opera Fantastico,3.87,Belgium,3.58,Brasserie Surréaliste,6.7,IPA - American,330ml,330,11.73,IPA
Le Feu au Lac,8.8,France,3.98,Microbrasserie La Montagnarde,6.0,Grape Ale - Other,Bottle 750ml,750,11.73,Grape Ale
Session Yellow Haze,5.17,Hungary,3.89,Brew Your Mind,4.3,Pale Ale - American,Can 440ml,440,11.75,Pale Ale
Weiherer/Fat Head's Imperial IPA,5.89,Germany,3.47,Brauerei Kundmüller/ Fat Head's Brewery,9.0,IPA - Imperial / Double,500ml,500,11.78,IPA
Lervig Hoppy Holiday Haze Milkshake Pale Ale,5.89,Norway,3.73,LERVIG,4.7,Pale Ale - Milkshake,500ml,500,11.78,Pale Ale
Weiherer/Fat Head's Hopferla IPA,5.89,Germany,3.33,Brauerei Kundmüller/ Fat Head's Brewery,7.5,IPA - American,500ml,500,11.78,IPA
Kuehn Kunz Rosen Kuehnes Blondes Belgisches Wit,3.89,Germany,3.36,KUEHN KUNZ ROSEN,4.9,Wheat Beer - Witbier / Blanche,330ml,330,11.79,Wheat Beer
Fuchsteufelswuid Sour IPA,3.89,Germany,3.58,Hoppebräu,6.2,IPA - Sour,330ml,330,11.79,IPA
köbi BBA Bayerisch British Ale,3.89,Germany,3.18,köbi – Königsbrunner Biermanufaktur,5.7,Brown Ale - English,330ml,330,11.79,Brown Ale
Insel-Brauerei Summer Ale,3.89,Germany,3.18,Langeooger Inselbrauerei,4.2,IPA - Session,330ml,330,11.79,IPA
Tietje,3.89,Belgium,3.44,Brouwerij De Leite,7.5,Belgian Blonde,330ml,330,11.79,Belgian Blonde
Orca Brau Local IPA BIO,3.89,Germany,3.64,orca brau,6.5,IPA - Other,330ml,330,11.79,IPA
Disco Volante,3.89,Netherlands,3.44,Vet & Lazy,6.5,Stout - Milk / Sweet,330ml,330,11.79,Stout
Bommen & Granaten,3.89,Netherlands,3.82,Brouwerij de Molen,11.9,Barleywine - Other,330ml,330,11.79,Barleywine
Shuma IPA,3.89,Croatia,3.61,The Garden Brewery,6.0,IPA - American,330ml,330,11.79,IPA
Wuide Hehna Session IPA,3.89,Germany,3.47,Hoppebräu,4.1,IPA - Session,330ml,330,11.79,IPA
Mooi Weer IJsbeer,3.89,Netherlands,3.51,De Blauwe IJsbeer,8.0,Belgian Tripel,330ml,330,11.79,Belgian Tripel
Insel-Brauerei East Coast IPA,3.89,Germany,3.51,Rügener Insel-Brauerei,5.6,IPA - New England / Hazy,330ml,330,11.79,IPA
Wuidsau New England Pale Ale,3.89,Germany,3.44,Hoppebräu,5.6,Red Ale - American Amber / Red,330ml,330,11.79,Red Ale
Wacken Hymir Imperial Stout,3.89,Germany,3.11,Beer of the Gods - Wacken Brauerei,8.5,Stout - Imperial / Double,330ml,330,11.79,Stout
Wacken Walkürenschluck Nordic Strong Ale,3.89,Germany,3.3,Beer of the Gods - Wacken Brauerei,7.8,IPA - Imperial / Double,330ml,330,11.79,IPA
Insel-Brauerei Überseehopfen,3.89,Germany,3.28,Rügener Insel-Brauerei,5.6,IPA - Other,330ml,330,11.79,IPA
Heimathafen Grünhopfen IPA,3.89,Germany,3.55,Heimathafen - Erfurter Braumanufaktur,6.5,IPA - Other,330ml,330,11.79,IPA
Anniversary  6,3.89,Netherlands,3.88,Brouwerij Kees,10.0,Stout - Imperial / Double,330ml,330,11.79,Stout
Heel Holland Bockt 2024,3.89,Netherlands,3.6,Brouwerij Frontaal,7.5,Bock - Doppelbock,330ml,330,11.79,Bock
Catch Me By the Coconuts,3.89,Netherlands,3.81,Brouwerij Kees,11.9,Stout - Imperial / Double Pastry,330ml,330,11.79,Stout
Zware Jongen,3.89,Netherlands,3.62,Brouwerij Maallust,8.7,Belgian Tripel,330ml,330,11.79,Belgian Tripel
Steelyard Pale Ale,3.89,Germany,3.52,Buddelship Brauerei,5.6,Pale Ale - English,330ml,330,11.79,Pale Ale
Helles In Wonderland (Lager – Helles),3.89,Netherlands,3.45,Jopen,4.8,Lager - Helles,330ml,330,11.79,Lager
What´s your name,3.89,Germany,3.69,orca brau,8.5,Pumpkin / Yam Beer,330ml,330,11.79,Pumpkin / Yam Beer
Day Before,5.19,Latvia,3.89,Hopalaa,6.5,IPA - New England / Hazy,Can 440ml,440,11.8,IPA
Deya Session Pils,5.9,England,3.47,DEYA Brewing Company,3.4,Pilsner - Other,Can 500ml,500,11.8,Pilsner
Ambient Drop,5.9,England,3.74,Baron Brewing,3.2,Pale Ale - New England / Hazy,Can 500ml,500,11.8,Pale Ale
Hazy Discovery Montpellier - Hazy IPA,5.9,Poland,3.96,Browar PINTA,6.5,IPA - New England / Hazy,500ml,500,11.8,IPA
Siren Project Barista 2024 - Dry Bones,5.19,England,3.63,Siren Craft Brew,6.6,IPA - Brut,Can 440ml,440,11.8,IPA
Ecliptic DIPA,5.19,Sweden,4.08,Apex Brewing Company,8.0,IPA - Imperial / Double New England / Hazy,Can 440ml,440,11.8,IPA
Run Wild IPA Alkoholfrei,4.19,United States,3.37,Athletic Brewing Company,0.5,Non-Alcoholic - IPA,355ml,355,11.8,Non-Alcoholic
Uvala House Sour Berliner Weisse,5.19,Croatia,3.54,The Garden Brewery,3.5,Sour - Other,Can 440ml,440,11.8,Sour
Upside Dawn Golden Alkoholfrei,4.19,United States,3.26,Athletic Brewing Company,0.5,Non-Alcoholic - Other,355ml,355,11.8,Non-Alcoholic
Day After,5.19,Latvia,4.0,Hopalaa,6.8,IPA - New England / Hazy,Can 440ml,440,11.8,IPA
Lander,5.9,Italy,3.53,Birrificio Agricolo Sorio,6.2,Farmhouse Ale - Saison,500ml,500,11.8,Farmhouse Ale
Siren The Piña Colada Beer,5.19,England,3.61,Siren Craft Brew,6.0,Sour - Fruited,Can 440ml,440,11.8,Sour
Aoraki,5.19,Latvia,3.95,Hopalaa,6.7,IPA - New England / Hazy,Can 440ml,440,11.8,IPA
Dank N Juicy,5.19,Latvia,3.97,Hopalaa,6.8,IPA - New England / Hazy,Can 440ml,440,11.8,IPA
Sugaar 2024,5.19,Spain,3.99,Basqueland Brewing,6.2,IPA - New England / Hazy,Can 440ml,440,11.8,IPA
Craft Beer – Mama Whipa,5.19,France,3.77,Les Intenables - Craft Beer -,6.0,IPA - White / Wheat,Can 440ml,440,11.8,IPA
For the Love of Hops ‘Indigo',5.19,Netherlands,3.8,Brouwerij Frontaal,9.5,IPA - Triple,Can 440ml,440,11.8,IPA
Unverhopft x Zehlendorf Lichtenfelder Zehli Berlin Pale Ale,5.19,Germany,3.81,Unverhopft,5.2,Pale Ale - Other,Can 440ml,440,11.8,Pale Ale
CLAPSTICKS,5.19,Spain,3.8,Garage Beer Co.,7.0,IPA - Other,Can 440ml,440,11.8,IPA
MODELK-52,5.19,Spain,3.98,Garage Beer Co.,7.0,IPA - New England / Hazy,Can 440ml,440,11.8,IPA
Thunderstruck,5.19,Netherlands,3.88,Rock City Brewing,8.0,IPA - Imperial / Double New England / Hazy,Can 440ml,440,11.8,IPA
Project X: Urban Solace,5.19,United States,3.86,Mother Earth Brewing Company,7.2,IPA - New England / Hazy,Can 440ml,440,11.8,IPA
Motor Oil,5.19,Netherlands,3.79,Moersleutel Craft Brewery,12.0,Stout - Russian Imperial,Can 440ml,440,11.8,Stout
Glam Superstar,5.2,France,3.94,The Piggy Brewing Company,6.0,IPA - New Zealand,Can 440ml,440,11.82,IPA
Northern Coke V2,5.2,France,3.9,The Piggy Brewing Company,6.0,IPA - New England / Hazy,Can 440ml,440,11.82,IPA
Crazy Lines #56: Sabro vs. Talus,5.91,Poland,3.95,Browar Nepomucen,7.0,IPA - Imperial / Double New England / Hazy,500ml,500,11.82,IPA
The Goat – Bock Beer,3.9,Netherlands,3.39,Brouwerij Kees,6.5,Bock - Single / Traditional,Can 330ml,330,11.82,Bock
Peckham Session,3.9,England,3.62,Brick Brewery,4.2,IPA - Session,Can 330ml,330,11.82,IPA
Floccus Sour IPA,5.2,Poland,3.96,Browar Stu Mostów,5.6,IPA - Sour,Can 440ml,440,11.82,IPA
XMAS Monk - Weihnachtsdubbel,3.9,Germany,3.79,KUEHN KUNZ ROSEN,7.5,Belgian Dubbel,330ml,330,11.82,Belgian Dubbel
Bourgogne des Flandres- Roodbruin Bier,3.9,Belgium,3.52,Brewery John Martin & Brewery Timmermans,5.0,Sour - Flanders Red Ale,330ml,330,11.82,Sour
Walhalla Divona,5.2,Netherlands,3.43,Walhalla Brouwerij & Proeflokaal,5.8,Sour - Fruited,Can 440ml,440,11.82,Sour
Horizont Rebel Berry,3.9,Hungary,3.57,HORIZONT Brewing,4.5,Sour - Fruited,Can 330ml,330,11.82,Sour
MPU IPA,3.9,Germany,3.05,Munich Brew Mafia,0.4,Non-Alcoholic - IPA,330ml,330,11.82,Non-Alcoholic
Neid - Heller Bock,3.9,Germany,3.57,Munich Brew Mafia,6.7,Bock - Hell / Maibock / Lentebock,330ml,330,11.82,Bock
Frischer Traum,3.9,Germany,3.49,Kehrwieder Kreativbrauerei/ Riedenburger Brauhaus,5.7,Pale Ale - American,330ml,330,11.82,Pale Ale
No Brainer Double IPA,3.9,Germany,4.06,orca brau,7.5,IPA - Imperial / Double New England / Hazy,330ml,330,11.82,IPA
Trappistes Rochefort 10,3.9,Belgium,4.05,Abbaye Notre-Dame de Saint-Rémy,11.3,Belgian Quadrupel,330ml,330,11.82,Belgian Quadrupel
Tectonic,5.2,England,3.72,Infinity Brewing Company,4.6,Pale Ale - New England / Hazy,Can 440ml,440,11.82,Pale Ale
Alphageddon (2024),5.2,Netherlands,3.88,Rock City Brewing,8.0,IPA - Imperial / Double,Can 440ml,440,11.82,IPA
Brusseleir,3.9,Belgium,3.48,Brasserie de la Senne,8.0,IPA - Black / Cascadian Dark Ale,330ml,330,11.82,IPA
Pohjala Old World Blues,5.2,Estonia,3.68,Põhjala,6.0,IPA - New England / Hazy,Can 440ml,440,11.82,IPA
Chapter 10: Raspberry Beeret,3.9,Nederland,3.39,Jopen,7.8,stout,330ml,330,11.82,stout
Völlerei,3.9,Germany,3.03,Munich Brew Mafia,6.5,Bock - Single / Traditional,330ml,330,11.82,Bock
Jambe De Bois,3.9,Belgium,3.56,Brasserie de la Senne,8.0,Belgian Tripel,330ml,330,11.82,Belgian Tripel
Irmgard,3.9,Germany,3.55,Schneeeule,3.5,Sour - Fruited Berliner Weisse,330ml,330,11.82,Sour
Hot Irmi,3.9,Germany,3.54,Schneeeule,3.0,Chilli / Chile Beer,330ml,330,11.82,Chilli / Chile Beer
De Moersleutel Fruit Blizzard,5.2,Netherlands,3.71,Moersleutel Craft Brewery,5.5,IPA - New England / Hazy,Can 440ml,440,11.82,IPA
Santa & Rudolph,3.9,Netherlands,3.24,Brouwerij de Molen,7.3,Winter Ale,330ml,330,11.82,Winter Ale
Small Steps,5.2,England,3.61,Three Hills Brewing,4.0,IPA - Session,Can 440ml,440,11.82,IPA
Triple Tart Triangle,3.9,Netherlands,3.45,Dutch Bargain,6.2,Sour - Fruited,330ml,330,11.82,Sour
Juicy Joker New England IPA,3.9,Netherlands,3.5,KOMPAAN Dutch Craft Beer Company,6.0,IPA - New England / Hazy,Can 330ml,330,11.82,IPA
Poolside,3.9,Netherlands,3.84,Dutch Bargain,9.8,IPA - Triple New England / Hazy,330ml,330,11.82,IPA
Balcony Bonfire At Your Bnb,5.2,Netherlands,3.58,Uiltje Brewing Company,5.0,IPA - White / Wheat,Can 440ml,440,11.82,IPA
De Molen Hop & Hibiscus,3.9,Netherlands,3.67,Brouwerij de Molen,8.5,IPA - Imperial / Double,330ml,330,11.82,IPA
Lithuanian Pilsner,3.9,Lithuania,3.33,Sakiškės Brewery// Sakiškių Alus,4.7,Pilsner - Other,330ml,330,11.82,Pilsner
Loc Brewery 84,3.9,Netherlands,3.64,LOC Brewery,10.5,Stout - Russian Imperial,330ml,330,11.82,Stout
Walhalla Toci,3.9,Netherlands,3.43,Walhalla Brouwerij & Proeflokaal,3.5,Sour - Fruited,330ml,330,11.82,Sour
Existential,5.2,England,3.62,Siren Craft Brew,4.8,Pale Ale - XPA (Extra Pale),Can 440ml,440,11.82,Pale Ale
De Molen Tropic & Phantasm,3.9,Netherlands,3.17,Brouwerij de Molen,7.5,IPA - New England / Hazy,330ml,330,11.82,IPA
De Molen Sinaasappel & Limoen,3.9,Netherlands,3.35,Brouwerij de Molen,7.5,Sour - Fruited Gose,330ml,330,11.82,Sour
Granitbock,3.9,Austria,3.58,Brauerei Hofstetten,7.3,Historical Beer - Steinbier,330ml,330,11.82,Historical Beer
Baltic Barista,3.9,Germany,3.38,BRLO,7.0,Porter - Coffee,330ml,330,11.82,Porter
zeroLabs Unfiltered 0.0,3.9,Germany,3.59,Zero Labs GmbH,19.5,Non-Alcoholic - Other,330ml,330,11.82,Non-Alcoholic
Umibōzu 2022,3.9,Poland,3.98,Funky Fluid,11.0,Porter - Imperial / Double Baltic,330ml,330,11.82,Porter
Walhalla Pekko,3.9,Netherlands,3.43,Walhalla Brouwerij & Proeflokaal,5.0,Sour - Fruited,330ml,330,11.82,Sour
Helge,3.9,Estonia,3.55,Põhjala,5.0,Gluten-Free,330ml,330,11.82,Gluten-Free
Arctic Circles,3.9,Norway,3.82,Bådin,6.5,IPA - New England / Hazy,330ml,330,11.82,IPA
Gateway NEDIPA,3.9,Netherlands,3.75,Baxbier,8.0,IPA - Imperial / Double New England / Hazy,330ml,330,11.82,IPA
Zeefruit,3.9,Netherlands,3.39,Brouwerij Homeland,4.7,Sour - Fruited Gose,330ml,330,11.82,Sour
Mystique IPA,3.9,Germany,3.61,KUEHN KUNZ ROSEN,7.0,IPA - American,330ml,330,11.82,IPA
Resist (Limited Edition),3.9,België,3.42,"Gebrouwen bij BRAUW, Microbrouwers Syntra",10.7,"Imperial Stout, Stout",330ml,330,11.82,"Imperial Stout, Stout"
Gamma Ray,3.9,England,3.72,Beavertown,5.4,Pale Ale - American,330ml,330,11.82,Pale Ale
Solitaire,3.9,Norway,3.64,Bådin,6.5,IPA - New England / Hazy,330ml,330,11.82,IPA
De Moersleutel Hazy Nebula,5.2,Netherlands,3.73,Moersleutel Craft Brewery,6.0,IPA - New England / Hazy,Can 440ml,440,11.82,IPA
Lassi Josh,3.9,France,3.7,Brasserie MX,7.5,Blonde / Golden Ale - Other,330ml,330,11.82,Blonde / Golden Ale
Inca-Pabel,3.9,Netherlands,3.31,Brouwerij Vals Plat,6.2,Belgian Blonde,330ml,330,11.82,Belgian Blonde
Mine!,5.2,Romania,3.52,Bereta Brewing Co.,5.0,Pilsner - Other,Can 440ml,440,11.82,Pilsner
Cary'd Away,5.2,England,3.78,Neon Raptor Brewing Co.,5.0,IPA - American,Can 440ml,440,11.82,IPA
Bière d'Hiver,3.9,France,,Blue Coast Brewing Company,6.3,Winter Ale,330ml,330,11.82,Winter Ale
Winter Honey Ale,3.9,Spain,,Cervesa Espiga,6.3,Non-Alcoholic - Porter / Stout,330ml,330,11.82,Non-Alcoholic
Brussels Calling,3.9,Belgium,3.53,Brasserie de la Senne,6.5,IPA - Belgian,330ml,330,11.82,IPA
Seaview,5.91,Romania,3.95,Hop Hooligans,6.0,IPA - New England / Hazy,Can 500ml,500,11.82,IPA
Holiday Horror Stories – Jasmine & Lime Session Ale,3.9,Netherlands,3.29,Uiltje Brewing Company,4.2,Pale Ale - Fruited,Can 330ml,330,11.82,Pale Ale
Black Treats,3.9,Netherlands,3.87,Brouwerij De Man/ Galea Craft Beers,11.0,Stout - Imperial / Double Pastry,330ml,330,11.82,Stout
Prenzlauer 0 Non-Alcoholic Sour,3.9,Estonia,3.17,Põhjala,0.5,Non-Alcoholic - Sour,330ml,330,11.82,Non-Alcoholic
St. Feuillien Blonde,3.9,Belgium,3.49,Brasserie St-Feuillien,7.5,Belgian Strong Golden Ale,330ml,330,11.82,Belgian Strong Golden Ale
Wahoo IPA,3.9,Netherlands,3.63,De Kromme Haring,6.0,IPA - American,Can 330ml,330,11.82,IPA
GoGo Grapefruit Session IPA Blik Glutenvrij,3.9,Netherlands,3.15,Gebrouwen Door Vrouwen,3.0,IPA - Session,330ml,330,11.82,IPA
Yorkshire Stingo,6.5,England,3.82,Samuel Smith,8.0,Strong Ale - English,550ml,550,11.82,Strong Ale
Imperial Stout,3.9,Belgium,3.54,Brouwerij Broers,10.0,Stout - Russian Imperial,330ml,330,11.82,Stout
Black Oxx,3.9,Netherlands,3.74,Mannenpap,10.2,Stout - Russian Imperial,330ml,330,11.82,Stout
"Nostalgia Collection ""Eierbrikettenpers""",3.9,Belgium,3.6,Brouwerij Kompel,8.0,Bock - Doppelbock,330ml,330,11.82,Bock
Harvest Ale #4: Pilgrimage,5.2,England,3.81,Track Brewing Company,4.0,Mild - Dark,Can 440ml,440,11.82,Mild
The Pleasures of Conformity & the Importance of Trends,5.2,England,3.87,Pomona Island Brew Co.,5.3,Pale Ale - English,Can 440ml,440,11.82,Pale Ale
Easy Peasy Pilsner,3.9,Denmark,3.22,Mikkeller,0.3,Non-Alcoholic - Lager,330ml,330,11.82,Non-Alcoholic
Père de Noel,3.9,Belgium,3.45,Brouwerij De Ranke,7.0,Winter Ale,330ml,330,11.82,Winter Ale
Kompaan Battle Royale Ale Bait,5.2,Netherlands,3.51,KOMPAAN Dutch Craft Beer Company,4.0,IPA - Session,Can 440ml,440,11.82,IPA
Maverick Monk,3.9,Netherlands,3.62,KOMPAAN Dutch Craft Beer Company,8.4,Belgian Tripel,330ml,330,11.82,Belgian Tripel
Soundwave,3.9,England,3.72,Siren Craft Brew,5.6,IPA - American,Can 330ml,330,11.82,IPA
Schrille Nacht,3.9,Germany,3.63,KUEHN KUNZ ROSEN/ Schwarze Rose,6.8,IPA - Other,330ml,330,11.82,IPA
Tingling Tilly  Summer Blond,3.9,Netherlands,3.1,Waterland Brewery,6.0,Spiced / Herbed Beer,Can 330ml,330,11.82,Spiced / Herbed Beer
Daily Grind #1,5.2,Netherlands,3.58,Moersleutel Craft Brewery,6.0,Stout - Coffee,Can 440ml,440,11.82,Stout
"Effet Papillon | Double Belge | 7,5%",3.9,France,3.57,Effet Papillon,7.5,Belgian Dubbel,330ml,330,11.82,Belgian Dubbel
Pieremegoggel,3.9,Netherlands,3.39,Brouwerij Homeland,5.9,Farmhouse Ale - Saison,330ml,330,11.82,Farmhouse Ale
CYCT - Rotation,5.2,Netherlands,3.83,Moersleutel Craft Brewery,6.5,IPA - New England / Hazy,Can 440ml,440,11.82,IPA
Zuli Melarya Chmiel,3.9,Poland,3.59,Zuli Miodosytnia Warmińska,5.4,Mead - Session / Short,330ml,330,11.82,Mead
Zuli Melarya Imbir,3.9,Poland,3.9,Zuli Miodosytnia Warmińska,6.2,Mead - Session / Short,330ml,330,11.82,Mead
Gebrouwen Om Te Trouwen,3.9,Netherlands,3.63,Gebrouwen Door Vrouwen,6.3,Belgian Blonde,330ml,330,11.82,Belgian Blonde
Rosinenbomber,3.9,Germany,3.73,BRLO/ LERVIG,12.0,Stout - Imperial / Double,330ml,330,11.82,Stout
Heavy Cross TIPA,3.9,Netherlands,3.68,Jopen,10.0,IPA - Triple,330ml,330,11.82,IPA
Floris Apple,3.9,Belgium,3.3,Delirium - Huyghe Brewery,3.6,Fruit Beer,330ml,330,11.82,Fruit Beer
Wave Crusher,5.91,Romania,3.92,Hop Hooligans,6.0,Pilsner - Other,Can 500ml,500,11.82,Pilsner
Endless Summer,5.2,England,3.68,Black Iris Brewery,4.5,IPA - Session,Can 440ml,440,11.82,IPA
Chantico,3.9,Netherlands,3.64,Walhalla Brouwerij & Proeflokaal,6.5,IPA - American,330ml,330,11.82,IPA
Spirals Within Spirals,5.91,Romania,3.93,Hop Hooligans,6.0,IPA - New England / Hazy,Can 500ml,500,11.82,IPA
100 PAP Bio,3.9,Belgium,3.43,Brasserie de la Senne,6.0,Pale Ale - Belgian,330ml,330,11.82,Pale Ale
Harvest Ale #3: Auburn,5.2,England,3.82,Track Brewing Company,4.9,Bitter - Best,Can 440ml,440,11.82,Bitter
Hop Hooligans / Maktoob - Emergency Meeting,5.91,Romania,3.9,Hop Hooligans,6.0,IPA - New England / Hazy,Can 500ml,500,11.82,IPA
Drink'in the Sun Wheat Ale,3.9,Denmark,3.24,Mikkeller,0.3,Non-Alcoholic - Wheat,330ml,330,11.82,Non-Alcoholic
Bon Chef,3.9,Netherlands,3.62,Two Chefs Brewing,5.0,IPA - New England / Hazy,330ml,330,11.82,IPA
Muifel Bockski,3.9,Netherlands,3.4,Muifelbrouwerij,10.6,Bock - Doppelbock,330ml,330,11.82,Bock
Playground - Alkoholfreies IPA,3.9,Netherlands,3.33,vandeStreek bier,0.5,Non-Alcoholic - IPA,330ml,330,11.82,Non-Alcoholic
Fire & Ball,3.9,Netherlands,3.37,Brouwerij de Molen,7.5,IPA - New England / Hazy,330ml,330,11.82,IPA
Brouwersnos Tweeduuster,3.9,Netherlands,3.37,Brouwersnös,7.3,Belgian Dubbel,330ml,330,11.82,Belgian Dubbel
Beer RIBA Pils,3.9,Spain,3.45,Garage Beer Co.,5.0,Pilsner - German,330ml,330,11.82,Pilsner
Sunset Showdown,5.91,Romania,3.82,Hop Hooligans,6.0,Pilsner - Other,Can 500ml,500,11.82,Pilsner
Cidre Rose,3.9,Belgium,3.54,Wignac,4.5,Cider - Rosé,330ml,330,11.82,Cider
La Trappe Witte,3.9,Netherlands,3.6,Bierbrouwerij De Koningshoeven,5.5,Wheat Beer - Witbier / Blanche,330ml,330,11.82,Wheat Beer
Trainspotting Berlin,3.9,Germany,3.68,Brauerei Lemke,5.2,Pale Ale - Other,330ml,330,11.82,Pale Ale
8th AB - El Niño De Tijuana,5.91,Serbia,3.55,Dogma Brewery,4.5,Lager - Mexican,500ml,500,11.82,Lager
Wanderlust,3.9,Germany,3.71,orca brau,5.6,Pale Ale - American,330ml,330,11.82,Pale Ale
Floris Kriek,3.9,Belgium,3.53,Delirium - Huyghe Brewery,3.6,Wheat Beer - Fruited,330ml,330,11.82,Wheat Beer
Hop Art,3.9,Netherlands,3.41,vandeStreek bier,5.0,IPA - American,330ml,330,11.82,IPA
Buckwheat White Beer (Gluten Free),3.9,Belgium,3.13,Mongozo,4.8,Gluten-Free,330ml,330,11.82,Gluten-Free
Wijerse blonde,3.9,Belgium,3.28,Tom's Brouwerij,9.0,Belgian Tripel,330ml,330,11.82,Belgian Tripel
Vedett Extra Blonde,3.9,Belgium,3.27,Duvel Moortgat,5.2,Pilsner - Other,330ml,330,11.82,Pilsner
Here comes the sun,3.9,Germany,3.76,orca brau,6.5,IPA - Milkshake,330ml,330,11.82,IPA
Pohjala / Stillwater - Rännak,3.9,Estonia,3.63,Põhjala,4.5,Sour - Other Gose,Can 330ml,330,11.82,Sour
Floris Peche,3.9,Belgium,3.3,Delirium - Huyghe Brewery,3.6,Fruit Beer,330ml,330,11.82,Fruit Beer
Floris Mango,3.9,Belgium,3.35,Delirium - Huyghe Brewery,3.6,Fruit Beer,330ml,330,11.82,Fruit Beer
10th Anniversary TDH New England Dipa,5.2,Poland,3.94,Browar Stu Mostów,7.0,Sour - Fruited,Can 440ml,440,11.82,Sour
De Molen Fire & Ball,3.9,Netherlands,3.37,Brouwerij de Molen,7.5,IPA - New England / Hazy,330ml,330,11.82,IPA
Verbena Love Filter,5.2,France,4.05,Mogwaï Beer Company,1.2,Sour - Other,Can 440ml,440,11.82,Sour
St. Bernardus Wit Witbier,3.9,Belgium,3.58,Brouwerij St.Bernardus,5.5,Wheat Beer - Witbier / Blanche,330ml,330,11.82,Wheat Beer
Lug Rousse,3.9,France,3.25,La Brasserie des Voirons / LUG,6.0,Red Ale - Irish,330ml,330,11.82,Red Ale
Thriving Metropolis #3 W/ Riwaka & Columbus,5.59,United States,3.98,Breakside Brewery,7.0,IPA - Other,473ml,473,11.82,IPA
Wanderlust,5.59,United States,3.89,Breakside Brewery,6.2,IPA - American,473ml,473,11.82,IPA
What Rough Beast,5.59,United States,4.0,Breakside Brewery,6.8,IPA - New England / Hazy,473ml,473,11.82,IPA
Oma Lene,3.9,Germany,3.31,Mashsee Brauerei,6.6,Winter Ale,330ml,330,11.82,Winter Ale
Haze 'n Shine,3.9,Netherlands,3.48,Dutch Bargain,5.8,IPA - White / Wheat,330ml,330,11.82,IPA
Floris Passionfruit,3.9,Belgium,3.44,Delirium - Huyghe Brewery,3.6,Fruit Beer,330ml,330,11.82,Fruit Beer
Christmas Ale,3.9,Belgium,3.86,Brouwerij St.Bernardus,10.0,Winter Ale,330ml,330,11.82,Winter Ale
Rook & Rogge,3.9,Netherlands,3.58,Brouwerij de Molen,7.5,IPA - Rye,330ml,330,11.82,IPA
Blackout Madness (BOM),3.9,Netherlands,3.81,Mannenpap,9.5,Stout - Russian Imperial,330ml,330,11.82,Stout
Gose with Raspberries,3.9,Lithuania,3.52,Sakiškės Brewery// Sakiškių Alus,3.5,Sour - Fruited Gose,330ml,330,11.82,Sour
"N'Ice Chouffe 0,33l",3.9,Belgium,3.66,Brasserie d'Achouffe,10.0,Winter Ale,330ml,330,11.82,Winter Ale
Chocolate Stout,4.2,England,4.04,Samuel Smith,5.0,Stout - Other,355ml,355,11.83,Stout
Hazy Pale: Non Alcoholic,4.2,Canada,3.55,Collective Arts Brewing,0.4,Non-Alcoholic - Pale Ale,Can 355ml,355,11.83,Non-Alcoholic
Coronado - Salty Crew,4.2,United States,3.53,Coronado Brewing Company,4.5,Blonde / Golden Ale - American,355ml,355,11.83,Blonde / Golden Ale
Organic Apricot Fruit Beer,4.2,England,3.47,Melbourn Bros’ All Saints Brewery,5.1,Fruit Beer,Bottle 355ml,355,11.83,Fruit Beer
Organic Strawberry Fruit Beer,4.2,England,3.71,Melbourn Bros’ All Saints Brewery,5.1,Fruit Beer,Bottle 355ml,355,11.83,Fruit Beer
Mithras,4.2,Canada,3.73,Revel Cider Company,6.7,Cider - Traditional / Apfelwein,355ml,355,11.83,Cider
Sonata,4.2,Canada,3.79,Revel Cider Company,6.5,Cider - Dry,355ml,355,11.83,Cider
Organic Cherry Fruit Beer,4.2,England,3.71,Melbourn Bros’ All Saints Brewery,5.1,Fruit Beer,Bottle 355ml,355,11.83,Fruit Beer
Ostara,4.2,Canada,3.68,Revel Cider Company,6.6,Cider - Other Fruit,355ml,355,11.83,Cider
Mooie Madam Dubbel,3.55,Netherlands,3.4,Brouwerij Maallust,7.0,Belgian Dubbel,300ml,300,11.83,Belgian Dubbel
Organic Raspberry Fruit Beer,4.2,England,3.78,Melbourn Bros’ All Saints Brewery,5.1,Fruit Beer,Bottle 355ml,355,11.83,Fruit Beer
Back In The Dayz,5.21,Denmark,3.81,Mikkeller,10.0,IPA - Triple,Can 440ml,440,11.84,IPA
Fruitshake Guava & Papaya & Passion Fruit,5.21,Latvia,3.73,Hopalaa,7.0,IPA - Milkshake,Can 440ml,440,11.84,IPA
Pink Boots,5.21,Latvia,3.78,Hopalaa,7.0,IPA - American,Can 440ml,440,11.84,IPA
Cherry & Vanilla Farmhouse Sour,5.21,Latvia,3.8,Hopalaa,7.0,Farmhouse Ale - Other,Can 440ml,440,11.84,Farmhouse Ale
Solstice d'Eté Cerise,5.6,Canada,3.83,Brasserie Dieu du Ciel!,5.9,Sour - Fruited Berliner Weisse,473ml,473,11.84,Sour
Solstice d'Eté Framboise,5.6,Canada,4.03,Brasserie Dieu du Ciel!,5.9,Sour - Fruited Berliner Weisse,473ml,473,11.84,Sour
Vegan Vons,5.21,Netherlands,3.89,Moersleutel Craft Brewery,11.0,Stout - Imperial / Double Pastry,Can 440ml,440,11.84,Stout
Solstice d'Eté 3 Fruits,5.6,Canada,3.84,Brasserie Dieu du Ciel!,5.9,Sour - Fruited Berliner Weisse,473ml,473,11.84,Sour
Talus Twist,5.21,Latvia,3.91,Hopalaa,7.0,IPA - Other,Can 440ml,440,11.84,IPA
Hop Harvest 2023,8.89,Belgium,3.69,Brouwerij De Ranke,5.5,IPA - Belgian,Bottle 750ml,750,11.85,IPA
Shady Sushi,5.93,Romania,3.7,Hop Hooligans,6.5,IPA - New England / Hazy,Can 500ml,500,11.86,IPA
Fantome Pissenlit,8.9,Belgium,3.75,Brasserie Fantôme,8.0,Farmhouse Ale - Saison,Bottle 750ml,750,11.87,Farmhouse Ale
Table d'émeraude,3.92,Belgium,3.65,L'Ermitage,5.2,Farmhouse Ale - Bière de Coupage,330ml,330,11.88,Farmhouse Ale
Funky Fluid / Slice Beer Company Slice of Life,5.94,Poland,3.86,Funky Fluid,6.5,IPA - New England / Hazy,500ml,500,11.88,IPA
Kriek (2022),4.46,Belgium,3.64,Brouwerij Boon,4.0,Lambic - Kriek,Bottle 375ml,375,11.89,Lambic
The Piggy Brewing Idealista,5.23,France,4.01,The Piggy Brewing Company,8.0,IPA - Imperial / Double New England / Hazy,Can 440ml,440,11.89,IPA
For The Love Of Hops Azure,5.23,Netherlands,3.83,Brouwerij Frontaal,8.0,IPA - Imperial / Double New England / Hazy,Can 440ml,440,11.89,IPA
Rock City / Frontaal Frontal Blizzard,5.23,Netherlands,3.66,Rock City Brewing,5.5,IPA - Cold,Can 440ml,440,11.89,IPA
Sibeeria / Moor Beer / Demory Paris Heart to Heart to Heart,5.95,Czech Republic,3.8,Sibeeria,6.5,IPA - American,500ml,500,11.9,IPA
RIWAKA,5.95,Netherlands,3.91,Brouwerij LOST,6.5,IPA - New England / Hazy,500ml,500,11.9,IPA
NECTARON,5.95,Netherlands,3.95,Brouwerij LOST,6.5,IPA - New England / Hazy,500ml,500,11.9,IPA
Highway to Hell – Rye IPA – Collab Black Rebell Brewing – The Barn Brewing,5.95,Czech Republic,3.95,The Barn Beer Co.,6.5,IPA - New England / Hazy,500ml,500,11.9,IPA
Shock Therapy v54,5.95,Romania,3.65,Hop Hooligans,6.5,IPA - American,500ml,500,11.9,IPA
Orchard Gold Welsh Cider medium,5.95,Wales,3.61,Gwynt y Ddraig,4.9,Cider - Traditional / Apfelwein,500ml,500,11.9,Cider
Emergency Meeting (Maktoob collaboration),5.95,Romania,3.9,Hop Hooligans,6.0,IPA - New England / Hazy,500ml,500,11.9,IPA
Stairway to Heaven – West Coast Pilsner – Collab Black Rebell + The Barn Brewing,5.95,Czech Republic,3.98,The Barn Beer Co.,4.8,Lager - IPL (India Pale Lager),500ml,500,11.9,Lager
Juicebox – DDH Double IPA – Collab Tankbusters – Black Rebell Brewing,5.95,Belgium,3.92,Black Rebell Brewing,8.4,DDH Double IPA,500ml,500,11.9,DDH Double IPA
Green Machine – DDH IPA – Collab Black Rebell Brewing – Tankbusters,5.95,Poland,3.7,TankBusters.Co,6.5,IPA - New England / Hazy,500ml,500,11.9,IPA
Bock Lord Hallelujah – Bock mit Trüffeln,5.95,Poland,3.23,Magic Road,7.4,Bock - Doppelbock,500ml,500,11.9,Bock
Dead Zeppelin,5.95,Romania,4.33,Clandestin Beer,7.0,Sour - Smoothie / Pastry,500ml,500,11.9,Sour
Lament,5.95,Poland,3.84,Ziemia Obiecana,7.0,IPA - Imperial / Double New England / Hazy,500ml,500,11.9,IPA
Punk Floyd,5.95,Romania,3.93,Clandestin Beer,7.0,Sour - Smoothie / Pastry,500ml,500,11.9,Sour
Holly GoLightly Rosé Cider,5.95,England,3.41,Celtic Marches,0.5,Cider - Rosé,500ml,500,11.9,Cider
Devon Mist Sparkling Cider,5.95,England,3.54,Sandford Orchards,4.5,Cider - Traditional / Apfelwein,500ml,500,11.9,Cider
Sweet Cider,5.95,England,3.55,Henney's,5.7,Cider - Sweet,500ml,500,11.9,Cider
Breaking Good,5.95,Poland,3.73,Funky Fluid,6.3,IPA - American,500ml,500,11.9,IPA
Black Fox Slightly Dry Cider BIO,5.95,England,3.53,Dunkertons,6.8,Cider - Dry,500ml,500,11.9,Cider
Pulp Apple Cider,5.95,England,3.36,PULP,0.5,Cider - Dry,500ml,500,11.9,Cider
Space Cake,5.95,Romania,,Clandestin Beer,10.0,Stout - Imperial / Double Pastry,500ml,500,11.9,Stout
STINKY,5.95,Romania,3.67,Clandestin Beer,5.6,IPA - American,500ml,500,11.9,IPA
DOPAMINE,5.95,Netherlands,4.04,Brouwerij LOST,8.0,IPA - Imperial / Double New England / Hazy,500ml,500,11.9,IPA
Sprinter,5.95,Poland,3.87,Browarny Craft Beer,7.0,IPA - Imperial / Double New England / Hazy,500ml,500,11.9,IPA
Buried In Riches,5.95,Romania,3.85,Hop Hooligans,6.0,IPA - New England / Hazy,500ml,500,11.9,IPA
Elvenberry,3.93,Hungary,3.28,Mad Scientist,2.5,Sour - Fruited,330ml,330,11.91,Sour
White Tree Pale,3.93,Hungary,3.5,Mad Scientist,5.2,Pale Ale - New Zealand,330ml,330,11.91,Pale Ale
Projectile,5.24,Denmark,3.66,Gamma Brewing Company,5.0,Pale Ale - New England / Hazy,Can 440ml,440,11.91,Pale Ale
Little Doink,5.24,Denmark,3.59,Gamma Brewing Company,4.0,IPA - Session,Can 440ml,440,11.91,IPA
Gamma / Schwarze Rose Snake Belly,5.24,Denmark,3.56,Gamma Brewing Company,6.5,IPA - American,Can 440ml,440,11.91,IPA
Lièvre,3.93,Belgium,3.71,La Source Beer Co.,6.5,IPA - American,330ml,330,11.91,IPA
Chocomas Party,3.93,France,3.91,The Piggy Brewing Company,11.5,Stout - Imperial / Double,330ml,330,11.91,Stout
Demon Head,3.93,Belgium,3.72,La Source Beer Co.,6.3,IPA - Black / Cascadian Dark Ale,330ml,330,11.91,IPA
New & Improved! GBG,5.24,Sweden,3.93,Stigbergets Bryggeri,6.5,IPA - New England / Hazy,Can 440ml,440,11.91,IPA
"The Kimmie, The Yink and The Holy Gose",3.99,United States,3.59,Anderson Valley Brewing Company,4.2,Sour - Traditional Gose,335ml,335,11.91,Sour
Dwarven Forge,3.93,Hungary,2.79,Mad Scientist,6.0,Stout - Oatmeal,330ml,330,11.91,Stout
Resisting Static,5.25,England,3.93,Left Handed Giant Brewing,6.5,IPA - New England / Hazy,Can 440ml,440,11.93,IPA
The Mighty Nineties Ravemachine,5.25,Germany,3.93,Sudden Death Brewing Co.,7.2,IPA - American,Can 440ml,440,11.93,IPA
Fruit Press – NEIPA,5.25,Netherlands,3.74,Moersleutel Craft Brewery,5.0,IPA - New England / Hazy,Can 440ml,440,11.93,IPA
Tor Of Duty (IPA Red),5.25,England,3.55,Buxton Brewery,5.7,IPA - Red,Can 440ml,440,11.93,IPA
Gouden Carolus Cuvee van de Keizer Blauw (Imperial Dark),8.95,Belgium,4.05,Brouwerij Het Anker,11.0,Belgian Strong Dark Ale,Bottle 750ml,750,11.93,Belgian Strong Dark Ale
Blonde Snol,8.95,Netherlands,3.52,Het Dijkhuis,8.5,Blonde / Golden Ale - Other,Bottle 750ml,750,11.93,Blonde / Golden Ale
Mahut – Red Ale,5.25,Luxembourg,3.39,Totenhopfen Brauhaus,5.1,Red Ale - Irish,Can 440ml,440,11.93,Red Ale
Trouble Sleep,5.25,Sweden,3.79,Stigbergets Bryggeri,12.0,Stout - Imperial / Double Coffee,Can 440ml,440,11.93,Stout
Cream Of The Crop,5.25,England,3.53,Buxton Brewery,3.4,Pale Ale - New England / Hazy,Can 440ml,440,11.93,Pale Ale
Baladin Elixir,8.95,Italy,3.73,BIRRIFICIO AGRICOLO BALADIN - Baladin Indipendente Italian Farm Brewery,10.0,Belgian Strong Dark Ale,Bottle 750ml,750,11.93,Belgian Strong Dark Ale
Naughty & Nice - Triple Chocolate Truffle,5.25,England,4.0,Vocation Brewery,8.4,Stout - Milk / Sweet,Can 440ml,440,11.93,Stout
Chrushing Blows,5.25,England,3.73,Neon Raptor Brewing Co.,4.2,IPA - Session,Can 440ml,440,11.93,IPA
Baladin Rock 'n Roll,8.95,Italy,3.55,BIRRIFICIO AGRICOLO BALADIN - Baladin Indipendente Italian Farm Brewery,7.5,Pale Ale - American,Bottle 750ml,750,11.93,Pale Ale
Texels Bock,8.95,Netherlands,3.48,Texelse Bierbrouwerij,7.0,Bock - Single / Traditional,Bottle 750ml,750,11.93,Bock
San Francisco Porter,8.95,Belgium,3.55,Brouwerij De Ranke,5.5,Porter - American,Bottle 750ml,750,11.93,Porter
Imperial Pale Ale 2024,8.95,Netherlands,3.52,Dutch Bargain,10.0,Pale Ale - Other,Bottle 750ml,750,11.93,Pale Ale
De Smokkelaar Contrabande,5.25,Netherlands,3.62,Brouwerij de Smokkelaar,9.0,Stout - American,Can 440ml,440,11.93,Stout
Mongy Noël (2023) - 75cl,8.95,France,3.68,Brasserie Cambier,8.0,Winter Ale,Bottle 750ml,750,11.93,Winter Ale
Mongy IPA - 75cl,8.95,France,3.61,Brasserie Cambier,6.8,IPA - American,Bottle 750ml,750,11.93,IPA
Mongy Triple - 75cl,8.95,France,3.6,Brasserie Cambier,8.0,Belgian Tripel,Bottle 750ml,750,11.93,Belgian Tripel
Vuur+Gloed,8.95,Netherlands,3.38,Brouwerij De 7 Deugden,8.5,Winter Ale,Bottle 750ml,750,11.93,Winter Ale
Gouden Carolus Cuvee van de keizer Rood,8.95,Belgium,3.92,Brouwerij Het Anker,10.0,Belgian Strong Golden Ale,Bottle 750ml,750,11.93,Belgian Strong Golden Ale
Ice Breaker,5.25,Spain,3.98,SOMA Beer,7.0,IPA - New England / Hazy,Can 440ml,440,11.93,IPA
SOUP IDAHO 7,5.25,Spain,3.97,Garage Beer Co.,7.0,IPA - New England / Hazy,Can 440ml,440,11.93,IPA
VORTEX,5.25,Spain,3.94,SOMA Beer,7.0,IPA - New England / Hazy,Can 440ml,440,11.93,IPA
Maisel & Friends - Marc's Chocolate Bock,8.95,Germany,3.6,Brauerei Gebr. Maisel,7.5,Bock - Single / Traditional,Bottle 750ml,750,11.93,Bock
Maison Ferre Demi Sec Le Prefere de Marie Bio,8.95,France,3.44,La Maison Ferré,4.8,Cider - Traditional / Apfelwein,Bottle 750ml,750,11.93,Cider
Het Bieratelier No Bock No Glory,8.95,Netherlands,3.46,Www.het-bieratelier.nl,7.5,Bock - Single / Traditional,Bottle 750ml,750,11.93,Bock
Out With A Bang,8.95,Netherlands,3.56,Mister Hop,7.5,Belgian Blonde,Bottle 750ml,750,11.93,Belgian Blonde
Fougeray Cidre Tradition Biologisch,8.95,France,3.6,Domaine Duclos-Fourgeray,5.0,Cider - Traditional / Apfelwein,Bottle 750ml,750,11.93,Cider
Arctic Circles 3 (bbf: 08-25),5.25,Norway,3.8,Bådin,6.5,IPA - New England / Hazy,Can 440ml,440,11.93,IPA
DDH Mosaic x Citra Pale Ale,5.25,Latvia,3.86,Ārpus Brewing Co.,5.0,Pale Ale - New England / Hazy,Can 440ml,440,11.93,Pale Ale
Another Ripple In Time,5.25,England,3.69,Electric Bear Brewing Co,6.5,Sour - Smoothie / Pastry,Can 440ml,440,11.93,Sour
Sako Stout Adelaar,8.95,United States,3.25,Hi-Wire Brewing,8.3,Stout - Other,Bottle 750ml,750,11.93,Stout
Red Currant x Apricot x Cherry x Vanilla x Coconut Sour Ale,5.25,Latvia,4.05,Ārpus Brewing Co.,5.0,Sour - Smoothie / Pastry,Can 440ml,440,11.93,Sour
DDH Peacharine x Riwaka x Nelson Pale Ale,5.25,Latvia,3.84,Ārpus Brewing Co.,5.0,Pale Ale - New England / Hazy,Can 440ml,440,11.93,Pale Ale
TDH Vista x McKenzie Session IPA,5.25,Latvia,3.85,Ārpus Brewing Co.,5.0,IPA - Session,Can 440ml,440,11.93,IPA
A Basic Equation (Wheat Beer Fruited),5.25,England,3.62,Turning Point Brew Co.,4.8,Wheat Beer - Fruited,Can 440ml,440,11.93,Wheat Beer
Original Farmhouse Cider,5.97,Belgium,3.4,Brouwerij Hof ten Dormaal,5.0,Cider - Traditional / Apfelwein,500ml,500,11.94,Cider
Fros'e Hydra,8.96,United States,4.43,Kings Brewing Company/ Mortalis Brewing Company,7.0,Sour - Smoothie / Pastry,Bottle 750ml,750,11.95,Sour
Wit Blanche,2.99,Belgium,3.55,Brouwerij Hoegaarden,4.9,Wheat Beer - Witbier / Blanche,Bottle 250ml,250,11.96,Wheat Beer
St. Louis Premium Kriek,2.99,Belgium,3.5,Kasteel Brouwerij Vanhonsebrouck,3.2,Lambic - Kriek,Bottle 250ml,250,11.96,Lambic
Anniversator 2022 – Dunkler Doppelbock,3.95,Germany,3.53,Munich Brew Mafia,8.0,Bock - Doppelbock,330ml,330,11.97,Bock
"Mon Petit Festival Beer ( Chapter 2 , Mon Petit Caffee , Alehub UG , Ziemlich Beste Biere , Krafbier 0711 )",3.95,Germany,3.44,Rossknecht ziemlichBESTEbiere,9.3,Barleywine - English,330ml,330,11.97,Barleywine
Guava Gose – Fruited Gose,3.95,United States,4.07,Phase Three Brewing,4.0,Sour - Fruited,330ml,330,11.97,Sour
Van Moll / Põhjala Summa,3.95,Netherlands,3.76,Van Moll,10.5,Strong Ale - Other,330ml,330,11.97,Strong Ale
Schrille Nacht – Winter IPA,3.95,Germany,3.63,KUEHN KUNZ ROSEN/ Schwarze Rose,6.8,IPA - Other,330ml,330,11.97,IPA
Bier Met Het Cijfer 8,3.95,Netherlands,3.33,Mister Hop,5.5,Blonde / Golden Ale - Other,330ml,330,11.97,Blonde / Golden Ale
Cyber Jazz Infused Quadrupel,3.95,Netherlands,3.66,POPHOP,10.0,Belgian Quadrupel,330ml,330,11.97,Belgian Quadrupel
Killer Queen Tripel,3.95,Netherlands,3.51,POPHOP,8.0,Belgian Tripel,330ml,330,11.97,Belgian Tripel
Bier Met De Letter M,3.95,Netherlands,3.3,Mister Hop,5.5,Blonde / Golden Ale - Other,330ml,330,11.97,Blonde / Golden Ale
Bier Met Het Cijfer 6,3.95,Netherlands,3.33,Mister Hop,5.5,Blonde / Golden Ale - Other,330ml,330,11.97,Blonde / Golden Ale
Bier Met De Letter G,3.95,Netherlands,3.3,Mister Hop,5.5,Blonde / Golden Ale - Other,330ml,330,11.97,Blonde / Golden Ale
Bier Met Het Cijfer 9,3.95,Netherlands,3.33,Mister Hop,5.5,Blonde / Golden Ale - Other,330ml,330,11.97,Blonde / Golden Ale
Meenzer Biensche – Honig Ale,3.95,Germany,3.55,KUEHN KUNZ ROSEN,5.5,Honey Beer,330ml,330,11.97,Honey Beer
Vrolijke Kameraod,3.95,Netherlands,3.58,Kameraod Brouwers,6.5,IPA - American,330ml,330,11.97,IPA
Bier Met Het Cijfer 2,3.95,Netherlands,3.33,Mister Hop,5.5,Blonde / Golden Ale - Other,330ml,330,11.97,Blonde / Golden Ale
Bier Met De Letter D,3.95,Netherlands,3.3,Mister Hop,5.5,Blonde / Golden Ale - Other,330ml,330,11.97,Blonde / Golden Ale
Bier Met De Letter C,3.95,Netherlands,3.3,Mister Hop,5.5,Blonde / Golden Ale - Other,330ml,330,11.97,Blonde / Golden Ale
Bier Met De Letter E,3.95,Netherlands,3.3,Mister Hop,5.5,Blonde / Golden Ale - Other,330ml,330,11.97,Blonde / Golden Ale
Bier Met De Letter B,3.95,Netherlands,3.3,Mister Hop,5.5,Blonde / Golden Ale - Other,330ml,330,11.97,Blonde / Golden Ale
Douze,3.95,Belgium,3.7,Brewery De Meester,11.5,Belgian Quadrupel,330ml,330,11.97,Belgian Quadrupel
Radiant Revel,3.95,Estonia,3.7,Pühaste Brewery,3.0,Sour - Fruited,330ml,330,11.97,Sour
Roos = Ready To Rock,3.95,Netherlands,3.63,Brouwerij Poesiat & Kater/ Morebeer Brewing,8.5,Stout - Imperial / Double Oatmeal,330ml,330,11.97,Stout
Hoptimum 2024 Appearance Triple IPA,4.25,United States,4.02,Sierra Nevada Brewing Co.,11.0,IPA - Triple,355ml,355,11.97,IPA
Bier Met De Letter X,3.95,Netherlands,3.3,Mister Hop,5.5,Blonde / Golden Ale - Other,330ml,330,11.97,Blonde / Golden Ale
Muifel / Mannenpap Olga,3.95,Netherlands,3.64,Muifelbrouwerij,6.5,IPA - New England / Hazy,330ml,330,11.97,IPA
Smokestack Series: Tell-Tale Tart VINTAGE 2016,4.19,United States,3.65,Boulevard Brewing Co.,6.2,Sour - Other,350ml,350,11.97,Sour
Funky White,3.95,Netherlands,3.43,Brouwerij Fusie,6.2,Wheat Beer - Witbier / Blanche,330ml,330,11.97,Wheat Beer
Mirabellensäckel – Gose mit Mirabellen Collab Holystoner + Daubringer,3.95,Germany,3.55,Freigeist Bierkultur,4.2,Sour - Fruited Gose,330ml,330,11.97,Sour
Bier Met Het Cijfer 4,3.95,Netherlands,3.33,Mister Hop,5.5,Blonde / Golden Ale - Other,330ml,330,11.97,Blonde / Golden Ale
Bier Met De Letter W,3.95,Netherlands,3.3,Mister Hop,5.5,Blonde / Golden Ale - Other,330ml,330,11.97,Blonde / Golden Ale
Bier Met De Letter T,3.95,Netherlands,3.3,Mister Hop,5.5,Blonde / Golden Ale - Other,330ml,330,11.97,Blonde / Golden Ale
Bier Met De Letter Q,3.95,Netherlands,3.3,Mister Hop,5.5,Blonde / Golden Ale - Other,330ml,330,11.97,Blonde / Golden Ale
Anniversator 2023 – Dunkler Doppelbock,3.95,Germany,3.56,Munich Brew Mafia,8.0,Bock - Doppelbock,330ml,330,11.97,Bock
Walhalla Elixer,3.95,Netherlands,3.65,Walhalla Brouwerij & Proeflokaal,6.0,IPA - New England / Hazy,330ml,330,11.97,IPA
Zuyd Saga 10,3.95,Netherlands,3.76,Zuyd Craft,10.0,Belgian Quadrupel,330ml,330,11.97,Belgian Quadrupel
Brouwerij de Klep Paeterke Quadröppel,3.95,Netherlands,3.71,Brouwerij De Klep,11.0,Belgian Quadrupel,330ml,330,11.97,Belgian Quadrupel
Bock 7 Herfstbock,3.95,Netherlands,3.38,Maximus Brouwerij,7.0,Bock - Single / Traditional,330ml,330,11.97,Bock
Jasmin Soif,3.95,France,3.91,Brasserie du Grand Paris (Les Brasseurs du Grand Paris),4.5,Lager - Japanese Rice,330ml,330,11.97,Lager
Vleteren Imperial Stout,3.95,Belgium,3.73,Deca Brouwerij,10.0,Stout - Russian Imperial,330ml,330,11.97,Stout
Mongy Noël (2023),3.95,France,3.68,Brasserie Cambier,8.0,Winter Ale,330ml,330,11.97,Winter Ale
Happy Demons Graan Voor Visch,3.95,Netherlands,3.41,Happy Demons Craft Beer,4.8,Farmhouse Ale - Saison,330ml,330,11.97,Farmhouse Ale
Rahu – Porter,3.95,Estonia,3.67,Pühaste Brewery,5.5,Porter - Other,330ml,330,11.97,Porter
Bier Met De Letter P,3.95,Netherlands,3.3,Mister Hop,5.5,Blonde / Golden Ale - Other,330ml,330,11.97,Blonde / Golden Ale
Tunus,3.95,Netherlands,3.6,Brouwerij De Werf,9.0,Belgian Tripel,330ml,330,11.97,Belgian Tripel
Wreak Havoc,4.49,United States,3.68,Bootstrap Brewing,8.5,Red Ale - Imperial / Double,Bottle 375ml,375,11.97,Red Ale
Steam Beer (California Common),3.95,Norway,3.32,Oslo Brewing Company,5.0,California Common,330ml,330,11.97,California Common
Anderson's I Dont Give A Sip,3.95,Estonia,3.36,Anderson's Craft Beer,6.1,Pumpkin / Yam Beer,330ml,330,11.97,Pumpkin / Yam Beer
De Klep / Kameraod Brouwers De Kleppende Kameraod,3.95,Netherlands,3.6,Brouwerij De Klep,6.0,IPA - White / Wheat,330ml,330,11.97,IPA
Rollover,3.95,Ireland,3.61,Whiplash,3.8,IPA - Session,330ml,330,11.97,IPA
Roulette Hop Series Elani,3.95,Estonia,3.87,Pühaste Brewery,6.9,IPA - New England / Hazy,330ml,330,11.97,IPA
ROTT.dusk,3.95,Netherlands,3.48,ROTT. Brouwers,5.0,Stout - Milk / Sweet,330ml,330,11.97,Stout
Kiloknaller,3.95,Netherlands,3.66,100 Watt Brewery,9.0,IPA - Triple,330ml,330,11.97,IPA
Puhaste Radiant Revel,3.95,Estonia,3.7,Pühaste Brewery,3.0,Sour - Fruited,330ml,330,11.97,Sour
Obstsalat – Easy Drinking Neipa,3.95,Germany,,BierBoutique Konstanz,6.2,IPA - Other,330ml,330,11.97,IPA
Bier Met De Letter L,3.95,Netherlands,3.3,Mister Hop,5.5,Blonde / Golden Ale - Other,330ml,330,11.97,Blonde / Golden Ale
Bier Met De Letter I,3.95,Netherlands,3.3,Mister Hop,5.5,Blonde / Golden Ale - Other,330ml,330,11.97,Blonde / Golden Ale
Bier Met De Letter F,3.95,Netherlands,3.3,Mister Hop,5.5,Blonde / Golden Ale - Other,330ml,330,11.97,Blonde / Golden Ale
De Molen Engels & Drop,3.95,Netherlands,3.64,Brouwerij de Molen,9.0,Porter - Imperial / Double,330ml,330,11.97,Porter
Heel Holland Bockt,3.95,Netherlands,3.52,Brouwerij Frontaal,8.5,Bock - Doppelbock,Can 330ml,330,11.97,Bock
Walhalla Zeus,3.95,Netherlands,3.65,Walhalla Brouwerij & Proeflokaal,8.0,IPA - Imperial / Double,330ml,330,11.97,IPA
Bier Met De Letter V,3.95,Netherlands,3.3,Mister Hop,5.5,Blonde / Golden Ale - Other,330ml,330,11.97,Blonde / Golden Ale
Bier Met Het Cijfer 7,3.95,Netherlands,3.33,Mister Hop,5.5,Blonde / Golden Ale - Other,330ml,330,11.97,Blonde / Golden Ale
Baladin Noël Orange & Cacao,3.95,Italy,3.73,BIRRIFICIO AGRICOLO BALADIN - Baladin Indipendente Italian Farm Brewery,8.5,Belgian Strong Dark Ale,330ml,330,11.97,Belgian Strong Dark Ale
Bier Met Het Cijfer 1,3.95,Netherlands,3.33,Mister Hop,5.5,Blonde / Golden Ale - Other,330ml,330,11.97,Blonde / Golden Ale
St.Olberg Bier – Belgian Quadrupel,3.95,Germany,3.08,Freigeist Bierkultur,10.0,Belgian Quadrupel,330ml,330,11.97,Belgian Quadrupel
Mama Qucha,3.95,Netherlands,3.38,De Kromme Haring,5.0,Farmhouse Ale - Saison,330ml,330,11.97,Farmhouse Ale
Bon Chef – New England IPA,3.95,Netherlands,3.62,Two Chefs Brewing,5.0,IPA - New England / Hazy,330ml,330,11.97,IPA
SchuppenBoer Maxima,3.95,Belgium,3.54,Brouwerij Het Nest,14.9,Belgian Strong Golden Ale,330ml,330,11.97,Belgian Strong Golden Ale
Alexander aged in Oak Foeders – Flanders Red Ale with Juice from Sour Cherries,3.95,Belgium,3.95,Brouwerij Rodenbach,5.6,Sour - Flanders Red Ale,330ml,330,11.97,Sour
Øl Americana (Cream Ale),3.95,Norway,3.28,Oslo Brewing Company,5.4,Cream Ale,330ml,330,11.97,Cream Ale
Daddy Cool,3.95,Netherlands,3.56,Brouwerij Frontaal,8.5,Belgian Tripel,330ml,330,11.97,Belgian Tripel
Straffe Hendrik Brugs Tripel Bier Wild (2024),3.95,Belgium,3.47,Brouwerij De Halve Maan,10.0,Brett Beer,330ml,330,11.97,Brett Beer
Black Treats Toasted Marshmallow Imperial Stout,3.95,Netherlands,3.87,Brouwerij De Man/ Galea Craft Beers,11.0,Stout - Imperial / Double Pastry,Can 330ml,330,11.97,Stout
Hopkikker,3.95,Netherlands,3.52,Brouwerij D'n Draok,6.0,IPA - American,330ml,330,11.97,IPA
Eleven x Kompaan Rook 'n Roll,3.95,Netherlands,3.32,Brouwerij Eleven,5.0,Lager - Smoked,330ml,330,11.97,Lager
Bier Met De Letter Hartje,3.95,Netherlands,3.3,Mister Hop,5.5,Blonde / Golden Ale - Other,330ml,330,11.97,Blonde / Golden Ale
Organic Chocolate Stout BIO,4.25,England,4.04,Samuel Smith,5.0,Stout - Other,355ml,355,11.97,Stout
Deeper Shade Of Hop,3.95,Netherlands,3.78,100 Watt Brewery,8.4,IPA - Imperial / Double New England / Hazy,330ml,330,11.97,IPA
Bier Met De Letter A,3.95,Netherlands,3.3,Mister Hop,5.5,Blonde / Golden Ale - Other,330ml,330,11.97,Blonde / Golden Ale
Abt-generaal Quadrupel,3.95,Netherlands,3.7,Berne Abdijbier,10.5,Belgian Quadrupel,330ml,330,11.97,Belgian Quadrupel
Misty Mango New England IPA,3.95,Netherlands,3.56,Gebrouwen Door Vrouwen,6.0,IPA - New England / Hazy,330ml,330,11.97,IPA
Eem Potig,3.95,Netherlands,3.37,Brouwerij Eembier,7.5,Stout - Other,330ml,330,11.97,Stout
Bier Met De Letter Y,3.95,Netherlands,3.3,Mister Hop,5.5,Blonde / Golden Ale - Other,330ml,330,11.97,Blonde / Golden Ale
Bier Met De Letter Z,3.95,Netherlands,3.3,Mister Hop,5.5,Blonde / Golden Ale - Other,330ml,330,11.97,Blonde / Golden Ale
Bier Met Het Cijfer 0,3.95,Netherlands,3.33,Mister Hop,5.5,Blonde / Golden Ale - Other,330ml,330,11.97,Blonde / Golden Ale
Bier Met Het Cijfer 3,3.95,Netherlands,3.33,Mister Hop,5.5,Blonde / Golden Ale - Other,330ml,330,11.97,Blonde / Golden Ale
Bier Met Het Cijfer 5,3.95,Netherlands,3.33,Mister Hop,5.5,Blonde / Golden Ale - Other,330ml,330,11.97,Blonde / Golden Ale
Bier Met De Letter U,3.95,Netherlands,3.3,Mister Hop,5.5,Blonde / Golden Ale - Other,330ml,330,11.97,Blonde / Golden Ale
Love Boat,3.95,Netherlands,3.53,Brouwerij Homeland,5.2,IPA - New England / Hazy,330ml,330,11.97,IPA
Fehér Nyúl / Muifel Dutch Romance,3.95,Hungary,3.44,Fehér Nyúl,6.1,Sour - Fruited,330ml,330,11.97,Sour
Bier Met De Letter R,3.95,Netherlands,3.3,Mister Hop,5.5,Blonde / Golden Ale - Other,330ml,330,11.97,Blonde / Golden Ale
Bier Met De Letter S,3.95,Netherlands,3.3,Mister Hop,5.5,Blonde / Golden Ale - Other,330ml,330,11.97,Blonde / Golden Ale
Kia Ora,3.95,Netherlands,3.63,Brouwerij Frontaal,5.5,IPA - New Zealand,330ml,330,11.97,IPA
Summer Sentence,3.95,Netherlands,3.6,Brouwerij Eleven,5.0,Pale Ale - New Zealand,330ml,330,11.97,Pale Ale
B.O.R.I.S.,3.95,Netherlands,3.57,Baxbier,10.5,Stout - Russian Imperial,330ml,330,11.97,Stout
Bier Met De Letter K,3.95,Netherlands,3.3,Mister Hop,5.5,Blonde / Golden Ale - Other,330ml,330,11.97,Blonde / Golden Ale
Body Riddle,3.95,Ireland,3.59,Whiplash,4.5,Pale Ale - American,330ml,330,11.97,Pale Ale
Interesting Times Tripel Met Tijm,3.95,Netherlands,3.66,Briljant Brouwhuis,8.3,Belgian Tripel,330ml,330,11.97,Belgian Tripel
Canadian Gose,3.95,Germany,3.72,orca brau,5.4,Sour - Fruited Gose,330ml,330,11.97,Sour
Bier Met De Letter J,3.95,Netherlands,3.3,Mister Hop,5.5,Blonde / Golden Ale - Other,330ml,330,11.97,Blonde / Golden Ale
Must Kuld,3.95,Estonia,3.76,Põhjala,7.8,Porter - Other,330ml,330,11.97,Porter
Bier Met De Letter H,3.95,Netherlands,3.3,Mister Hop,5.5,Blonde / Golden Ale - Other,330ml,330,11.97,Blonde / Golden Ale
The Bock Is The G.O.A.T,3.95,Netherlands,3.29,Dutch Bargain,8.7,Bock - Doppelbock,330ml,330,11.97,Bock
Bier Met De Letter O,3.95,Netherlands,3.3,Mister Hop,5.5,Blonde / Golden Ale - Other,330ml,330,11.97,Blonde / Golden Ale
Bier Met De Letter N,3.95,Netherlands,3.3,Mister Hop,5.5,Blonde / Golden Ale - Other,330ml,330,11.97,Blonde / Golden Ale
Fruit Expo: Mint & Lime Sour,5.99,Croatia,3.73,Nova Runda,4.9,Sour - Fruited,500ml,500,11.98,Sour
Crazy Lines #67 - Idaho 7 vs. Talus DDH DIPA,5.99,Poland,4.03,Browar Nepomucen,7.1,IPA - Imperial / Double,500ml,500,11.98,IPA
Crazy Lines #64 - Citra vs. Nelson Sauvin DDH DIPA,5.99,Poland,3.95,Browar Nepomucen,7.0,IPA - Imperial / Double New England / Hazy,500ml,500,11.98,IPA
Snicket of Beer,5.99,Poland,3.9,Magic Road,5.1,IPA - New Zealand,500ml,500,11.98,IPA
Pretty - Banana & White Guava,5.99,Poland,3.51,Magic Road,5.5,Sour - Smoothie / Pastry,500ml,500,11.98,Sour
Vayamos Compañeros,5.99,Poland,3.78,Magic Road,8.0,IPA - Imperial / Double,500ml,500,11.98,IPA
Brouwerij Lost Dopamine,5.99,Netherlands,4.04,Brouwerij LOST,8.0,IPA - Imperial / Double New England / Hazy,500ml,500,11.98,IPA
Brouwerij Lost Mangari,5.99,Netherlands,3.97,Brouwerij LOST,6.7,IPA - New Zealand,500ml,500,11.98,IPA
Zabaleno (I wrapped all the presents.),5.99,Czech Republic,3.74,Sibeeria,7.0,NEIPA,Can 500ml,500,11.98,NEIPA
Djinn Sultan,5.99,Croatia,3.89,Pulfer Brewery,8.0,IPA - Imperial / Double New England / Hazy,500ml,500,11.98,IPA
Landsky Overload,5.99,Croatia,3.82,Pulfer Brewery,6.7,IPA - American,500ml,500,11.98,IPA
Crazy Lines #65 - Tiny Session Hazy IPA,5.99,Poland,3.84,Browar Nepomucen,5.5,IPA - Session,500ml,500,11.98,IPA
Nepomucen/The Barn Smoothie Bowl Forest Fruits Pastry Sour,5.99,Poland,4.05,Browar Nepomucen,5.3,Sour - Smoothie / Pastry,500ml,500,11.98,Sour
Hazy Discovery Transylvania,5.99,Poland,3.86,Browar PINTA,6.0,IPA - New England / Hazy,500ml,500,11.98,IPA
Brouwerij Lost Koharu,5.99,Netherlands,3.96,Brouwerij LOST,6.7,IPA - New Zealand,500ml,500,11.98,IPA
Crazy Lines #62 - Best Friends Forever West Coast IPA,5.99,Poland,3.79,Browar Nepomucen,6.7,IPA - American,500ml,500,11.98,IPA
Winter In Bangalore,5.99,Denmark,3.66,Amager Bryghus,6.0,IPA - American,500ml,500,11.98,IPA
Kauri,5.99,Poland,3.96,Browar Artezan,6.0,IPA - New Zealand,500ml,500,11.98,IPA
Black Rebel Brewing x Barn Beer Stairway To Heaven,5.99,Czech Republic,3.98,The Barn Beer Co.,4.8,Lager - IPL (India Pale Lager),500ml,500,11.98,Lager
Strawberry Banana Cream,5.99,Germany,3.78,FrauGruber Brewing,6.2,Sour - Smoothie / Pastry,500ml,500,11.98,Sour
Black Rebel Brewing x The Barn Beer Stairway To Heaven West Coast Pilsner,5.99,Czech Republic,3.98,The Barn Beer Co.,4.8,Lager - IPL (India Pale Lager),500ml,500,11.98,Lager
Black Rebel Brewing x TankBusters Juice Box Double NEIPA,5.99,Poland,3.94,TankBusters.Co,8.4,IPA - Imperial / Double,500ml,500,11.98,IPA
Brewing x Tankbusters Juice Box,5.99,Germany,3.87,Black Rebel Brewing Company,7.2,IPA - Imperial / Double New England / Hazy,500ml,500,11.98,IPA
"Jeździć, Obserwować",5.99,Poland,3.83,Browar Artezan,6.0,IPA - New England / Hazy,500ml,500,11.98,IPA
"Smoothie Bowl Banana, Pineapple, Vanille, Coconut",5.99,Poland,4.2,Browar Nepomucen,6.9,Sour - Smoothie / Pastry,500ml,500,11.98,Sour
Boole,5.99,Poland,3.74,Browar Gwarek,8.2,IPA - American,500ml,500,11.98,IPA
Black Rebel Brewing x TankBusters Green Machine NEIPA,5.99,Poland,3.7,TankBusters.Co,6.5,IPA - New England / Hazy,500ml,500,11.98,IPA
Sibeeria I Love The Smell Of Idaho 7 In The Morning,5.99,Czech Republic,3.95,Sibeeria,7.1,IPA - New England / Hazy,Can 500ml,500,11.98,IPA
Door To Door,5.99,Poland,3.85,Magic Road,8.0,IPA - Imperial / Double,500ml,500,11.98,IPA
Crazy Lines #59 - El Dorado vs. Amarillo DDH DIPA,5.99,Poland,3.94,Browar Nepomucen,7.0,IPA - Imperial / Double New England / Hazy,500ml,500,11.98,IPA
Journey To The Valley #3 Bockbier,5.99,Poland,3.76,Browar Nepomucen,6.9,Bock - Single / Traditional,500ml,500,11.98,Bock
Hazy Discovery: Bratislava,5.99,Poland,3.88,Browar PINTA,6.0,IPA - New England / Hazy,500ml,500,11.98,IPA
Struise Clash Of The Titans - Grand Reserva,5.99,Belgium,3.95,De Struise Brouwers,12.6,Barleywine - Other,500ml,500,11.98,Barleywine
Illusion Passion Fruit & Tangerine Fruited Gose,5.99,Poland,3.92,Browar Nepomucen,3.6,Sour - Fruited Gose,500ml,500,11.98,Sour
Og True Skawka,5.99,Poland,3.41,Moczybroda,8.0,IPA - Sour,500ml,500,11.98,IPA
Smoothie Bowl Soft & Fruity Pastry Sour,5.99,Poland,3.89,Browar Nepomucen,5.3,Sour - Smoothie / Pastry,500ml,500,11.98,Sour
Nowy Rozdział,5.99,Poland,3.95,Przetwórnia Chmielu,7.0,IPA - Imperial / Double New England / Hazy,500ml,500,11.98,IPA
Senor Lucas 2 NEIPA,5.99,Poland,3.88,Browar Nepomucen,5.5,IPA - New England / Hazy,500ml,500,11.98,IPA
The Crown is Mine.,5.99,Poland,3.77,TankBusters.Co,5.8,IPA - New England / Hazy,500ml,500,11.98,IPA
I'm Waiting Here,5.99,Czech Republic,3.93,Rodinný Pivovar Zichovec,7.0,IPA - New England / Hazy,500ml,500,11.98,IPA
Fun Day,5.99,Poland,3.8,Browar Artezan,7.0,IPA - American,500ml,500,11.98,IPA
Tropical IPA,5.99,Ireland,3.45,O'Hara's Brewery,4.0,IPA - Session,500ml,500,11.98,IPA
Lervig Hoppy Holiday Haze,5.99,Norway,3.55,LERVIG,4.7,Pale Ale - Milkshake,500ml,500,11.98,Pale Ale
Hazy Discovery: Transylvania,5.99,Poland,3.86,Browar PINTA,6.0,IPA - New England / Hazy,500ml,500,11.98,IPA
"It's Not Us, It's You",5.99,Netherlands,3.67,Brouwerij Frontaal,8.0,IPA - Imperial / Double New England / Hazy,Can 500ml,500,11.98,IPA
For the Love of Hops ”Azure”,5.99,Netherlands,3.83,Brouwerij Frontaal,8.0,IPA - Imperial / Double New England / Hazy,Can 500ml,500,11.98,IPA
Smoothie Bowl White Fruits,5.99,Poland,4.03,Browar Nepomucen,5.6,Sour - Smoothie / Pastry,500ml,500,11.98,Sour
Tafat American IPA,5.99,Italy,3.63,Mister B Brewery/ Teatro Delle Birre,5.7,IPA - American,500ml,500,11.98,IPA
Old School American Pale Ale,5.99,Slovenia,3.58,Reset Brewery,4.9,Pale Ale - American,500ml,500,11.98,Pale Ale
Froggy American IPA,5.99,Slovenia,3.63,Reset Brewery,5.6,IPA - American,500ml,500,11.98,IPA
Snowblind Session IPA,5.99,Slovenia,3.5,Reset Brewery,3.6,IPA - Session,500ml,500,11.98,IPA
Sub Tropical IPA,5.99,Ireland,3.45,O'Hara's Brewery,4.0,IPA - Session,500ml,500,11.98,IPA
Gelato: Bloody,5.99,Poland,3.96,Funky Fluid,5.5,Sour - Smoothie / Pastry,500ml,500,11.98,Sour
Hazy Discovery: Zalec,5.99,Poland,3.85,Browar PINTA,6.0,IPA - New England / Hazy,500ml,500,11.98,IPA
Gelato: Neon Green,5.99,Poland,3.88,Funky Fluid,5.5,Sour - Smoothie / Pastry,500ml,500,11.98,Sour
Trudno Tak,5.99,Poland,3.92,Ziemia Obiecana,8.0,IPA - Imperial / Double,500ml,500,11.98,IPA
Gelato: Spooky,5.99,Poland,3.86,Funky Fluid,5.5,Sour - Smoothie / Pastry,500ml,500,11.98,Sour
La Trappe Trappist Blond,8.99,Netherlands,3.67,Bierbrouwerij De Koningshoeven,6.5,Belgian Blonde,Bottle 750ml,750,11.99,Belgian Blonde
Oude Pêche Jaune Tilquin à l'Ancienne (2022-2023),8.99,Belgium,4.13,Gueuzerie Tilquin,7.0,Lambic - Fruit,Bottle 750ml,750,11.99,Lambic
Deya In Balance,6.0,England,3.74,DEYA Brewing Company,4.0,Pale Ale - New England / Hazy,Can 500ml,500,12.0,Pale Ale
Way Out West,6.0,England,3.66,Ideal Day,4.8,Pale Ale - English,Bottle 500ml,500,12.0,Pale Ale
Budels Zware Dobber,3.6,Netherlands,3.32,Budelse Brouwerij,8.5,Belgian Tripel,300ml,300,12.0,Belgian Tripel
Deya Very Good Plus,6.0,England,3.74,DEYA Brewing Company,4.0,Pale Ale - English,Can 500ml,500,12.0,Pale Ale
Beets,9.0,Spain,3.73,Cyclic Beer Farm,5.3,Farmhouse Ale - Saison,Bottle 750ml,750,12.0,Farmhouse Ale
The Omen vol. 2,6.0,Poland,3.95,TankBusters.Co,7.4,IPA - Black / Cascadian Dark Ale,500ml,500,12.0,IPA
sur Mer,9.0,France,3.75,La Franche,4.6,Sour - Other Gose,Bottle 750ml,750,12.0,Sour
Super Guilloire,9.0,France,3.89,Brasserie La Malpolon,6.0,Farmhouse Ale - Bière de Coupage,Bottle 750ml,750,12.0,Farmhouse Ale
White 12,6.0,Czech Republic,3.51,Rodinný Pivovar Zichovec,5.2,Wheat Beer - Witbier / Blanche,500ml,500,12.0,Wheat Beer
La Dalmatienne,9.0,Belgium,3.79,Brasserie Fantôme,8.0,Farmhouse Ale - Saison,Bottle 750ml,750,12.0,Farmhouse Ale
Pissenlit,9.0,Belgium,3.75,Brasserie Fantôme,8.0,Farmhouse Ale - Saison,Bottle 750ml,750,12.0,Farmhouse Ale
Marble - Lagonda IPA,6.0,England,3.68,Marble Beers Ltd,5.0,Pale Ale - English,Can 500ml,500,12.0,Pale Ale
Wit Tripel (Cinq Cents),9.0,Belgium,3.73,Bières de Chimay,8.0,Belgian Tripel,Bottle 750ml,750,12.0,Belgian Tripel
Saison dErpe-Mere,3.96,Belgium,3.73,Brouwerij De Glazen Toren,6.5,Farmhouse Ale - Saison,330ml,330,12.0,Farmhouse Ale
Saison,9.0,Belgium,3.87,Brasserie Fantôme,8.0,Farmhouse Ale - Saison,Bottle 750ml,750,12.0,Farmhouse Ale
Cider,6.0,Belgium,3.4,Brouwerij Hof ten Dormaal,7.0,Cider - Traditional / Apfelwein,500ml,500,12.0,Cider
Ideal Day Climbing Trees,6.0,England,3.13,Partizan Brewing,4.8,Farmhouse Ale - Saison,Bottle 500ml,500,12.0,Farmhouse Ale
Gelato Mango Lassi,6.0,Poland,3.86,Funky Fluid,5.5,Sour - Smoothie / Pastry,500ml,500,12.0,Sour
Albino Pasta,6.0,England,3.59,DEYA Brewing Company,0.5,Non-Alcoholic - IPA,Can 500ml,500,12.0,Non-Alcoholic
Botanic Bubbles,4.5,Portugal,3.56,Fermentage,5.0,Farmhouse Ale - Saison,Bottle 375ml,375,12.0,Farmhouse Ale
Donzoko x Fell Brewery Eston California,6.0,Scotland,3.81,Donzoko Brewing Company,4.8,Bitter - Session / Ordinary,Can 500ml,500,12.0,Bitter
Donzoko x Newbarns Tyninghame,6.0,Scotland,3.74,Donzoko Brewing Company,4.8,Pilsner - Other,Can 500ml,500,12.0,Pilsner
Service Please!,6.0,England,3.67,DEYA Brewing Company,3.0,Pale Ale - American,Can 500ml,500,12.0,Pale Ale
Light Brown Spiritus Automn,9.0,Belgium,3.43,Brasserie Fantôme,6.5,Farmhouse Ale - Saison,Bottle 750ml,750,12.0,Farmhouse Ale
Magic Goat,9.0,Belgium,3.73,Brasserie Fantôme,7.5,Farmhouse Ale - Saison,Bottle 750ml,750,12.0,Farmhouse Ale
Flight Attendant Uniforms,6.0,Poland,3.71,Maltgarden,5.6,Sour - Smoothie / Pastry,500ml,500,12.0,Sour
SchuppenBoer Tripel Whisky Barrel Aged,9.0,Belgium,3.77,Brouwerij Het Nest,8.0,Belgian Tripel,Bottle 750ml,750,12.0,Belgian Tripel
The Black Council,5.29,Hungary,3.68,Mad Scientist,7.0,Stout - Other,Can 440ml,440,12.02,Stout
Synthwave,5.29,England,3.78,Neon Raptor Brewing Co.,6.0,IPA - New England / Hazy,Can 440ml,440,12.02,IPA
Nuba,5.29,England,3.83,Brew York,6.6,IPA - New England / Hazy,Can 440ml,440,12.02,IPA
Gelato: Neon Blue,6.01,Poland,3.89,Funky Fluid,5.5,Sour - Smoothie / Pastry,500ml,500,12.02,Sour
Em Dackelsche,5.29,Germany,3.5,Lieber Waldi,8.0,Kölsch,Can 440ml,440,12.02,Kölsch
"Florida Weisse: Kiwi, Papaya & Lemon",5.29,Croatia,3.5,The Garden Brewery,5.8,Sour - Berliner Weisse,Can 440ml,440,12.02,Sour
Fuerst Wiacek Wheelie,5.29,Germany,3.75,FUERST WIACEK,5.2,Pale Ale - American,Can 440ml,440,12.02,Pale Ale
Red Shirt Rodeo Riding,5.29,Netherlands,3.5,Uiltje Brewing Company,5.7,IPA - Red,Can 440ml,440,12.02,IPA
Kung Fu In the Kitchen,5.29,France,3.75,The Piggy Brewing Company,5.3,IPA - New England / Hazy,Can 440ml,440,12.02,IPA
NL#09 – White IPA,5.29,France,3.57,Noiseless,6.3,IPA - White / Wheat,Can 440ml,440,12.02,IPA
Fuerst Wiacek Wheelie DH West Coast Pale Ale,5.29,Germany,3.75,FUERST WIACEK,5.2,Pale Ale - American,Can 440ml,440,12.02,Pale Ale
Nuts And Crosses,5.29,England,3.59,Buxton Brewery,4.5,Stout - Milk / Sweet,Can 440ml,440,12.02,Stout
Voz,5.29,England,3.65,Neon Raptor Brewing Co.,5.4,IPA - American,Can 440ml,440,12.02,IPA
Where the Party At,5.29,Hungary,3.97,Mad Scientist,7.8,IPA - Imperial / Double New England / Hazy,Can 440ml,440,12.02,IPA
Gelato: Verde,6.01,Poland,3.88,Funky Fluid,5.5,Sour - Smoothie / Pastry,500ml,500,12.02,Sour
Hot & Humid,5.29,Wales,3.46,Polly's Brew Co.,4.5,Sour - Fruited,Can 440ml,440,12.02,Sour
Covered In Dust,5.29,Ireland,3.78,Whiplash,6.8,IPA - American,Can 440ml,440,12.02,IPA
Rumpelstiltskin,5.29,England,3.69,Tartarus Beers,6.0,IPA - Belgian,Can 440ml,440,12.02,IPA
Rising Wind,5.29,Ireland,3.72,Lough Gill Brewery,6.2,IPA - New England / Hazy,Can 440ml,440,12.02,IPA
Depende,5.29,Spain,4.13,Little Rain Brewing Company,7.3,IPA - New England / Hazy,Can 440ml,440,12.02,IPA
Selfish Games Aurora Haze,5.29,Hungary,3.66,HORIZONT Brewing,6.6,IPA - New England / Hazy,Can 440ml,440,12.02,IPA
DOK Ken Tukkie Gedaan,3.97,Belgium,3.73,Dok Brewing Company,11.2,Stout - Imperial / Double,330ml,330,12.03,Stout
De la Senne Wadesda  9,3.97,Belgium,3.83,Brasserie de la Senne,8.0,Farmhouse Ale - Bière de Coupage,330ml,330,12.03,Farmhouse Ale
Extra Export Stout,3.97,Belgium,3.58,Brouwerij De Dolle Brouwers,9.0,Stout - Foreign / Export,330ml,330,12.03,Stout
Lervig Human Nature,3.97,Norway,3.42,LERVIG,4.5,Sour - Fruited Gose,330ml,330,12.03,Sour
Retro Series: Soft DK,5.69,United States,4.03,Evil Twin Brewing,11.5,Stout - Imperial / Double,473ml,473,12.03,Stout
La Meute,3.97,Belgium,3.82,La Source Beer Co.,6.5,IPA - New England / Hazy,330ml,330,12.03,IPA
Lost IPA,5.69,United States,3.9,Burley Oak Brewing Company,7.2,IPA - American,473ml,473,12.03,IPA
Retro Series: Monk Suffers Serious Sugar Rush On Barbados,5.69,United States,3.78,Evil Twin Brewing,8.0,Belgian Strong Dark Ale,473ml,473,12.03,Belgian Strong Dark Ale
Holy Red Fruits,3.97,Belgium,3.49,L'Ermitage,5.8,Sour - Fruited,330ml,330,12.03,Sour
Badin Solitaire,3.97,Norway,3.64,Bådin,6.5,IPA - New England / Hazy,330ml,330,12.03,IPA
Enjoy the Silence,3.97,Netherlands,3.75,Brouwerij Kees,11.0,Belgian Quadrupel,330ml,330,12.03,Belgian Quadrupel
Fruit Jesus - keg K,240.7,Spain,3.82,Basqueland Brewing,5.7,Sour - Fruited,20000ml,20000,12.04,Sour
Love & Hate IPA,5.3,England,3.82,Vocation Brewery,7.2,IPA - New England / Hazy,Can 440ml,440,12.05,IPA
Lil'son,5.3,England,3.68,Sureshot Brewing,3.0,Pale Ale - New England / Hazy,Can 440ml,440,12.05,Pale Ale
Funny Like A Clown,5.3,England,3.59,Sureshot Brewing,3.4,Pale Ale - New England / Hazy,Can 440ml,440,12.05,Pale Ale
Nectaron City,5.3,Netherlands,3.62,Brouwerij Kees,6.9,IPA - American,Can 440ml,440,12.05,IPA
Left Handed Giant / Utopian - Views Of The Moon,5.3,England,3.71,Left Handed Giant Brewing,5.0,Lager - Dark,Can 440ml,440,12.05,Lager
Forgotten Dreams,5.3,England,4.05,Pipeline Brewing Co,5.3,IPA - New England / Hazy,Can 440ml,440,12.05,IPA
Magnificent Tree Frog (BBF:26-03-25),5.3,England,3.81,Azvex Brewing Company,4.6,Pale Ale - American,Can 440ml,440,12.05,Pale Ale
BRB,5.3,England,3.51,Unity Brewing Co,4.6,Pilsner - German,Can 440ml,440,12.05,Pilsner
Joosy,5.3,England,3.79,UnBarred Brewery,5.1,Pale Ale - New England / Hazy,Can 440ml,440,12.05,Pale Ale
Van Aert Gueuze Artisanale Barolo Foeder Aged,9.04,Belgium,4.05,Belgoo,6.2,Lambic - Gueuze,Bottle 750ml,750,12.05,Lambic
Northern Monk x Uchu Patrons Project 34.05 Wheel Of Fortune (BBE 25/12/24),5.3,England,3.47,Northern Monk,6.0,IPA - Fruited,Can 440ml,440,12.05,IPA
Jule Sovs IPA,5.3,Denmark,3.44,To Øl,6.1,IPA - New England / Hazy,Can 440ml,440,12.05,IPA
Jailbreak,5.3,Ireland,3.41,Rascals Brewing Co,4.2,Lager - Helles,Can 440ml,440,12.05,Lager
Dreams of Brew York 2024,5.3,England,3.47,Brew York,6.5,Sour - Fruited,Can 440ml,440,12.05,Sour
Maglia Rosa Berliner Weisse,5.3,Spain,3.65,Cierzo Brewing Co.,3.0,Sour - Fruited Berliner Weisse,Can 440ml,440,12.05,Sour
Common House Copper English Style Pale Ale,5.3,Denmark,3.4,Copenhagen Commons,5.0,Bitter - Extra Special / Strong (ESB),Can 440ml,440,12.05,Bitter
West Coast IPA Tardif de...,5.3,France,3.81,Popihn,7.2,IPA - American,Can 440ml,440,12.05,IPA
Ice Cream Van Classics | Screwball,5.3,England,3.72,Northern Monk,4.5,Pale Ale - Milkshake,Can 440ml,440,12.05,Pale Ale
30 Days - Italian Pilsner,5.3,Denmark,3.33,To Øl,5.0,Pilsner - Italian,Can 440ml,440,12.05,Pilsner
Oh Gosh!,5.3,England,3.72,Cloudwater Brew Co.,5.0,Pale Ale - New England / Hazy,Can 440ml,440,12.05,Pale Ale
Big Ideas Peated Pale,5.3,Scotland,3.54,Simple Things Fermentations,5.6,Smoked Beer,Can 440ml,440,12.05,Smoked Beer
Duvet Vous,5.3,England,3.74,New Bristol Brewery,4.8,IPA - New England / Hazy,Can 440ml,440,12.05,IPA
Kellerbier Oak Aged,5.3,Germany,3.45,Blech.Brut 8 Bit,4.7,Kellerbier / Zwickelbier,Can 440ml,440,12.05,Kellerbier / Zwickelbier
Otan - World famous NATO beer,5.3,Finland,3.07,Olaf Brewing,5.0,IPA - Other,Can 440ml,440,12.05,IPA
Naughty & Nice Chocolate Stout,5.3,England,3.81,Vocation Brewery,5.9,Stout - Milk / Sweet,Can 440ml,440,12.05,Stout
Samba,5.3,France,3.91,The Piggy Brewing Company,7.0,IPA - New England / Hazy,Can 440ml,440,12.05,IPA
Cinnamon Bun Brown,5.3,Scotland,3.56,Simple Things Fermentations,4.8,Brown Ale - Other,Can 440ml,440,12.05,Brown Ale
Crush,5.3,England,3.85,Drop Project,4.6,Pale Ale - American,Can 440ml,440,12.05,Pale Ale
Beacon,5.3,England,3.64,Burning Sky Brewery,5.0,Pale Ale - Other,Can 440ml,440,12.05,Pale Ale
Smoked Scottish Lager,5.3,Scotland,3.57,Otherworld Brewing,5.5,Lager - Smoked,Can 440ml,440,12.05,Lager
Encounter,5.3,England,3.9,Phantom Brewing Co.,5.5,IPA - New England / Hazy,Can 440ml,440,12.05,IPA
Reindeer Fuel,5.3,Denmark,3.66,Amager Bryghus,10.0,Barleywine - American,Can 440ml,440,12.05,Barleywine
Triton,3.98,Belgium,3.61,La Source Beer Co.,5.0,Pale Ale - Other,330ml,330,12.06,Pale Ale
Troika V.5 - Vic Secret & Nectaron Showcase,6.03,Bulgaria,3.85,White Stork Beer Co.,6.3,IPA - New England / Hazy,500ml,500,12.06,IPA
Hopsperiment #18 - IPA,6.03,Bulgaria,3.82,Пивоварна Мелтум (Meltum Brewery),6.0,IPA - New England / Hazy,500ml,500,12.06,IPA
Stu Mostów / Floc. Floccus,5.31,Poland,3.96,Browar Stu Mostów,5.6,IPA - Sour,Can 440ml,440,12.07,IPA
Hazelnut Macchiato Stout,4.29,United States,3.82,Crooked Stave Artisan Beer Project,7.8,Stout - Coffee,355ml,355,12.08,Stout
Medal AF,4.29,United States,3.6,Bootstrap Brewing,6.5,IPA - American,355ml,355,12.08,IPA
Imperial Stout,4.29,England,3.8,Samuel Smith,5.0,Stout - Oatmeal,355ml,355,12.08,Stout
Hop Ottin',4.29,United States,3.55,Anderson Valley Brewing Company,7.0,IPA - American,355ml,355,12.08,IPA
Mind Haze Cosmic Crusher,4.29,United States,3.78,Firestone Walker Brewing Company,9.5,IPA - Imperial / Double,355ml,355,12.08,IPA
Abnormalweiss,4.29,United States,3.61,Abnormal Beer Co.,5.3,Wheat Beer - Hefeweizen,355ml,355,12.08,Wheat Beer
Pickle me Up!,4.29,United States,3.25,Bootstrap Brewing,4.5,Spiced / Herbed Beer,355ml,355,12.08,Spiced / Herbed Beer
Chillax,4.29,United States,3.64,Bootstrap Brewing,4.5,Fruit Beer,355ml,355,12.08,Fruit Beer
Hazy-Hero,4.29,United States,3.75,Revolution Brewing Company,7.3,IPA - New England / Hazy,355ml,355,12.08,IPA
Double IPA,4.29,United States,3.66,Anderson Valley Brewing Company,8.8,IPA - Imperial / Double,355ml,355,12.08,IPA
Anti-Hero,4.29,United States,3.81,Revolution Brewing Company,6.7,IPA - American,355ml,355,12.08,IPA
Samuel Smith Chocolate Stout,4.29,United States,3.93,Broken Tooth Brewing,9.2,Stout - Other,355ml,355,12.08,Stout
Jason - Crystal Lake Hoppy Helles,3.99,Hungary,3.46,Mad Scientist,4.1,Lager - Helles,330ml,330,12.09,Lager
Orca Brau Fluffy Hazy Pale Ale (),3.99,Germany,3.81,orca brau,4.7,Pale Ale - New England / Hazy,330ml,330,12.09,Pale Ale
Dairyfreak Raspberry Juice,3.99,England,3.54,Magic Rock Brewing,5.2,Porter - Other,330ml,330,12.09,Porter
Tutti Frutti Sour Himbeere,3.99,Germany,3.39,Landgang Brauerei,4.8,Sour - Fruited,330ml,330,12.09,Sour
Mosa IPA,3.99,Netherlands,3.56,Zuyd Craft,6.0,IPA - American,330ml,330,12.09,IPA
Brouwerij de Klep Draakstaeker Gerstewijn,3.99,Netherlands,3.71,Brouwerij De Klep,10.5,Barleywine - English,330ml,330,12.09,Barleywine
Let him sing!,3.99,Netherlands,,Cockroach Brew,7.0,IPA - Cold,330ml,330,12.09,IPA
BRLO x The Barn Baltic Barista,3.99,Germany,3.38,BRLO,7.0,Porter - Coffee,330ml,330,12.09,Porter
Liquid Reboot,3.99,Norway,3.96,LERVIG,7.7,IPA - Imperial / Double New England / Hazy,330ml,330,12.09,IPA
Bere (Cider Basque),3.99,Spain,3.69,Sidreria Bereziartua,6.0,Cider - Basque,330ml,330,12.09,Cider
Prenzlauer Berg,3.99,Estonia,3.58,Põhjala,4.5,Sour - Fruited Berliner Weisse,330ml,330,12.09,Sour
Bock Is the G.O.A.T.,3.99,Netherlands,3.29,Dutch Bargain,8.7,Bock - Doppelbock,330ml,330,12.09,Bock
Funky Saison - Lost In the Fishmarket,3.99,Netherlands,3.62,De Kromme Haring,4.8,Farmhouse Ale - Saison,330ml,330,12.09,Farmhouse Ale
Unchained Sin: Blood Orange,3.99,Spain,3.41,La Pirata Brewing,0.5,Non-Alcoholic - IPA,330ml,330,12.09,Non-Alcoholic
Huyghe Delirium Argentum Hopped Amber IPA,3.99,Belgium,3.6,Delirium - Huyghe Brewery,7.0,IPA - Belgian,330ml,330,12.09,IPA
Imperial Barley Wine (Glutenvrij),3.99,Netherlands,3.66,Brouwerij Klein Duimpje,14.0,Gluten-Free,330ml,330,12.09,Gluten-Free
Handdruk,3.99,Netherlands,3.54,Breugem Bier,10.3,Belgian Quadrupel,330ml,330,12.09,Belgian Quadrupel
Vlissingse Blonde,3.99,Netherlands,3.46,Vlissings Bier,6.5,Blonde / Golden Ale - Other,330ml,330,12.09,Blonde / Golden Ale
Spaansch Benauwd,3.99,Netherlands,3.48,Brouwerij 1573/ Brouwerij Hoop,10.0,Barleywine - American,330ml,330,12.09,Barleywine
Kuehn Kunz Rosen Kaffeeböhnsche Coffee Stout,3.99,Germany,3.34,KUEHN KUNZ ROSEN,5.0,Stout - Coffee,330ml,330,12.09,Stout
Peninsula Hop On American Pale Ale,3.99,Spain,3.4,Cervecera Península,5.5,Pale Ale - American,330ml,330,12.09,Pale Ale
Prizm Brewing Co. Bali,3.99,United States,3.58,Bald Birds Brewing Company,7.3,IPA - Other,330ml,330,12.09,IPA
Pohjala Must Kuld Paper Mill,3.99,Estonia,3.79,Põhjala,7.8,Porter - Coffee,Can 330ml,330,12.09,Porter
Tartu Pilsner,3.99,Estonia,3.42,Pühaste Brewery,5.0,Pilsner - Czech / Bohemian,330ml,330,12.09,Pilsner
Kuehn Kunz Rosen Mystique IPA,3.99,Germany,3.61,KUEHN KUNZ ROSEN,7.0,IPA - American,330ml,330,12.09,IPA
N'ice Chouffe belgisches Winterbier,3.99,Belgium,3.66,Brasserie d'Achouffe,10.0,Winter Ale,330ml,330,12.09,Winter Ale
Seawise Witbier,3.99,Netherlands,3.14,Dutch Bargain,4.3,Wheat Beer - Fruited,330ml,330,12.09,Wheat Beer
Anderson's Phat Fill,3.99,Estonia,3.57,Anderson's Craft Beer,6.2,IPA - Black / Cascadian Dark Ale,330ml,330,12.09,IPA
Russian Imperial Stout,3.99,Netherlands,3.79,Eggens,11.0,Stout - Russian Imperial,330ml,330,12.09,Stout
Barley Wine,3.99,Netherlands,3.76,Eggens,12.5,Barleywine - American,330ml,330,12.09,Barleywine
Can I Lick It ?,3.99,Netherlands,3.74,Cockroach Brew,8.5,IPA - Imperial / Double New England / Hazy,330ml,330,12.09,IPA
Houblon Chouffe IPA,3.99,Belgium,3.67,Brasserie d'Achouffe,9.0,IPA - Belgian,330ml,330,12.09,IPA
Huyghe Delirium Christmas,3.99,Belgium,3.76,Delirium - Huyghe Brewery,10.0,Winter Ale,330ml,330,12.09,Winter Ale
Koffielust,3.99,Netherlands,3.74,Eggens,10.0,Stout - Imperial / Double Coffee,330ml,330,12.09,Stout
Hanz,3.99,Netherlands,3.64,Kaapse Brouwers,11.5,Porter - Imperial / Double Baltic,330ml,330,12.09,Porter
Zeeuws Blond Blonde Ale,3.99,Netherlands,3.45,Dutch Bargain,6.7,Blonde / Golden Ale - Other,330ml,330,12.09,Blonde / Golden Ale
VandeStreek Fun House NEIPA alkoholfrei,3.99,Hong Kong,3.31,Gweilo Beer/ vandeStreek bier,0.5,Non-Alcoholic - IPA,330ml,330,12.09,Non-Alcoholic
Huyghe Delirium Red Strong Fruit Beer,3.99,Belgium,3.58,Delirium - Huyghe Brewery,8.0,Fruit Beer,330ml,330,12.09,Fruit Beer
Kutbier (Blond met Pruimen),3.99,Netherlands,3.36,Brouwerij Boegbeeld,6.3,Belgian Blonde,330ml,330,12.09,Belgian Blonde
Mint To Be,3.99,Netherlands,2.99,Jopen,6.0,Farmhouse Ale - Saison,330ml,330,12.09,Farmhouse Ale
Freedom Lemonade,3.99,United States,3.88,Revolution Brewing Company,4.5,Sour - Fruited,330ml,330,12.09,Sour
Export Porter,3.99,Netherlands,3.85,Brouwerij Kees,10.5,Porter - Imperial / Double,330ml,330,12.09,Porter
Tank 7 Farmhouse Ale,3.99,United States,3.76,Boulevard Brewing Co.,8.5,Farmhouse Ale - Saison,330ml,330,12.09,Farmhouse Ale
Op Den Ophef Dubble,3.99,Netherlands,3.35,Stadsbrouwerij 013,7.0,Belgian Dubbel,330ml,330,12.09,Belgian Dubbel
Droom,3.99,Netherlands,3.68,ROTT. Brouwers,6.0,IPA - American,330ml,330,12.09,IPA
Pastry Train Canelé,3.99,Netherlands,3.9,Brouwerij Kees,13.1,Stout - Imperial / Double Pastry,330ml,330,12.09,Stout
Real Strawberry,3.99,Scotland,3.54,Thistly Cross Cider,4.0,Cider - Other Fruit,330ml,330,12.09,Cider
Bliss,3.99,Netherlands,3.73,ROTT. Brouwers,5.5,IPA - New England / Hazy,330ml,330,12.09,IPA
Linnutee,3.99,Estonia,3.68,Pühaste Brewery,6.0,Stout - Coffee,330ml,330,12.09,Stout
Last 10 Seconds,3.99,Netherlands,3.59,Cockroach Brew,7.0,IPA - American,330ml,330,12.09,IPA
Kveik Culture: Alesmith,3.99,Norway,3.7,LERVIG,6.5,IPA - American,330ml,330,12.09,IPA
Bionic Blacksmith,3.99,Netherlands,3.51,JELSTER,7.0,IPA - Black / Cascadian Dark Ale,330ml,330,12.09,IPA
Hop To Be Square,3.99,Netherlands,3.55,Jopen,6.0,IPA - Cold,330ml,330,12.09,IPA
Cinnamon Roll,3.99,Netherlands,3.66,Brouwerij Kees,11.7,Stout - Imperial / Double Pastry,330ml,330,12.09,Stout
Huyghe Delirium Tremens Strong Blond,3.99,Belgium,3.85,Delirium - Huyghe Brewery,8.5,Belgian Strong Golden Ale,330ml,330,12.09,Belgian Strong Golden Ale
Heimdall Imperial Rye Bock,3.99,Netherlands,3.6,Walhalla Brouwerij & Proeflokaal,8.5,Bock - Doppelbock,330ml,330,12.09,Bock
Daemon #20 Ragana – Baltic Porter With Cherries,3.99,Netherlands,3.69,Walhalla Brouwerij & Proeflokaal,9.0,Porter - Baltic,330ml,330,12.09,Porter
Bomba Juicy Pale Ale,3.99,Italy,3.59,Mister B Brewery,5.4,Pale Ale - Other,330ml,330,12.09,Pale Ale
Wildwuchs Sutsche Witbier BIO,3.99,Germany,3.27,Wildwuchs Brauwerk Hamburg,5.2,Wheat Beer - Witbier / Blanche,330ml,330,12.09,Wheat Beer
Strawberry Pie,3.99,Sweden,3.77,Brewski,8.5,Sour - Smoothie / Pastry,330ml,330,12.09,Sour
Dutch Bargain/Aquamossel Mosselbier Witbier,3.99,Netherlands,3.24,Dutch Bargain,4.6,Wheat Beer - Witbier / Blanche,330ml,330,12.09,Wheat Beer
Zoetsappig (2025),3.99,Netherlands,3.3,Brouwerij Vogelvrij,6.7,Honey Beer,330ml,330,12.09,Honey Beer
Mudskipper V18,3.99,Netherlands,3.73,De Kromme Haring,5.5,IPA - New England / Hazy,330ml,330,12.09,IPA
Primeur Pale Ale Editie: Verse Hop '24,3.99,Netherlands,3.99,Brouwerij Heft,6.6,Pale Ale - American,330ml,330,12.09,Pale Ale
Mc Chouffe Belgisch Bruin Bier,3.99,Belgium,3.64,Brasserie d'Achouffe,8.0,Belgian Strong Dark Ale,330ml,330,12.09,Belgian Strong Dark Ale
Zuidwester Tripel,3.99,Netherlands,3.48,Dutch Bargain,8.5,Belgian Tripel,330ml,330,12.09,Belgian Tripel
Wonder,3.99,Denmark,2.66,Mikkeller,5.0,Non-Alcoholic - Wheat,330ml,330,12.09,Non-Alcoholic
Wildwuchs Broid NEIPA BIO,3.99,Germany,3.56,Wildwuchs Brauwerk Hamburg,6.3,IPA - New England / Hazy,330ml,330,12.09,IPA
Green Bullet,3.99,Netherlands,3.53,Two Chefs Brewing,6.5,IPA - American,330ml,330,12.09,IPA
Toutsnav,3.99,Sweden,3.96,Brewski,11.0,Stout - Russian Imperial,330ml,330,12.09,Stout
You You Pangu,3.99,Norway,3.74,LERVIG,8.2,IPA - Imperial / Double New England / Hazy,330ml,330,12.09,IPA
Roulette Hop Series: Elani,3.99,Estonia,3.87,Pühaste Brewery,6.9,IPA - New England / Hazy,330ml,330,12.09,IPA
Bird Of Prey Ipa,3.99,Netherlands,3.6,Uiltje Brewing Company,5.8,IPA - American,330ml,330,12.09,IPA
Baltic Porter,3.99,Germany,3.46,BRLO,8.0,Porter - Baltic,330ml,330,12.09,Porter
Pohjala Öö Cassis,3.99,Estonia,3.84,Põhjala,10.5,Porter - Imperial / Double Baltic,330ml,330,12.09,Porter
Artic Circles part 1,3.99,Norway,3.82,Bådin,6.5,IPA - New England / Hazy,330ml,330,12.09,IPA
Piece of Cake ‘Apple Crumble Pie',3.99,Netherlands,4.02,Brouwerij Frontaal,10.0,Stout - Imperial / Double Pastry,330ml,330,12.09,Stout
Kosmos,3.99,Estonia,3.64,Põhjala,5.5,IPA - New England / Hazy,Can 330ml,330,12.09,IPA
Mac Ivors Session Cider,3.99,Northern Ireland,3.53,Mac Ivors Cider Company,4.2,Cider - Traditional / Apfelwein,330ml,330,12.09,Cider
Second Date,3.99,Netherlands,3.72,Rock City Brewing,7.5,IPA - Imperial / Double New England / Hazy,330ml,330,12.09,IPA
Wildwuchs Bock O'range BIO,3.99,Germany,3.49,Wildwuchs Brauwerk Hamburg,7.9,Bock - Doppelbock,330ml,330,12.09,Bock
Julebryg Lager,3.99,Denmark,2.88,Thisted Bryghus,7.9,Lager - Winter,330ml,330,12.09,Lager
Kutbier (Blond met Perzik),3.99,Netherlands,3.36,Brouwerij Boegbeeld,6.3,Belgian Blonde,330ml,330,12.09,Belgian Blonde
Iron Skies,3.99,Netherlands,3.81,Brouwerij Frontaal,10.5,Stout - Imperial / Double Coffee,330ml,330,12.09,Stout
IPA,3.99,Netherlands,3.35,BrewDistrict24,5.5,Blonde / Golden Ale - Other,330ml,330,12.09,Blonde / Golden Ale
Julefnug Bock,3.99,Denmark,2.9,Thisted Bryghus,5.8,Lager - Winter,330ml,330,12.09,Lager
Zware Hufter,3.99,Netherlands,3.45,Dampegheest,10.0,Barleywine - English,330ml,330,12.09,Barleywine
Warmouth V12,3.99,Netherlands,3.75,De Kromme Haring,6.0,IPA - New England / Hazy,330ml,330,12.09,IPA
Bleu,3.99,Belgium,3.9,Bières de Chimay,9.0,Belgian Strong Dark Ale,330ml,330,12.09,Belgian Strong Dark Ale
Mongy Noel,3.99,France,3.54,Brasserie Cambier,8.0,Winter Ale,330ml,330,12.09,Winter Ale
Solliciteur Roggebock,3.99,Netherlands,3.55,Bierbrouwerij De Magistraat,7.0,Bock - Single / Traditional,330ml,330,12.09,Bock
Klaar Pet Nat Cider,3.99,Germany,3.5,klaar - fruchtfermente,6.0,Cider - Dry,330ml,330,12.09,Cider
Pogie (Cambrian Series),3.99,Netherlands,3.48,De Kromme Haring,5.5,Pale Ale - English,330ml,330,12.09,Pale Ale
Weird Weather Non-Alcoholic IPA,3.99,Denmark,3.31,Mikkeller,0.3,Non-Alcoholic - IPA,330ml,330,12.09,Non-Alcoholic
Kosk,3.99,Estonia,3.89,Pühaste Brewery,8.0,IPA - Imperial / Double New England / Hazy,330ml,330,12.09,IPA
Campagnol,3.99,Belgium,3.49,La Source Beer Co.,4.9,Pilsner - Other,Can 330ml,330,12.09,Pilsner
Rákóczi Túrós Strawberry EDT,3.99,Hungary,3.69,Mad Scientist,10.0,Sour - Smoothie / Pastry,330ml,330,12.09,Sour
Scheepsbok,3.99,Netherlands,3.43,Brouwerij Homeland,6.5,Bock - Single / Traditional,330ml,330,12.09,Bock
Ich Bin Peach,3.99,Denmark,3.72,Mikkeller,3.7,Sour - Fruited Berliner Weisse,330ml,330,12.09,Sour
St. Bernardus Abt 12 Quadrupel,3.99,Belgium,4.0,Brouwerij St.Bernardus,10.0,Belgian Quadrupel,330ml,330,12.09,Belgian Quadrupel
Iskold Classic,3.99,Denmark,3.36,Mikkeller,5.6,Lager - Vienna,330ml,330,12.09,Lager
Heidi Aus Terpeen,3.99,Belgium,3.54,Dok Brewing Company,6.6,IPA - American,330ml,330,12.09,IPA
Refsvindinge Stærke Julius Lager,3.99,Denmark,3.11,Bryggeriet Refsvindinge,8.5,Belgian Dubbel,330ml,330,12.09,Belgian Dubbel
De echte Zaanse Mosterd tripel,3.99,Netherlands,3.1,Brouwerij Hoop,8.1,Belgian Tripel,330ml,330,12.09,Belgian Tripel
ROTT.bliss,3.99,Netherlands,3.73,ROTT. Brouwers,5.5,IPA - New England / Hazy,330ml,330,12.09,IPA
Easy Peasy Pilsner Alkoholfrei,3.99,Denmark,3.22,Mikkeller,0.3,Non-Alcoholic - Lager,330ml,330,12.09,Non-Alcoholic
Marrellomorpha (2024),3.99,Netherlands,3.61,De Kromme Haring,7.0,Bock - Doppelbock,330ml,330,12.09,Bock
Quart Peche,3.99,France,3.94,Brasserie La Malpolon,4.5,Wheat Beer - Fruited,330ml,330,12.09,Wheat Beer
VandeStreek Playground IPA alkoholfrei,3.99,Netherlands,3.33,vandeStreek bier,0.5,Non-Alcoholic - IPA,330ml,330,12.09,Non-Alcoholic
VandeStreek Grapefruit IPA alkoholfrei,3.99,Netherlands,3.27,vandeStreek bier,0.5,Non-Alcoholic - IPA,330ml,330,12.09,Non-Alcoholic
Strieper Prototype No15 Imperial March Stout,3.99,Netherlands,3.76,Strieper Craft Beer Company,9.7,Stout - Imperial / Double,330ml,330,12.09,Stout
Think BLINK,3.99,Belgium,3.31,BRAUW,6.5,Fruit Beer,330ml,330,12.09,Fruit Beer
Energibajer Lemon,3.99,Denmark,3.17,Mikkeller,0.3,Non-Alcoholic - Lager,330ml,330,12.09,Non-Alcoholic
Huyghe Delirium Nocturnum Strong Dark,3.99,Belgium,3.76,Delirium - Huyghe Brewery,8.5,Belgian Strong Dark Ale,330ml,330,12.09,Belgian Strong Dark Ale
Bockenreyder 2024,3.99,Netherlands,3.42,Big Belly Brewing Company,7.0,Bock - Weizenbock,330ml,330,12.09,Bock
Duivelsbier,3.99,Belgium,3.37,Brouwerij Boon,7.0,Lambic - Gueuze,330ml,330,12.09,Lambic
Drop Bock,3.99,Netherlands,3.61,Brouwerij Frontaal,7.5,Bock - Doppelbock,330ml,330,12.09,Bock
Kriek Brut Sour,3.99,Belgium,3.69,Brouwerij Liefmans,6.0,Fruit Beer,330ml,330,12.09,Fruit Beer
Drink'in In The Sun Non-Alcoholic Wheat Ale,3.99,Denmark,3.24,Mikkeller,0.3,Non-Alcoholic - Wheat,330ml,330,12.09,Non-Alcoholic
Enjoy the Silence,3.99,Netherlands,3.75,Brouwerij Kees,11.5,Belgian Quadrupel,330ml,330,12.09,Belgian Quadrupel
Siren Just Because,5.33,England,3.76,Siren Craft Brew,7.0,IPA - American,Can 440ml,440,12.11,IPA
SURETTE #1 - 33cl,4.0,France,3.87,Brasserie La Malpolon,5.4,Sour - Fruited,330ml,330,12.12,Sour
Black IPA,4.0,Netherlands,3.52,Hooglander Bier,7.1,IPA - Black / Cascadian Dark Ale,330ml,330,12.12,IPA
6 Roses NA IPA,4.0,Belgium,3.25,Brasserie ILLegaaL,2.8,Non-Alcoholic - IPA,330ml,330,12.12,Non-Alcoholic
Forel,4.0,Belgium,3.34,Stroom,5.4,Wheat Beer - American Pale Wheat,330ml,330,12.12,Wheat Beer
Tinto,4.0,Belgium,3.4,Brouwerij Hof ten Dormaal,6.0,Belgian Blonde,330ml,330,12.12,Belgian Blonde
Lets Gose To The Beach,4.0,Netherlands,3.36,Jopen,4.0,Sour - Other Gose,330ml,330,12.12,Sour
Peach Melba Sour,4.0,Scotland,3.74,Pilot,4.3,Sour - Fruited,330ml,330,12.12,Sour
Lets Get Spanish,4.0,Netherlands,3.22,Jopen,5.0,Wheat Beer - Hefeweizen,330ml,330,12.12,Wheat Beer
Malle Babbe,4.0,Netherlands,3.39,Jopen,5.5,Wheat Beer - Other,330ml,330,12.12,Wheat Beer
Tripel,4.0,Belgium,3.39,Brouwerij Hof ten Dormaal,8.0,Belgian Tripel,330ml,330,12.12,Belgian Tripel
Meloncherry Cider,4.0,England,3.66,Red Fin Cider,3.4,Cider - Other Fruit,Bottle 330ml,330,12.12,Cider
Troubadour Blonde,4.0,Belgium,3.48,Brouwerij The Musketeers,6.5,Belgian Blonde,330ml,330,12.12,Belgian Blonde
Félegyházi Mangós Búza,4.0,Hungary,3.62,Félegyházi Sörműhely,5.0,Wheat Beer - Fruited,330ml,330,12.12,Wheat Beer
Squizz,4.0,Belgium,3.48,Fugu Brewing Co.,6.0,Fruit Beer,330ml,330,12.12,Fruit Beer
Abstinenence Absolue NA IPA,4.0,Belgium,3.25,Brasserie Surréaliste,0.4,Non-Alcoholic - IPA,330ml,330,12.12,Non-Alcoholic
Saison,4.0,Belgium,3.35,Brouwerij Hof ten Dormaal,5.8,Farmhouse Ale - Saison,330ml,330,12.12,Farmhouse Ale
Barking White,4.0,Belgium,3.41,Belgian Balance,0.5,Non-Alcoholic - IPA,330ml,330,12.12,Non-Alcoholic
Fruli Strawberry,4.0,Belgium,3.68,Delirium - Huyghe Brewery,4.1,Fruit Beer,330ml,330,12.12,Fruit Beer
India Pale Ale Amarillo,4.0,England,3.89,The Kernel Brewery,6.8,IPA - American,Bottle 330ml,330,12.12,IPA
Saison du Meyboom (2024),4.0,Belgium,3.67,Brasserie de la Senne,5.2,Farmhouse Ale - Saison,330ml,330,12.12,Farmhouse Ale
Brewing - Tsunami: 2016 Vintage,4.0,United States,3.77,Pelican Brewing Company,7.0,Stout - Foreign / Export,330ml,330,12.12,Stout
Blond,4.0,Belgium,3.48,Enigma,7.2,Belgian Blonde,330ml,330,12.12,Belgian Blonde
Playground NA IPA,4.0,Netherlands,3.33,vandeStreek bier,0.5,Non-Alcoholic - IPA,330ml,330,12.12,Non-Alcoholic
Tundra NA IPA,4.0,Estonia,3.05,Põhjala,0.5,Non-Alcoholic - IPA,330ml,330,12.12,Non-Alcoholic
Opgebokt! Chocolate Doppelbock,4.0,Netherlands,3.42,Van Moll,7.0,Bock - Doppelbock,Can 330ml,330,12.12,Bock
Nina Blanca,4.0,France,3.24,La Débauche,5.0,Wheat Beer - Witbier / Blanche,330ml,330,12.12,Wheat Beer
Tripel,4.0,Belgium,3.57,Enigma,9.0,Belgian Tripel,330ml,330,12.12,Belgian Tripel
Double Wood Bocoy Chestnut,4.0,Belgium,3.57,Brouwerij 't Verzet,6.0,Sour - Flanders Oud Bruin,330ml,330,12.12,Sour
Spitsbergen Blonde,4.0,Norway,3.42,Svalbard Bryggeri,6.0,Blonde / Golden Ale - American,330ml,330,12.12,Blonde / Golden Ale
Capote,4.0,Portugal,3.66,Barona Brewing Company,4.6,Stout - Irish Dry,330ml,330,12.12,Stout
Elixer New England IPA,4.0,Netherlands,3.65,Walhalla Brouwerij & Proeflokaal,6.0,IPA - New England / Hazy,Can 330ml,330,12.12,IPA
Lusitania Express,4.0,Spain,3.83,Invisible Brewery,7.0,Stout - Other,330ml,330,12.12,Stout
Pale Ale,4.0,Belgium,3.56,Brasserie Surréaliste,5.2,Pale Ale - American,330ml,330,12.12,Pale Ale
No Way Out,4.0,Netherlands,3.85,Brouwerij Frontaal,10.0,Barleywine - Other,330ml,330,12.12,Barleywine
Sigma Wild Forest,4.0,Belgium,3.92,Brouwerij Alvinne,8.0,Sour - Flanders Oud Bruin,330ml,330,12.12,Sour
Crabbies Raspberry,4.0,Scotland,3.38,John Crabbie & Co,4.0,Hard Ginger Beer,330ml,330,12.12,Hard Ginger Beer
Wheat Ale Citron Verveine BIO,4.0,France,3.46,Effet Papillon,4.5,Fruit Beer,330ml,330,12.12,Fruit Beer
Wild West Kriek-framboos,4.0,Belgium,3.97,Brouwerij Alvinne,6.0,Sour - Fruited,330ml,330,12.12,Sour
La Verguenza,4.0,Belgium,3.76,Brasserie de la Senne,7.5,IPA - Imperial / Double,330ml,330,12.12,IPA
Eternal Now,4.0,Sweden,3.05,Omnipollo,0.3,Non-Alcoholic - Porter / Stout,330ml,330,12.12,Non-Alcoholic
Tynt Meadow Trappist Ale,4.0,England,3.64,Mount Saint Bernard Abbey,7.4,Strong Ale - English,330ml,330,12.12,Strong Ale
Sheppy's Classic Cider 50cl,4.0,England,3.39,Sheppy's Cider Ltd,5.5,Non-Alcoholic - Cider / Perry,330ml,330,12.12,Non-Alcoholic
Sorcery,4.0,France,4.16,La Débauche,14.0,Stout - Imperial / Double Milk,330ml,330,12.12,Stout
Hempy Koa,4.0,Slovakia,3.12,Nilio Brewery,0.5,Spiced / Herbed Beer,330ml,330,12.12,Spiced / Herbed Beer
Bouts Leuvense Witte,4.0,Belgium,3.31,Brouwerij Hof ten Dormaal,4.5,Wheat Beer - Witbier / Blanche,330ml,330,12.12,Wheat Beer
Herberg Tripel,4.0,Belgium,3.45,Den Herberg,8.0,Belgian Tripel,330ml,330,12.12,Belgian Tripel
Oud Bruin,4.0,Belgium,3.59,Brouwerij 't Verzet,6.0,Sour - Flanders Oud Bruin,330ml,330,12.12,Sour
Whiplash / White Frontier - Blue Ghosts,4.0,Ireland,3.51,Whiplash,5.2,Pilsner - German,Can 330ml,330,12.12,Pilsner
More Complicated Than Your Girlfriend Stout,4.0,Finland,3.66,The Flying Dutchman Nomad Brewing Company,8.0,Stout - Imperial / Double,330ml,330,12.12,Stout
Floris Framboos,4.0,Belgium,3.55,Delirium - Huyghe Brewery,3.6,Fruit Beer,330ml,330,12.12,Fruit Beer
Samurai,4.0,Belgium,3.44,Fugu Brewing Co.,3.8,Pale Ale - Belgian,330ml,330,12.12,Pale Ale
Bird Of Prey,4.0,Netherlands,3.3,Uiltje Brewing Company,0.2,Non-Alcoholic - IPA,Can 330ml,330,12.12,Non-Alcoholic
Douze,4.0,Belgium,3.7,Brewery De Meester,12.0,Belgian Quadrupel,330ml,330,12.12,Belgian Quadrupel
Floris Chocolate,4.0,Belgium,2.79,Delirium - Huyghe Brewery,4.2,Spiced / Herbed Beer,330ml,330,12.12,Spiced / Herbed Beer
Oude Geuze,4.55,Belgium,3.77,Oud Beersel,6.0,Lambic - Gueuze,Bottle 375ml,375,12.13,Lambic
The Piggy Brewing Galaxy Tornado,5.34,France,4.03,The Piggy Brewing Company,8.0,IPA - Imperial / Double New England / Hazy,Can 440ml,440,12.14,IPA
Huyghe Delirium Nocturnum,4.01,Belgium,3.76,Delirium - Huyghe Brewery,8.5,Belgian Strong Dark Ale,330ml,330,12.15,Belgian Strong Dark Ale
WEST COAST IPA #004 IDAHO 7/CRYO POP,5.35,Sweden,3.68,Fermenterarna,6.8,IPA - American,Can 440ml,440,12.16,IPA
Belma & Mosaic Liquid,5.35,Spain,3.84,MALANDAR Craft Beer,6.5,IPA - New England / Hazy,Can 440ml,440,12.16,IPA
WEST COAST IPA #003 SABRO/MOSAIC,5.35,Sweden,3.62,Fermenterarna,6.8,IPA - American,Can 440ml,440,12.16,IPA
FRUITY SUMMER RIDE,5.35,Sweden,3.75,Fermenterarna,5.6,Sour - Fruited,Can 440ml,440,12.16,Sour
WEST COAST IPA #005 WAINEA/ IDAHO 7/MOSAIC,5.35,Sweden,3.69,Fermenterarna,6.8,IPA - American,Can 440ml,440,12.16,IPA
Divona IPL,5.35,Netherlands,3.67,Walhalla Brouwerij & Proeflokaal,5.8,Lager - IPL (India Pale Lager),Can 440ml,440,12.16,Lager
Monkey Tennis,5.35,Germany,3.93,FUERST WIACEK,6.8,IPA - New England / Hazy,Can 440ml,440,12.16,IPA
AORAKI,5.35,Latvia,3.95,Hopalaa,6.7,IPA - New England / Hazy,Can 440ml,440,12.16,IPA
Visual Calculus,5.35,England,4.05,Azvex Brewing Company,7.3,IPA - New England / Hazy,Can 440ml,440,12.16,IPA
New And Improved! GBG,5.35,Sweden,3.93,Stigbergets Bryggeri,6.5,IPA - New England / Hazy,Can 440ml,440,12.16,IPA
MELLOW MIDNIGHT,5.35,Sweden,3.81,Fermenterarna,6.2,IPA - New England / Hazy,Can 440ml,440,12.16,IPA
Kadodo Tripel,9.15,Netherlands,3.56,Bird Brewery,8.0,Belgian Tripel,Bottle 750ml,750,12.2,Belgian Tripel
Carles: Gelato: Sangria,6.1,Poland,3.88,Funky Fluid,5.5,Sour - Smoothie / Pastry,500ml,500,12.2,Sour
Juju,6.1,Poland,3.83,COYPU,7.5,IPA - Black / Cascadian Dark Ale,500ml,500,12.2,IPA
Verloren donker whiskey infused,4.03,Belgium,3.51,Tom's Brouwerij,7.5,Belgian Strong Dark Ale,330ml,330,12.21,Belgian Strong Dark Ale
Verloren donker rum oaked,4.03,Belgium,3.45,Tom's Brouwerij,7.5,Belgian Strong Dark Ale,330ml,330,12.21,Belgian Strong Dark Ale
Taymans Saison-Lambic,4.03,Belgium,3.36,Brasserie TAYMANS Brouwerij,6.2,Farmhouse Ale - Saison,330ml,330,12.21,Farmhouse Ale
Oude Geuze 2018-2019,9.17,Belgium,3.63,Brouwerij Boon,7.0,Lambic - Gueuze,Bottle 750ml,750,12.23,Lambic
Zwart-Jaune-Rot Belgische Vlag,4.04,Netherlands,3.6,Mister Hop,10.0,Belgian Tripel,330ml,330,12.24,Belgian Tripel
Next Chance No.2,4.04,Hungary,3.73,Fraktaal Brewing,6.0,IPA - New England / Hazy,330ml,330,12.24,IPA
Brewski / Other Half - Other Hans,4.04,Sweden,3.79,Brewski,6.9,IPA - New England / Hazy,Can 330ml,330,12.24,IPA
Super Lemon Ale,4.04,Italy,3.71,Ritual Lab,5.3,Pale Ale - American,Can 330ml,330,12.24,Pale Ale
Schwarz-Rot-Gold (Bundesflagge),4.04,Netherlands,3.58,Mister Hop,10.0,Belgian Tripel,330ml,330,12.24,Belgian Tripel
Monkey Temple Vanille Hefeweizen,4.04,Hungary,3.43,Mad Scientist,4.6,Wheat Beer - Hefeweizen,330ml,330,12.24,Wheat Beer
Blueberry Maple Syrup Pancake,5.39,Netherlands,3.72,KOMPAAN Dutch Craft Beer Company,11.0,Stout - Pastry,Can 440ml,440,12.25,Stout
Galaxy Tornado,5.39,France,4.03,The Piggy Brewing Company,8.0,IPA - Imperial / Double New England / Hazy,Can 440ml,440,12.25,IPA
Brewing Idaho Connection,5.39,France,3.78,The Piggy Brewing Company,6.0,IPA - New England / Hazy,Can 440ml,440,12.25,IPA
Paradigm Shift,5.39,Scotland,3.81,Fierce Beer,7.2,IPA - Imperial / Double,Can 440ml,440,12.25,IPA
Fuerst Wiacek Permafrost,5.39,Germany,3.83,FUERST WIACEK,7.5,Porter - Baltic,Can 440ml,440,12.25,Porter
Rabarber Lambiek Beer Box,37.96,Belgium,3.75,Oud Beersel,5.0,Lambic - Other,3100ml,3100,12.25,Lambic
Julebryg 2024,5.39,Denmark,3.33,Amager Bryghus,6.0,Scottish Export Ale,Can 440ml,440,12.25,Scottish Export Ale
Unverhopft x Brique House Superdelic Wanderlust Hopfenweizen,5.39,Germany,3.64,Unverhopft,6.5,Wheat Beer - Hopfenweisse,Can 440ml,440,12.25,Wheat Beer
Crazy Lines #58: Elani,6.13,Poland,3.86,Browar Nepomucen,7.1,IPA - Imperial / Double,500ml,500,12.26,IPA
Open Craft 2024,6.13,Poland,4.0,Browar Nepomucen,5.3,Sour - Smoothie / Pastry,500ml,500,12.26,Sour
45 DAYS IPL,5.4,Denmark,3.54,To Øl,5.5,Lager - IPL (India Pale Lager),Can 440ml,440,12.27,Lager
Funky Saison - Lost at the Fish Market,4.05,Netherlands,3.62,De Kromme Haring,4.8,Farmhouse Ale - Saison,330ml,330,12.27,Farmhouse Ale
NEIPA No.5,5.4,England,3.87,Howling Hops,5.9,IPA - New England / Hazy,Can 440ml,440,12.27,IPA
Beehive Tetherball,5.4,Netherlands,3.42,Uiltje Brewing Company,3.9,IPA - Session,Can 440ml,440,12.27,IPA
Marzen,5.4,England,3.78,Indie Rabble,5.2,Märzen,Can 440ml,440,12.27,Märzen
Generation Ship,5.4,England,3.78,Gravity Well Brewing Co,4.6,Pale Ale - New England / Hazy,Can 440ml,440,12.27,Pale Ale
Stollen From Ivor,5.4,England,3.74,Cloudwater Brew Co.,5.0,Stout - Pastry,Can 440ml,440,12.27,Stout
Turbo Wave,5.4,England,,We Can Be Friends,0.5,Non-Alcoholic - IPA,Can 440ml,440,12.27,Non-Alcoholic
Sonoma,5.4,England,3.75,Track Brewing Company,3.8,Pale Ale - New England / Hazy,Can 440ml,440,12.27,Pale Ale
Pils,5.4,England,4.11,Mills Brewing,6.0,Pilsner - Other,Can 440ml,440,12.27,Pilsner
Burning Sky - NZ Pils,5.4,England,3.75,Burning Sky Brewery,4.5,Pilsner - New Zealand,Can 440ml,440,12.27,Pilsner
Rauchbier,5.4,Scotland,3.66,Simple Things Fermentations,5.4,Rauchbier,Can 440ml,440,12.27,Rauchbier
Spezial,5.4,England,3.79,Track Brewing Company,5.7,Festbier,Can 440ml,440,12.27,Festbier
L'Esprit de Noël,4.05,Belgium,3.52,Brouwerij De Dochter van de Korenaar,8.5,Winter Ale,330ml,330,12.27,Winter Ale
Black Sabbath Quadrupel,4.05,Netherlands,3.57,Brouwerij Bliksem,10.0,Belgian Quadrupel,330ml,330,12.27,Belgian Quadrupel
Key Lime Pie,5.4,Scotland,3.7,Up Front Brewing,5.2,Sour - Other,Can 440ml,440,12.27,Sour
Fuzzy Greens,5.4,Denmark,3.98,Bad Seed Brewing,8.0,IPA - Imperial / Double New England / Hazy,Can 440ml,440,12.27,IPA
Ghoul,5.4,Denmark,3.8,Bad Seed Brewing,8.0,IPA - Imperial / Double,Can 440ml,440,12.27,IPA
Raving Pils 2024,5.4,Germany,3.8,FUERST WIACEK,5.0,Pilsner - Other,Can 440ml,440,12.27,Pilsner
Kriek,5.4,Scotland,3.36,SixºNorth,6.0,Fruit Beer,Can 440ml,440,12.27,Fruit Beer
First Twilight Cucudile,5.4,Hungary,3.67,FIRST Craft Beer,4.0,Sour - Fruited,Can 440ml,440,12.27,Sour
Glasshouse Dandelion,5.4,England,3.83,GlassHouse Beer Co,4.0,Pale Ale - New England / Hazy,Can 440ml,440,12.27,Pale Ale
Rotbier | Big Ideas Series 37,5.4,Scotland,3.7,Simple Things Fermentations,5.2,Lager - Rotbier,Can 440ml,440,12.27,Lager
Dry Bones (Project Barista 24),5.4,England,3.63,Siren Craft Brew,6.6,IPA - Brut,Can 440ml,440,12.27,IPA
Dream Shaper,5.4,England,3.89,Track Brewing Company,4.0,Pale Ale - New England / Hazy,Can 440ml,440,12.27,Pale Ale
Juicy Details,5.4,England,3.84,Siren Craft Brew,6.0,IPA - New England / Hazy,Can 440ml,440,12.27,IPA
Dr Raptor,4.05,Netherlands,3.68,Uiltje Brewing Company,8.2,IPA - Imperial / Double,330ml,330,12.27,IPA
Kandy Hop,5.4,Scotland,3.79,Overtone Brewing Co,4.5,Pale Ale - American,Can 440ml,440,12.27,Pale Ale
Hazy Nebula,5.4,Netherlands,3.73,Moersleutel Craft Brewery,6.5,IPA - New England / Hazy,Can 440ml,440,12.27,IPA
The Pfeffernusse Stout 2024,5.4,England,3.57,Anspach & Hobday,5.5,Stout - Pastry,Can 440ml,440,12.27,Stout
Treesqueak,5.4,England,3.6,Tartarus Beers,4.3,Pale Ale - American,Can 440ml,440,12.27,Pale Ale
Mango Mimosa,5.4,Scotland,3.64,Campervan Brewery,4.7,Sour - Fruited Berliner Weisse,Can 440ml,440,12.27,Sour
Santa Paws,5.4,Wales,3.87,Dog's Window Brewery,6.0,Stout - Oatmeal,Can 440ml,440,12.27,Stout
Tokyo Kaiju,5.4,Hungary,3.69,Mad Scientist,9.0,IPA - Fruited,Can 440ml,440,12.27,IPA
Brokilde Winter,5.4,Denmark,3.42,To Øl,8.5,Belgian Tripel,Can 440ml,440,12.27,Belgian Tripel
45 Days of X-mas,5.4,Denmark,3.18,To Øl,5.0,Lager - Vienna,Can 440ml,440,12.27,Lager
Festbier '24,5.4,England,3.7,Verdant Brewing Co,5.5,Festbier,Can 440ml,440,12.27,Festbier
Wander,5.4,England,3.88,Infinity Brewing Company,5.3,Stout - Pastry,Can 440ml,440,12.27,Stout
Get in the Sea!,4.05,Netherlands,3.5,Jopen,6.5,Porter - Other,330ml,330,12.27,Porter
Tripel (2023),4.05,Belgium,3.82,Abbaye de Maredsous,10.0,Belgian Tripel,330ml,330,12.27,Belgian Tripel
Berry Barrage,5.4,Denmark,3.33,To Øl,5.2,Sour - Fruited,Can 440ml,440,12.27,Sour
What Light,5.4,England,3.95,Track Brewing Company,4.7,Pale Ale - New England / Hazy,Can 440ml,440,12.27,Pale Ale
Tropical Crush,5.4,England,3.73,Yonder Brewing & Blending,4.5,Sour - Smoothie / Pastry,Can 440ml,440,12.27,Sour
Cold Cocaine,5.4,Hungary,3.58,Mad Scientist,7.2,IPA - Cold,Can 440ml,440,12.27,IPA
Beer Sirtakiss édition 2024,5.4,France,3.76,Mogwaï Beer Company,4.9,Sour - Tomato / Vegetable Gose,Can 440ml,440,12.27,Sour
Statues Crumbling,5.4,England,3.69,Phantom Brewing Co.,4.2,Pale Ale - New England / Hazy,Can 440ml,440,12.27,Pale Ale
The Interior Life and the External World,5.4,England,4.01,Cloudwater Brew Co.,5.0,Pale Ale - New England / Hazy,Can 440ml,440,12.27,Pale Ale
Shoegazer (2024),5.4,Germany,3.94,FUERST WIACEK,6.8,IPA - New England / Hazy,Can 440ml,440,12.27,IPA
Only Noodles Michael,5.4,England,2.75,Brew York,4.5,Pale Ale - Fruited,Can 440ml,440,12.27,Pale Ale
Wasson,5.4,England,3.72,Bluntrock Brewery,3.5,Pale Ale - English,Can 440ml,440,12.27,Pale Ale
Das Ist Ein Lagerbier,5.4,Scotland,3.56,Up Front Brewing,5.4,Lager - Helles,Can 440ml,440,12.27,Lager
Divine Elements,5.4,England,3.87,Black Iris Brewery,6.0,IPA - American,Can 440ml,440,12.27,IPA
Anspach & Hobday - A Christmas Pale,5.4,England,3.5,Anspach & Hobday,4.5,Pale Ale - Other,Can 440ml,440,12.27,Pale Ale
Sheppy's Winter Spiced Cider,9.2,England,3.74,Sheppy's Cider Ltd,10.0,Cider - Herbed / Spiced / Hopped,Bottle 750ml,750,12.27,Cider
Honey - Mead Cider,4.05,Netherlands,3.52,Elegast Cidery,8.4,Mead - Cyser,330ml,330,12.27,Mead
Dulle Teve,4.05,Belgium,3.74,Brouwerij De Dolle Brouwers,10.0,Belgian Tripel,330ml,330,12.27,Belgian Tripel
Hopfather IPA,4.05,Netherlands,3.57,Oersoep,6.0,IPA - American,Can 330ml,330,12.27,IPA
Kriek Cuvee Rene Grand Cru,9.2,Belgium,3.81,Brouwerij Lindemans,7.0,Lambic - Kriek,Bottle 750ml,750,12.27,Lambic
Sour Series - Puckery Potion,4.05,Hungary,3.46,HORIZONT Brewing,7.2,IPA - Sour,330ml,330,12.27,IPA
Another Day Done,5.4,England,3.64,Duration Brewing,4.4,Pale Ale - American,Can 440ml,440,12.27,Pale Ale
Sweeping Coast,5.4,England,3.62,Duration Brewing,4.8,Pale Ale - American,Can 440ml,440,12.27,Pale Ale
Gose Town,5.4,England,3.76,Twisted Barrel Ale,4.5,Sour - Fruited Gose,Can 440ml,440,12.27,Sour
Juice Table Beer,5.4,France,3.81,Brasserie Cambier,3.0,Table Beer,Can 440ml,440,12.27,Table Beer
Heathen Pale Ale,5.4,England,3.62,Abbeydale Brewery,4.1,Pale Ale - American,Can 440ml,440,12.27,Pale Ale
Danelaw,5.4,England,3.63,Anspach & Hobday,5.5,Brown Ale - English,Can 440ml,440,12.27,Brown Ale
Godiva Save the King,5.4,France,3.88,Mogwaï Beer Company,4.7,Lager - Pale,Can 440ml,440,12.27,Lager
Patrons Project 32.06 Noble Nectar,5.4,England,3.5,Northern Monk,4.0,Pilsner - New Zealand,Can 440ml,440,12.27,Pilsner
Tasty Rainbow Orange,5.4,Scotland,3.64,Vault City Brewing,5.4,Sour - Fruited,Can 440ml,440,12.27,Sour
Pohjala Berry Good,4.05,Estonia,3.5,Põhjala,5.0,Sour - Fruited,Can 330ml,330,12.27,Sour
St Feuillien Quadrupel,4.05,Belgium,3.75,Brasserie St-Feuillien,11.0,Belgian Quadrupel,330ml,330,12.27,Belgian Quadrupel
Warm Shade,5.4,England,3.73,Floc.,4.0,Pale Ale - New England / Hazy,Can 440ml,440,12.27,Pale Ale
De Smokkelaar / Chaosbieren The Cake Is A Lie,5.4,Netherlands,3.53,Chaosbieren,8.8,Porter - Other,Can 440ml,440,12.27,Porter
Solar Flare,5.4,Germany,3.95,FUERST WIACEK,6.8,IPA - New England / Hazy,Can 440ml,440,12.27,IPA
Logical Progression,5.4,England,3.84,Cloudwater Brew Co.,5.0,Pale Ale - New England / Hazy,Can 440ml,440,12.27,Pale Ale
Death By Daiquiri,5.4,England,3.6,Vocation Brewery,4.5,Sour - Fruited,Can 440ml,440,12.27,Sour
Fest Bier,5.4,England,3.64,Cloudwater Brew Co.,5.0,Festbier,Can 440ml,440,12.27,Festbier
Festbier,5.4,England,3.7,Verdant Brewing Co,5.5,Festbier,Can 440ml,440,12.27,Festbier
Freakshow,5.4,France,3.94,Prizm Brewing Co.,8.0,IPA - Imperial / Double New England / Hazy,Can 440ml,440,12.27,IPA
Weiße,5.4,England,3.7,Cloudwater Brew Co.,5.2,Wheat Beer - Hefeweizen,Can 440ml,440,12.27,Wheat Beer
Fresh from Hop Focus,5.4,England,3.85,Northern Monk,5.3,IPA - New England / Hazy,Can 440ml,440,12.27,IPA
One Claw Pale Ale,4.3,United States,3.76,Westbrook Brewing Co.,5.5,Pale Ale - American,350ml,350,12.29,Pale Ale
Brewing Peach Lemonade Slush,7.99,United States,3.97,Wiley Roots Brewing Company,5.5,Sour - Fruited,Bottle 650ml,650,12.29,Sour
Brewing Cherry Lime Slush,7.99,United States,3.93,Wiley Roots Brewing Company,5.5,Sour - Fruited,Bottle 650ml,650,12.29,Sour
10 Vueltas - keg K,245.9,Spain,4.13,Basqueland Brewing,8.0,IPA - Imperial / Double New England / Hazy,20000ml,20000,12.3,IPA
Grape Expectations,6.15,Romania,3.62,Hop Hooligans,5.0,Farmhouse Ale - Saison,500ml,500,12.3,Farmhouse Ale
Viva Las Vegas DIPA - keg K,245.9,Spain,4.01,Basqueland Brewing,8.0,IPA - Imperial / Double New England / Hazy,20000ml,20000,12.3,IPA
Chouffe Houblon IPA,9.23,Belgium,3.67,Brasserie d'Achouffe,9.0,IPA - Belgian,Bottle 750ml,750,12.31,IPA
"Frontaal / Salikatt It's Not Us, It's you",5.42,Netherlands,3.67,Brouwerij Frontaal,8.0,IPA - Imperial / Double New England / Hazy,Can 440ml,440,12.32,IPA
Siren Project Barista 2024 - Viva Patron,5.42,England,3.79,Siren Craft Brew,8.0,Dark Ale,Can 440ml,440,12.32,Dark Ale
Hoppug - Paint It Black BA Triple Sec,4.07,Belgium,3.55,Brouwerij Hoppug,11.0,Stout - Imperial / Double Milk,330ml,330,12.33,Stout
Hoppug - Paint It Black BA French Brandy,4.07,Belgium,3.55,Brouwerij Hoppug,11.0,Stout - Imperial / Double Milk,330ml,330,12.33,Stout
1818,3.7,Netherlands,3.72,Brouwerij Maallust,10.0,Belgian Quadrupel,Bottle 300ml,300,12.33,Belgian Quadrupel
Verzet Oud Bruin Double Wood,4.07,Belgium,3.59,Brouwerij 't Verzet,6.9,Sour - Flanders Oud Bruin,330ml,330,12.33,Sour
LeFort 10 – Donker,9.25,Belgium,3.62,Omer Vander Ghinste,10.0,Belgian Strong Dark Ale,Bottle 750ml,750,12.33,Belgian Strong Dark Ale
HIGGS,5.43,France,3.98,La Superbe,6.4,IPA - New England / Hazy,Can 440ml,440,12.34,IPA
Timmermans Lambicus Strawberry Thyme,4.08,Belgium,3.54,Brewery John Martin & Brewery Timmermans,4.0,Lambic - Kriek,Bottle 330ml,330,12.36,Lambic
Fig Leaves - keykeg,247.3,Belgium,3.8,Brouwerij Alvinne,5.5,Sour - Other,20000ml,20000,12.36,Sour
Cureghem Kriekland,4.08,Belgium,3.62,L'Ermitage,6.5,Sour - Fruited,330ml,330,12.36,Sour
Siren Reverberate,5.44,England,3.63,Siren Craft Brew,5.7,IPA - American,Can 440ml,440,12.36,IPA
There's No I In Eye,5.45,Germany,3.95,FUERST WIACEK,6.8,IPA - New England / Hazy,Can 440ml,440,12.39,IPA
It's A Wrap Brewing Phase One Pale Ale,4.09,Germany,3.56,IT'S A WRAP Brewing Company GbR,5.0,Pale Ale - Other,330ml,330,12.39,Pale Ale
Close Encounters,5.45,Romania,3.99,Bereta Brewing Co.,7.8,IPA - Imperial / Double New England / Hazy,Can 440ml,440,12.39,IPA
Radio Silence – Fruited DIPA – Collab Baxbier,5.45,Germany,3.66,Schwarze Rose,8.0,IPA - Imperial / Double New England / Hazy,Can 440ml,440,12.39,IPA
The Old Testament DIPA,5.45,Sweden,4.1,Apex Brewing Company,8.0,IPA - Imperial / Double New England / Hazy,Can 440ml,440,12.39,IPA
Pendulum DIPA,5.45,Sweden,4.13,Apex Brewing Company,8.0,IPA - Imperial / Double New England / Hazy,Can 440ml,440,12.39,IPA
One Track Lover (2024),5.45,England,3.98,Neon Raptor Brewing Co.,6.4,IPA - New England / Hazy,Can 440ml,440,12.39,IPA
Wildwuchs X-TRA Imperial Dark Ale BIO,4.09,Germany,3.14,Wildwuchs Brauwerk Hamburg,8.0,Dark Ale,330ml,330,12.39,Dark Ale
Whistling Winds,5.45,England,3.82,Left Handed Giant Brewing,6.8,Porter - Baltic,Can 440ml,440,12.39,Porter
Pillow Talk – Triple IPA,5.45,Germany,3.81,FrauGruber Brewing,9.9,IPA - Triple New England / Hazy,Can 440ml,440,12.39,IPA
Fruitful Haze – Smoothie IPA,5.45,Netherlands,3.14,Brouwerij Kees,4.9,IPA - Fruited,Can 440ml,440,12.39,IPA
Fish Transistor,5.45,Germany,3.97,FUERST WIACEK,6.8,IPA - New England / Hazy,Can 440ml,440,12.39,IPA
Crank The Session Juice   IPA,5.45,Netherlands,3.62,Moersleutel Craft Brewery,3.5,IPA - Session,Can 440ml,440,12.39,IPA
Flashback,5.45,Spain,4.05,SOMA Beer,6.5,IPA - New England / Hazy,Can 440ml,440,12.39,IPA
Christmas Every Day – Tonka Stout,5.45,Germany,3.99,FUERST WIACEK,7.0,Stout - Other,Can 440ml,440,12.39,Stout
Very Big Flapjack,5.45,England,4.03,Brew York/ Fierce Beer,11.0,Barleywine - Other,Can 440ml,440,12.39,Barleywine
Extra Orbital,5.45,Spain,4.02,Basqueland Brewing,8.0,IPA - Imperial / Double New England / Hazy,Can 440ml,440,12.39,IPA
"Smokey Head (Silver) - Cocoa Nibs, Coffe, Vanilla",6.2,Poland,3.87,TankBusters.Co,9.6,Porter - Smoked,500ml,500,12.4,Porter
Tripel Hop Citra,3.1,Belgium,3.68,Duvel Moortgat,9.5,IPA - Belgian,Bottle 250ml,250,12.4,IPA
Hopzz_ Enriched,6.2,Poland,3.85,Browar PINTA,6.0,IPA - New England / Hazy,500ml,500,12.4,IPA
Kladenské Černé 11°,9.3,Czech Republic,3.57,Pivovar Kladno Kročehlavy,4.8,Lager - Tmavé (Czech Dark),Bottle 750ml,750,12.4,Lager
"Smokey Head (Gold) Smoked Plums, Cinnamon, Vanilla",6.2,Poland,3.8,TankBusters.Co,9.6,Porter - Smoked,500ml,500,12.4,Porter
Hellmann,6.2,Italy,3.54,Birrificio Agricolo Sorio,4.8,Kellerbier / Zwickelbier,500ml,500,12.4,Kellerbier / Zwickelbier
Walk In The Park,6.2,England,3.74,Baron Brewing,3.4,Pale Ale - New England / Hazy,Can 500ml,500,12.4,Pale Ale
Schlenkerla Eiche Doppelbock,6.2,Germany,3.72,"Schlenkerla (""Heller-Bräu"" Trum)",8.0,Rauchbier,Bottle 500ml,500,12.4,Rauchbier
Arpus Brewing Co. Cherry X Raspberry X Apricot Smoothie Sour Ale,5.46,Latvia,4.15,Ārpus Brewing Co.,4.0,Sour - Smoothie / Pastry,Can 440ml,440,12.41,Sour
For The Love Of Hops Turquoise,5.46,Netherlands,3.7,Brouwerij Frontaal,5.5,IPA - New England / Hazy,Can 440ml,440,12.41,IPA
For The Love Of Hops Mauve,5.46,Netherlands,3.85,Brouwerij Frontaal,8.0,IPA - Imperial / Double New England / Hazy,Can 440ml,440,12.41,IPA
Charmante Chantal,4.1,Netherlands,3.59,Brouwerij Barelds & Sabel,9.5,Belgian Quadrupel,330ml,330,12.42,Belgian Quadrupel
Ivo,4.1,England,3.55,Orbit Beers,5.3,Pale Ale - American,Bottle 330ml,330,12.42,Pale Ale
Whirl Domination,4.1,Denmark,3.78,To Øl,6.2,IPA - New England / Hazy,Can 330ml,330,12.42,IPA
Dubbelbock Blik SB,4.1,Netherlands,3.56,Dutch Bargain,8.7,Bock - Doppelbock,330ml,330,12.42,Bock
Kenderes IPA,4.1,Hungary,3.3,BAZ Beer,5.7,IPA - Other,330ml,330,12.42,IPA
Big Dreams WCIPA,4.1,Scotland,3.52,BRULO,7.0,Non-Alcoholic - IPA,Can 330ml,330,12.42,Non-Alcoholic
Levensgenieter Joyful NEIPA,4.1,Netherlands,3.57,KOMPAAN Dutch Craft Beer Company,4.5,IPA - New England / Hazy,Can 330ml,330,12.42,IPA
Celebrator DoppelBock,4.1,Germany,3.76,Ayinger Privatbrauerei,6.7,Bock - Doppelbock,330ml,330,12.42,Bock
Oehoe Donker Doppelbock,4.1,Netherlands,3.34,De Heidebrouwerij,7.5,Bock - Doppelbock,Can 330ml,330,12.42,Bock
New England IPA BIO,4.1,France,3.7,Effet Papillon,6.0,IPA - New England / Hazy,330ml,330,12.42,IPA
ROTT.vriend,4.1,Netherlands,3.44,ROTT. Brouwers,6.7,Belgian Blonde,Can 330ml,330,12.42,Belgian Blonde
Roosterfish,4.1,Netherlands,3.38,De Kromme Haring,10.5,Farmhouse Ale - Saison,330ml,330,12.42,Farmhouse Ale
Black Albert,4.1,Belgium,4.18,De Struise Brouwers,13.0,Stout - Belgian,330ml,330,12.42,Stout
Öö,4.1,Estonia,3.93,Põhjala,10.5,Porter - Imperial / Double Baltic,330ml,330,12.42,Porter
Saga 10,4.1,Netherlands,3.76,Zuyd Craft,10.0,Belgian Quadrupel,330ml,330,12.42,Belgian Quadrupel
Beluga,4.1,Netherlands,3.82,De Kromme Haring,10.5,Stout - Russian Imperial,330ml,330,12.42,Stout
Sorachi & Sriracha,4.1,Netherlands,3.51,Brouwerij de Molen,8.0,Porter - Other,330ml,330,12.42,Porter
Henry Gose Lightly,4.1,Denmark,3.39,Mikkeller,0.3,Non-Alcoholic - Sour,Can 330ml,330,12.42,Non-Alcoholic
Répit Bio,4.1,France,3.71,Sacrilège,5.5,Farmhouse Ale - Saison,330ml,330,12.42,Farmhouse Ale
Ferme Snaak – Fruited White Ale,4.1,Netherlands,3.49,Floem,5.0,Wheat Beer - American Pale Wheat,Can 330ml,330,12.42,Wheat Beer
Rafa,4.1,Hungary,3.67,Fehér Nyúl/ SirBolts,6.8,IPA - Sour,Can 330ml,330,12.42,IPA
Novice Black Tripel,4.1,Belgium,3.52,Brouwerij Malheur,8.5,Belgian Strong Dark Ale,330ml,330,12.42,Belgian Strong Dark Ale
Monnicker Moker Tripel,4.1,Netherlands,3.39,Waterland Brewery,8.0,Belgian Tripel,Can 330ml,330,12.42,Belgian Tripel
Ugar Brewery Stróman,4.1,Hungary,3.75,UGAR Brewery,6.5,IPA - New England / Hazy,330ml,330,12.42,IPA
SigPhi Blackcurrant,4.1,Belgium,3.84,Brouwerij Alvinne,8.0,Sour - Fruited,330ml,330,12.42,Sour
Floris Honey,4.1,Belgium,2.94,Delirium - Huyghe Brewery,4.5,Honey Beer,330ml,330,12.42,Honey Beer
Peel,4.1,England,3.42,Orbit Beers,4.9,Pale Ale - Belgian,Bottle 330ml,330,12.42,Pale Ale
Mr. Joe Coffee Stout,4.1,France,3.54,La Débauche,5.0,Stout - Coffee,330ml,330,12.42,Stout
Nabu Mango IPA,4.1,Netherlands,3.57,Walhalla Brouwerij & Proeflokaal,6.0,IPA - Fruited,Can 330ml,330,12.42,IPA
Dikke Lul 3 Bier!,4.1,Netherlands,3.56,Uiltje Brewing Company,5.6,Pale Ale - Other,330ml,330,12.42,Pale Ale
Tropic & Phantasm,4.1,Netherlands,3.17,Brouwerij de Molen,7.5,IPA - New England / Hazy,330ml,330,12.42,IPA
Phi Rabarber / Rhubarb,4.1,Belgium,3.86,Brouwerij Alvinne,8.0,Sour - Fruited,330ml,330,12.42,Sour
Lefgozer Witbier,4.1,Netherlands,3.38,KOMPAAN Dutch Craft Beer Company,6.0,Wheat Beer - Witbier / Blanche,Can 330ml,330,12.42,Wheat Beer
DIE HOLUNDER - 33cl,4.1,France,3.83,Brasserie La Malpolon,11.7,Wild Ale - Other,330ml,330,12.42,Wild Ale
Eternal,4.1,Hungary,4.27,Northern Monk,4.1,Session IPA,Can 330ml,330,12.42,Session IPA
Antwerp,4.1,Belgium,3.92,Galea Craft Beers,14.0,Stout - Russian Imperial,330ml,330,12.42,Stout
Limbo Yuzu,4.1,Denmark,3.38,Mikkeller,0.3,Non-Alcoholic - Sour,Can 330ml,330,12.42,Non-Alcoholic
ROTT.lesser,4.1,Netherlands,3.52,ROTT. Brouwers,6.5,Farmhouse Ale - Saison,Can 330ml,330,12.42,Farmhouse Ale
Doerak IPA,4.1,Netherlands,3.52,Van Moll,6.2,IPA - American,Can 330ml,330,12.42,IPA
Poldermolenaar #08,4.1,Netherlands,3.93,Bierbrouwerij De Magistraat,10.0,Belgian Quadrupel,330ml,330,12.42,Belgian Quadrupel
Koffielust Imperial Stout Met Koffie,4.1,Netherlands,3.78,Eggens,11.0,Stout - Imperial / Double Coffee,330ml,330,12.42,Stout
Bloesem Blond,4.1,Netherlands,3.46,Gebrouwen Door Vrouwen,6.2,Belgian Blonde,330ml,330,12.42,Belgian Blonde
Van Sas Zwaar Brood,4.1,Netherlands,,Familiebrouwerij Van Sas,9.3,Belgian Strong Dark Ale,330ml,330,12.42,Belgian Strong Dark Ale
Burst Free IPA,4.1,Denmark,3.3,Mikkeller,0.3,Non-Alcoholic - IPA,330ml,330,12.42,Non-Alcoholic
Energibajer Lemon Lager,4.1,Denmark,3.17,Mikkeller,0.3,Non-Alcoholic - Lager,330ml,330,12.42,Non-Alcoholic
Weird Weather Non Alc Hazy IPA,4.1,Denmark,3.31,Mikkeller,0.3,Non-Alcoholic - IPA,330ml,330,12.42,Non-Alcoholic
Haarlem Shuffle  Spelt IPA,4.1,Netherlands,3.58,Jopen,6.0,Specialty Grain,Can 330ml,330,12.42,Specialty Grain
Raspberry Beeret Stout,4.1,Netherlands,3.48,Jopen,8.0,Stout - Other,Can 330ml,330,12.42,Stout
Sticky Fingers Salted Caramel Bock,4.1,Netherlands,3.42,KOMPAAN Dutch Craft Beer Company,7.0,Bock - Single / Traditional,Can 330ml,330,12.42,Bock
Unchained – Sin  – Blood Orange,4.1,Spain,3.41,La Pirata Brewing,0.5,Non-Alcoholic - IPA,330ml,330,12.42,Non-Alcoholic
First Belgian Cherry,4.1,Hungary,3.5,FIRST Craft Beer,4.5,Fruit Beer,Can 330ml,330,12.42,Fruit Beer
Enjoy the Silence Quadrupel,4.1,Netherlands,3.75,Brouwerij Kees,11.5,Belgian Quadrupel,Can 330ml,330,12.42,Belgian Quadrupel
Toewijding Blond Blond,4.1,Netherlands,3.42,Van Moll,6.5,Belgian Blonde,Can 330ml,330,12.42,Belgian Blonde
Félegyházi Málnás Gose,4.1,Hungary,3.7,Félegyházi Sörműhely,5.0,Sour - Fruited Gose,330ml,330,12.42,Sour
Opowieści z Mchu i Paproci,4.1,Poland,3.82,Browar Artezan,9.5,Porter - Imperial / Double Baltic,Can 330ml,330,12.42,Porter
Chimicherry,4.1,Netherlands,3.46,Dutch Bargain,5.0,Sour - Fruited,330ml,330,12.42,Sour
Coconut,4.1,Belgium,3.05,Mongozo,3.5,Fruit Beer,330ml,330,12.42,Fruit Beer
Limbo Dragonfruit Non Alc Sour,4.1,Denmark,3.28,Mikkeller,0.3,Non-Alcoholic - Sour,330ml,330,12.42,Non-Alcoholic
Raspberry Beeret,4.1,Netherlands,3.48,Jopen,8.0,Stout - Other,330ml,330,12.42,Stout
Sally and Irma - Alcohol Free,4.1,Denmark,3.1,Mikkeller,0.3,Non-Alcoholic - Other,330ml,330,12.42,Non-Alcoholic
Blanche Thym Citron,4.1,France,3.69,Brasserie Iron,5.0,Wheat Beer - Witbier / Blanche,330ml,330,12.42,Wheat Beer
Snuble Juice,4.1,Denmark,3.5,To Øl,4.5,IPA - Session,330ml,330,12.42,IPA
Horizont Hazy Queen,4.1,Hungary,3.79,HORIZONT Brewing,6.0,IPA - New England / Hazy,Can 330ml,330,12.42,IPA
Oude Kriek Jart-Elle,9.33,Belgium,3.93,Lambiek Fabriek,6.0,Lambic - Kriek,Bottle 750ml,750,12.44,Lambic
Boerenerf Oude Cider,9.33,Belgium,3.52,Abbaye de Maredsous,6.5,Belgian Blonde,Bottle 750ml,750,12.44,Belgian Blonde
Funky Fluid / SOMA Porque Te vas?,6.22,Poland,3.81,Funky Fluid,6.8,IPA - Other,500ml,500,12.44,IPA
Cyclic Beer Farm / Dry River Brewing Matinada,9.33,Spain,3.73,Cyclic Beer Farm/ Dry River Brewing,5.6,Sour - Other,Bottle 750ml,750,12.44,Sour
Hof Ten Dormaal Zure van Tildonk - Kriek 2020,4.11,Belgium,3.74,Brouwerij Hof ten Dormaal,6.5,Sour - Fruited,Bottle 330ml,330,12.45,Sour
Hof Ten Dormaal Zure van Tildonk - Oude Kriek 2021,4.11,Belgium,3.7,Brouwerij Hof ten Dormaal,6.0,Sour - Other,330ml,330,12.45,Sour
Adelheid V2 Oaked Calvados Barley Wine,4.11,Belgium,3.76,Brouwerij de HopHemel,10.5,Barleywine - American,330ml,330,12.45,Barleywine
Holy Laerdal,4.11,Belgium,3.61,L'Ermitage,5.2,Sour - Fruited,330ml,330,12.45,Sour
30 Moorse Martelaren,4.11,Belgium,3.65,Dok Brewing Company,7.5,IPA - Imperial / Double New England / Hazy,330ml,330,12.45,IPA
Love4IPA,6.23,Bulgaria,3.72,Пивоварна Мелтум (Meltum Brewery),5.7,IPA - American,500ml,500,12.46,IPA
La Petit Provision,5.9,United States,3.58,The Bruery,3.5,Table Beer,Can 473ml,473,12.47,Table Beer
Momo Haze,5.9,United States,3.68,Novo Brazil Brewing,7.0,IPA - New England / Hazy,473ml,473,12.47,IPA
Udune,5.49,Estonia,3.49,Põhjala,4.5,Wheat Beer - Witbier / Blanche,Can 440ml,440,12.48,Wheat Beer
TROPIC VIBRANCE / TDH DIPA,5.49,Latvia,3.95,Hopalaa,8.0,IPA - Imperial / Double,Can 440ml,440,12.48,IPA
Scream Egg Chocolate Caramel Egg With Creamy Orange Filling,5.49,Norway,3.61,Amundsen Brewery,7.0,Stout - Pastry,Can 440ml,440,12.48,Stout
Very Raspberry,5.49,Hungary,3.73,Mad Scientist,4.5,Sour - Fruited Berliner Weisse,Can 440ml,440,12.48,Sour
Elevation Pale Ale,5.49,Ireland,3.58,Wicklow Wolf Brewing Company,4.8,Pale Ale - American,Can 440ml,440,12.48,Pale Ale
Dodendans,5.49,Germany,3.98,Sudden Death Brewing Co.,7.2,IPA - Rye,Can 440ml,440,12.48,IPA
Grindhouse Movie Night,5.49,Germany,3.82,Sudden Death Brewing Co.,7.0,IPA - American,Can 440ml,440,12.48,IPA
Alpha Centauri,5.49,United States,3.88,Hop Valley Brewing Company,9.0,IPA - Imperial / Double,Can 440ml,440,12.48,IPA
Piece of Cake ‘Rocky Road',4.12,Netherlands,4.04,Brouwerij Frontaal,10.0,Stout - Imperial / Double Pastry,330ml,330,12.48,Stout
Arctic Circles Part 3,5.49,Norway,3.8,Bådin,6.5,IPA - New England / Hazy,Can 440ml,440,12.48,IPA
CYCT Pressure,5.49,Netherlands,3.82,Moersleutel Craft Brewery,7.0,IPA - New England / Hazy,Can 440ml,440,12.48,IPA
Battle Royale - Tropical Target Practice,5.49,Netherlands,3.6,KOMPAAN Dutch Craft Beer Company,5.5,IPA - Fruited,Can 440ml,440,12.48,IPA
Sugarloaf Juicy IPA,5.49,Ireland,3.62,Wicklow Wolf Brewing Company,4.3,IPA - New England / Hazy,Can 440ml,440,12.48,IPA
Cream of Nelson,5.49,Spain,3.86,Basqueland Brewing,6.4,IPA - Milkshake,Can 440ml,440,12.48,IPA
Fancy Pants,5.49,Germany,3.74,FrauGruber Brewing,6.1,Sour - Fruited,Can 440ml,440,12.48,Sour
No Lime To Die,5.49,Ukraine,3.52,Дідько Brewery,4.5,IPA - Sour,Can 440ml,440,12.48,IPA
Stash Bandicoot,5.49,United States,3.66,Hop Valley Brewing Company,8.0,IPA - Imperial / Double New England / Hazy,Can 440ml,440,12.48,IPA
Tundra Tropical IPA,5.49,Ireland,3.72,Wicklow Wolf Brewing Company,5.6,IPA - New England / Hazy,Can 440ml,440,12.48,IPA
Stranger's Leap,5.49,Ireland,3.88,Lough Gill Brewery,6.4,IPA - Milkshake,Can 440ml,440,12.48,IPA
Keres,5.49,Sweden,3.97,Apex Brewing Company,6.5,IPA - New England / Hazy,Can 440ml,440,12.48,IPA
Halcyon IPA,5.49,Sweden,3.88,Apex Brewing Company,6.5,IPA - New England / Hazy,Can 440ml,440,12.48,IPA
Re-decapitated IPA,5.49,Sweden,3.91,Apex Brewing Company,6.5,IPA - New England / Hazy,Can 440ml,440,12.48,IPA
Pink Farts & Unicorns,5.49,Denmark,3.36,Amager Bryghus,4.6,Lager - IPL (India Pale Lager),Can 440ml,440,12.48,Lager
CYCT Torsion,5.49,Netherlands,3.85,Moersleutel Craft Brewery,8.0,IPA - New England / Hazy,Can 440ml,440,12.48,IPA
Failure Drill,5.49,Sweden,3.94,Apex Brewing Company,6.5,IPA - New England / Hazy,Can 440ml,440,12.48,IPA
Eight Times Helles 8Y Anniversary Helles Lager,5.49,Romania,3.61,Bereta Brewing Co.,5.5,Lager - Helles,Can 440ml,440,12.48,Lager
This murder takes two,5.49,Bulgaria,3.92,Metalhead,11.0,Stout - Imperial / Double,Can 440ml,440,12.48,Stout
Metropolis,5.49,Spain,3.83,Caleya,7.5,IPA - Imperial / Double New England / Hazy,Can 440ml,440,12.48,IPA
Tor of Duty,5.49,England,3.55,Buxton Brewery,5.7,IPA - Red,Can 440ml,440,12.48,IPA
There Will Be No Intervals,5.49,England,3.99,Verdant Brewing Co,4.5,Pale Ale - New England / Hazy,Can 440ml,440,12.48,Pale Ale
Sunscreen Hangman,5.49,Netherlands,3.75,Uiltje Brewing Company,6.9,IPA - New England / Hazy,Can 440ml,440,12.48,IPA
Pinso a Granel 2023,5.49,Spain,3.98,Poch's Cervesa Artesana,10.5,Barleywine - English,Can 440ml,440,12.48,Barleywine
EM Dacklsche Wiess,5.49,Germany,3.7,Lieber Waldi,4.8,Kölsch,Can 440ml,440,12.48,Kölsch
CYCT: Friction,5.49,Netherlands,3.7,Moersleutel Craft Brewery,6.0,IPA - Other,Can 440ml,440,12.48,IPA
Wisp,5.49,United States,3.46,Outer Range Brewing Co.,4.1,Belgian Blonde,Can 440ml,440,12.48,Belgian Blonde
XXX Bitter,9.36,Belgium,3.64,Brouwerij De Ranke,6.0,IPA - Belgian,Bottle 750ml,750,12.48,IPA
It's Been Awhile,5.49,Germany,4.03,FUERST WIACEK,6.8,IPA - New England / Hazy,Can 440ml,440,12.48,IPA
Quad,5.49,Netherlands,3.9,Moersleutel Craft Brewery,11.0,Belgian Quadrupel,Can 440ml,440,12.48,Belgian Quadrupel
IPL Cashmere Ariana,5.49,Germany,,Buddelship Brauerei,4.6,IPA - English,Can 440ml,440,12.48,IPA
Lieber Waldi Wet Dog Food,5.49,Germany,3.52,Bach’s Braumanufaktur,6.3,IPA - American,Can 440ml,440,12.48,IPA
Hop Thing,5.49,Netherlands,3.7,Brouwerij Kees,7.0,IPA - Other,Can 440ml,440,12.48,IPA
Viwaldi,5.49,Germany,3.55,Lieber Waldi,3.8,Mild - Dark,Can 440ml,440,12.48,Mild
Mammoth IPA,5.49,Ireland,3.63,Wicklow Wolf Brewing Company,6.2,IPA - American,Can 440ml,440,12.48,IPA
Grime,5.49,Poland,3.71,Browarny Craft Beer,6.0,Stout - Other,Can 440ml,440,12.48,Stout
Yankee & Kraut x Brewage Strand Heisl New England Pale Ale,5.49,Austria,4.01,Brew Age/ Yankee & Kraut,10.1,IPA - Triple New England / Hazy,Can 440ml,440,12.48,IPA
Liquid Belma & Mosaic,5.49,Spain,3.84,MALANDAR Craft Beer,6.5,IPA - New England / Hazy,Can 440ml,440,12.48,IPA
Wisp,5.49,United States,4.16,Outer Range Brewing French/Alps,4.1,Witbier,Can 440ml,440,12.48,Witbier
Piece of Cake,5.49,Scotland,4.1,Vault City Brewing,4.8,Sour - Smoothie / Pastry,Can 440ml,440,12.48,Sour
Haze of Base,5.49,France,3.91,Mogwaï Beer Company,6.2,IPA - New England / Hazy,Can 440ml,440,12.48,IPA
CYCT Flexure,5.49,Netherlands,3.91,Moersleutel Craft Brewery,8.5,IPA - Imperial / Double New England / Hazy,Can 440ml,440,12.48,IPA
#14 DIPA,5.5,Denmark,3.91,To Øl,8.2,IPA - Imperial / Double,Can 440ml,440,12.5,IPA
"Smokey Head (Gold) – Smoked Plums, Cinnamon, Vanilla",6.25,Poland,3.8,TankBusters.Co,9.6,Porter - Smoked,500ml,500,12.5,Porter
Big Eagle,5.5,England,3.63,Brew York,6.4,IPA - American,Can 440ml,440,12.5,IPA
Project D,5.5,Wales,3.68,Tiny Rebel Brewing Co,6.5,Stout - Pastry,Can 440ml,440,12.5,Stout
TDH Rakau x Motueka x Riwaka x Galaxy IPA,5.5,Latvia,3.84,Ārpus Brewing Co.,6.5,IPA - New England / Hazy,Can 440ml,440,12.5,IPA
Kiss My Hops Moutere,5.5,Ukraine,3.8,Дідько Brewery,7.8,IPA - Imperial / Double New England / Hazy,Can 440ml,440,12.5,IPA
Yakool,5.5,United States,4.0,Marz Community Brewing Co.,7.0,Wild Ale - American,Can 440ml,440,12.5,Wild Ale
Moersleutel CYCT: Velocity,5.5,Netherlands,3.69,Moersleutel Craft Brewery,6.5,IPA - New England / Hazy,Can 440ml,440,12.5,IPA
Coffee Grinder,5.5,Netherlands,3.78,Moersleutel Craft Brewery,7.5,Stout - Coffee,Can 440ml,440,12.5,Stout
Too Cool To Go Skinny DIPA,5.5,Netherlands,3.77,Uiltje Brewing Company,7.9,IPA - Imperial / Double,Can 440ml,440,12.5,IPA
WEST COAST IPA #001 RIWAKA/NELSON SAUVIN,5.5,Sweden,3.65,Fermenterarna,6.8,IPA - American,Can 440ml,440,12.5,IPA
TDH Hops x Art #24 IPA,5.5,Latvia,3.89,Ārpus Brewing Co.,6.5,IPA - New England / Hazy,Can 440ml,440,12.5,IPA
Bonito Del Norte,5.5,Spain,3.96,Basqueland Brewing,6.4,IPA - New England / Hazy,Can 440ml,440,12.5,IPA
TDH Mosaic X Citra DIPA,5.5,Latvia,3.97,Ārpus Brewing Co.,8.0,IPA - Imperial / Double New England / Hazy,Can 440ml,440,12.5,IPA
Hybrid IPA,5.5,Switzerland,3.73,BlackPig.Brew.Co,6.6,IPA - Other,Can 440ml,440,12.5,IPA
Dua Neipa,5.5,England,3.81,Electric Bear Brewing Co,6.0,IPA - New England / Hazy,Can 440ml,440,12.5,IPA
Odd Grains Series Spelt Malt Spelt Grain Stout,5.5,Netherlands,3.86,Moersleutel Craft Brewery,10.0,Porter - Imperial / Double,Can 440ml,440,12.5,Porter
Coco Jumbo,5.5,Latvia,3.84,Hopalaa,6.7,IPA - New England / Hazy,Can 440ml,440,12.5,IPA
Planet YCH 303,5.5,Latvia,3.81,Hopalaa,6.8,IPA - New England / Hazy,Can 440ml,440,12.5,IPA
TRIPPING HAZE,5.5,Sweden,3.92,Fermenterarna,6.1,IPA - New England / Hazy,Can 440ml,440,12.5,IPA
Messie,5.5,Poland,4.14,Browar Stu Mostów,6.0,Sour - Smoothie / Pastry,Can 440ml,440,12.5,Sour
Alien Jam #2,5.5,Greece,3.93,Seven Island Brewery,5.5,Sour - Fruited Gose,Can 440ml,440,12.5,Sour
Cashmere IPA,5.5,Latvia,3.91,Hopalaa,6.6,IPA - New England / Hazy,Can 440ml,440,12.5,IPA
Passion Fruit Pool Party,5.5,Wales,3.72,Tiny Rebel Brewing Co,5.3,IPA - White / Wheat,Can 440ml,440,12.5,IPA
"Smokey Head (Silver) – Cocoa Nibs, Coffee, Vanilla",6.25,Poland,3.87,TankBusters.Co,9.6,Porter - Smoked,500ml,500,12.5,Porter
Imagine Demons,5.5,Netherlands,3.59,Happy Demons Craft Beer,8.5,Stout - Russian Imperial,Can 440ml,440,12.5,Stout
For the Love of Hops 'Jade',5.5,Netherlands,3.69,Brouwerij Frontaal,5.5,IPA - New Zealand,Can 440ml,440,12.5,IPA
Against the Cliffs,5.5,Spain,3.73,Cervesa Espiga,5.0,IPA - Session,Can 440ml,440,12.5,IPA
Dream Twice,5.5,Spain,3.86,Cervesa Espiga,8.0,IPA - Imperial / Double New England / Hazy,Can 440ml,440,12.5,IPA
De Smokkelaar / Brouwersnös Loerdraaier,5.5,Netherlands,3.43,Brouwerij de Smokkelaar,8.2,Belgian Tripel,Can 440ml,440,12.5,Belgian Tripel
CYCT Vibration,5.5,Netherlands,3.73,Moersleutel Craft Brewery,6.5,IPA - New England / Hazy,Can 440ml,440,12.5,IPA
New And Improved,5.5,Sweden,3.93,Stigbergets Bryggeri,6.5,IPA - New England / Hazy,Can 440ml,440,12.5,IPA
Shaky Bridge Medium Dry Sparkling Cider,6.25,England,3.48,Sandford Orchards,6.0,Cider - Traditional / Apfelwein,500ml,500,12.5,Cider
TDH Motueka x Peacharine IPA,5.5,Latvia,3.88,Ārpus Brewing Co.,6.5,IPA - New England / Hazy,Can 440ml,440,12.5,IPA
Donker Sur Lie – Ben Nevis BA,6.25,Netherlands,3.77,Brouwerij In De Nacht,9.2,Belgian Quadrupel,500ml,500,12.5,Belgian Quadrupel
Phantom Collage,5.5,Germany,3.87,FrauGruber Brewing,8.5,IPA - Imperial / Double New England / Hazy,Can 440ml,440,12.5,IPA
New Dogs New Tricks,5.5,Germany,3.84,FrauGruber Brewing,8.4,IPA - Imperial / Double New England / Hazy,Can 440ml,440,12.5,IPA
Skull Smasher,5.5,Greece,3.97,Seven Island Brewery,8.0,IPA - Imperial / Double New England / Hazy,Can 440ml,440,12.5,IPA
Court Royal Dry Cider BIO,6.25,England,3.55,Dunkertons,7.5,Cider - Traditional / Apfelwein,500ml,500,12.5,Cider
Red Currant x Apricot x Cherry x Vanilla x Coconut Sour,5.5,Latvia,4.05,Ārpus Brewing Co.,5.0,Sour - Smoothie / Pastry,Can 440ml,440,12.5,Sour
The scream,5.5,Spain,3.98,Caleya,6.5,IPA - New England / Hazy,Can 440ml,440,12.5,IPA
Constellations,5.5,Denmark,3.76,Alefarm Brewing,6.5,IPA - American,Can 440ml,440,12.5,IPA
Papa's IPA,5.5,Denmark,3.79,Alefarm Brewing,6.0,IPA - American,Can 440ml,440,12.5,IPA
Cloudy Scrumpy Cider,6.25,Wales,3.52,Gwynt y Ddraig,5.3,Cider - Dry,500ml,500,12.5,Cider
Hazy IPA,5.5,Croatia,3.78,The Garden Brewery,5.7,IPA - New England / Hazy,Can 440ml,440,12.5,IPA
Pressure,5.5,Netherlands,3.82,Moersleutel Craft Brewery,7.0,IPA - New England / Hazy,Can 440ml,440,12.5,IPA
Browns Sweet Wild Yeast Cider BIO,6.25,England,3.71,Dunkertons,7.5,Cider - Applewine,500ml,500,12.5,Cider
Rustic Table Beer,5.5,England,3.54,Verdant Brewing Co,3.2,Table Beer,Can 440ml,440,12.5,Table Beer
Muscovado,5.5,Netherlands,4.08,Moersleutel Craft Brewery,11.0,Stout - Imperial / Double Pastry,Can 440ml,440,12.5,Stout
Kompaan Moby Dick Re-Revisited,5.5,Netherlands,3.56,KOMPAAN Dutch Craft Beer Company,6.3,IPA - White / Wheat,Can 440ml,440,12.5,IPA
IPL Cashmere Ariana,5.5,Germany,3.62,Buddelship Brauerei,6.0,Lager - IPL (India Pale Lager),Can 440ml,440,12.5,Lager
De Moersleutel Macaroon Machine,5.5,Netherlands,3.91,Moersleutel Craft Brewery,10.0,Stout - Imperial / Double Pastry,Can 440ml,440,12.5,Stout
Fantasia,5.5,England,3.78,New Bristol Brewery,4.0,Pale Ale - New England / Hazy,Can 440ml,440,12.5,Pale Ale
Blood Orange Raspberry,5.5,Scotland,3.89,Vault City Brewing,4.8,Sour - Fruited,Can 440ml,440,12.5,Sour
Kompaan Tropical Target Practice,5.5,Netherlands,3.6,KOMPAAN Dutch Craft Beer Company,5.5,IPA - Fruited,Can 440ml,440,12.5,IPA
Christmas Unicorn (2024),5.5,Denmark,3.81,Bad Seed Brewing,6.0,IPA - New England / Hazy,Can 440ml,440,12.5,IPA
Odd Grain Series: Buckwheat,5.5,Netherlands,3.86,Moersleutel Craft Brewery,11.0,Porter - Imperial / Double,Can 440ml,440,12.5,Porter
Ārpus X BFM Red Wine Barrel Aged Saison,5.5,Latvia,3.69,Ārpus Brewing Co.,5.0,Farmhouse Ale - Saison,Can 440ml,440,12.5,Farmhouse Ale
Reloaded,5.5,Netherlands,4.08,Moersleutel Craft Brewery,11.0,Stout - Imperial / Double Pastry,Can 440ml,440,12.5,Stout
Sobremesa Farmhouse Ale Grisette,5.5,Wales,4.04,Sobremesa Farmhouse Beers & Natural Ciders,3.8,Farmhouse Ale - Saison,Can 440ml,440,12.5,Farmhouse Ale
Otherworld Icarus,5.5,United States,3.51,Green Flash Brewing Company,5.0,Red Ale - Irish,Can 440ml,440,12.5,Red Ale
Arcade Made,5.5,Scotland,3.72,BrewDog,8.0,IPA - Imperial / Double New England / Hazy,Can 440ml,440,12.5,IPA
Funky Kiwi,5.5,Netherlands,3.71,Rock City Brewing,5.5,IPA - New England / Hazy,Can 440ml,440,12.5,IPA
Rotation,5.5,Netherlands,3.83,Moersleutel Craft Brewery,6.5,IPA - New England / Hazy,Can 440ml,440,12.5,IPA
Siren Stompin Grounds (Project Barista),5.5,England,3.66,Siren Craft Brew,6.3,Red Ale - Other,Can 440ml,440,12.5,Red Ale
TDH Strata x Riwaka IPA,5.5,Latvia,4.06,Ārpus Brewing Co.,6.5,IPA - New England / Hazy,Can 440ml,440,12.5,IPA
Boerenerf Oude Gueuze,9.39,Belgium,4.11,Het Boerenerf Eylenbosch,7.0,Lambic - Gueuze,Bottle 750ml,750,12.52,Lambic
Kriek de Ranke,9.4,Belgium,3.93,Brouwerij De Ranke,7.0,Sour - Fruited,Bottle 750ml,750,12.53,Sour
Muifel Zuster Agatha Houtgerijpt - 2022,4.14,Netherlands,3.8,Muifelbrouwerij,11.5,Belgian Quadrupel,330ml,330,12.55,Belgian Quadrupel
Surette  1,4.14,France,3.87,Brasserie La Malpolon,5.4,Sour - Fruited,330ml,330,12.55,Sour
Bockenreyder,4.14,Netherlands,3.38,Big Belly Brewing Company,7.0,Bock - Weizenbock,330ml,330,12.55,Bock
Pretty - Kiwi & Pineapple,6.29,Poland,3.87,Magic Road,5.0,Sour - Smoothie / Pastry,500ml,500,12.58,Sour
Pretty - Blackcurrant & Coconut,6.29,Poland,3.86,Magic Road,5.0,Sour - Fruited,500ml,500,12.58,Sour
Summa,4.15,Netherlands,3.76,Van Moll,10.5,Strong Ale - Other,330ml,330,12.58,Strong Ale
Brewski / Monkish - I´m Monk-Ish,4.15,Sweden,3.85,Brewski,6.5,IPA - New England / Hazy,Can 330ml,330,12.58,IPA
Galea Holy Roasty,4.15,Belgium,3.2,Galea Craft Beers,0.5,Non-Alcoholic - Porter / Stout,330ml,330,12.58,Non-Alcoholic
Endeavour,4.15,Netherlands,3.51,Dutch Bargain,4.8,IPA - English,330ml,330,12.58,IPA
Ram Lord,6.29,United States,3.93,Newgrass Brewing Co.,8.0,Bock - Doppelbock,500ml,500,12.58,Bock
Uśmiech Bombelka 6,6.29,Poland,3.85,Browar Artezan,6.0,Sour - Fruited,500ml,500,12.58,Sour
Orval 2023,4.15,Belgium,3.89,Brasserie d'Orval,6.2,Pale Ale - Belgian,330ml,330,12.58,Pale Ale
Kerel Kaishaku Strong American Ale,4.15,Belgium,3.43,VBDCK Brewery,15.0,Strong Ale - American,330ml,330,12.58,Strong Ale
Bayrisch Pale Ale,4.15,Germany,3.49,Private Landbrauerei Schönram,5.5,Pale Ale - American,330ml,330,12.58,Pale Ale
Black Rebel Brewing x The Barn Beer Highway To Hell Rye NEIPA,6.29,Czech Republic,3.95,The Barn Beer Co.,6.5,IPA - New England / Hazy,500ml,500,12.58,IPA
Change My Mind,6.29,Poland,3.67,Browar Artezan,6.5,IPA - Fruited,500ml,500,12.58,IPA
Double Trouble,4.15,Belgium,3.72,Brasserie Surréaliste,8.5,IPA - Imperial / Double,330ml,330,12.58,IPA
Black Rebel Brewing x Barn Beer Highway To Hell,6.29,Czech Republic,3.95,The Barn Beer Co.,6.5,IPA - New England / Hazy,500ml,500,12.58,IPA
Pineapple Express Sabro Dryhopped Witbier with Pineapple,4.15,Netherlands,3.46,Brouwerij Frontaal,5.2,Wheat Beer - Witbier / Blanche,Can 330ml,330,12.58,Wheat Beer
Dr. Raptor,4.15,Netherlands,3.68,Uiltje Brewing Company,8.2,IPA - Imperial / Double,330ml,330,12.58,IPA
Doerak,4.15,Netherlands,3.52,Van Moll,6.2,IPA - American,330ml,330,12.58,IPA
Fifty / Fifty - Peach & Apricot,6.29,Poland,3.7,Magic Road,5.0,Fruit Beer,500ml,500,12.58,Fruit Beer
Canele - Pastry Train Stout,4.15,Netherlands,3.9,Brouwerij Kees,13.1,Stout - Imperial / Double Pastry,330ml,330,12.58,Stout
Apfelstrudel Doppelbock,4.15,Netherlands,3.62,Uiltje Brewing Company,11.0,Bock - Doppelbock,330ml,330,12.58,Bock
Freddy - Bloodlust West Coast Ipa,4.15,Hungary,3.53,Mad Scientist,6.66,IPA - Fruited,330ml,330,12.58,IPA
Beauty - Mango & Lemongrass,6.29,Poland,3.91,Magic Road,5.0,Sour - Other,500ml,500,12.58,Sour
La Mère Nöel,4.15,Belgium,3.42,Delirium - Huyghe Brewery,8.5,Winter Ale,330ml,330,12.58,Winter Ale
"Wonders - Chokeberry, Redcurrant & Coconut",6.29,Poland,3.69,Magic Road,4.9,Sour - Smoothie / Pastry,500ml,500,12.58,Sour
Natur-Elle Organic Geuze,9.44,Belgium,4.02,Lambiek Fabriek,6.2,Lambic - Gueuze,Bottle 750ml,750,12.59,Lambic
Cuvée,9.44,Belgium,3.93,Brouwerij De Ranke,7.0,Sour - Other,Bottle 750ml,750,12.59,Sour
Whānau,6.3,England,3.68,Rivington Brewing Co,4.5,Pilsner - New Zealand,Can 500ml,500,12.6,Pilsner
Coypu Fruity Bomb,6.3,Poland,3.99,COYPU,7.0,Sour - Smoothie / Pastry,500ml,500,12.6,Sour
Valley Life,6.3,England,3.64,Ideal Day,5.0,Pale Ale - Belgian,Bottle 500ml,500,12.6,Pale Ale
Super Papa! – Tripel,9.45,Netherlands,3.74,Van Moll,9.0,Belgian Tripel,Bottle 750ml,750,12.6,Belgian Tripel
Hold My Sword,6.3,England,3.87,Baron Brewing,4.0,Pale Ale - New England / Hazy,Can 500ml,500,12.6,Pale Ale
Coypu Juju,6.3,Poland,3.83,COYPU,7.5,IPA - Black / Cascadian Dark Ale,500ml,500,12.6,IPA
Magazine Cover,6.3,England,3.74,DEYA Brewing Company,4.2,Pale Ale - New England / Hazy,Can 500ml,500,12.6,Pale Ale
Sunlight,6.3,Poland,3.94,Browar Birbant,10.1,Stout - Imperial / Double Pastry,Can 500ml,500,12.6,Stout
Fruit Expo: Apricot Sour,6.3,Croatia,3.89,Nova Runda,4.6,Sour - Fruited,500ml,500,12.6,Sour
Clanger,6.3,England,3.8,Baron Brewing,5.3,Stout - Coffee,Can 500ml,500,12.6,Stout
Cuppa Craft,5.55,Netherlands,3.93,Moersleutel Craft Brewery,11.0,Stout - Imperial / Double,Can 440ml,440,12.61,Stout
Citra x Mosaic x Simcoe Cryo West Coast IPA,5.55,Latvia,3.7,Ārpus Brewing Co.,6.5,IPA - American,Can 440ml,440,12.61,IPA
DDH Hops x Art #22,5.55,Latvia,3.91,Ārpus Brewing Co.,6.5,IPA - New England / Hazy,Can 440ml,440,12.61,IPA
TDH NZ Cascade x Rakau x Citra IPA,5.55,Latvia,3.88,Ārpus Brewing Co.,6.5,IPA - New England / Hazy,Can 440ml,440,12.61,IPA
Veldwachter Bock,3.79,Netherlands,3.46,Brouwerij Maallust,7.0,Bock - Single / Traditional,300ml,300,12.63,Bock
La Clé du Bonheur (T.H.T. 11/03/2024),4.17,Belgium,3.27,Brasserie du Caméléon,8.0,Blonde / Golden Ale - Other,330ml,330,12.64,Blonde / Golden Ale
La Malpolon / Bendorf Die Holunder,4.17,France,3.83,Brasserie La Malpolon,5.2,Wild Ale - Other,330ml,330,12.64,Wild Ale
Westenküsten,6.32,Slovakia,3.65,Firstep,5.0,Lager - Other,500ml,500,12.64,Lager
Raspberry Funk,4.49,United States,3.6,21st Amendment Brewery,6.9,Sour - Fruited,355ml,355,12.65,Sour
DBA,4.49,United States,3.66,Firestone Walker Brewing Company,4.8,Pale Ale - English,355ml,355,12.65,Pale Ale
Freedom of Speach,4.49,United States,3.7,Revolution Brewing Company,4.5,Sour - Fruited,355ml,355,12.65,Sour
Dungeon Map,4.49,United States,3.82,Modern Times Beer,7.2,IPA - American,355ml,355,12.65,IPA
The Hazy,4.49,United States,3.78,Ska Brewing,6.5,IPA - New England / Hazy,355ml,355,12.65,IPA
Modus Hoperandi,4.49,United States,3.74,Ska Brewing,6.8,IPA - American,355ml,355,12.65,IPA
St. Vrain,4.49,United States,3.69,Left Hand Brewing Company,9.3,Belgian Tripel,355ml,355,12.65,Belgian Tripel
Rev Pils,4.49,United States,3.57,Revolution Brewing Company,5.5,Pilsner - German,355ml,355,12.65,Pilsner
Freedom of Assembly,4.49,United States,3.83,Revolution Brewing Company,4.5,Sour - Fruited,355ml,355,12.65,Sour
Freedom of Expression,4.49,United States,3.81,Revolution Brewing Company,4.5,Sour - Fruited,355ml,355,12.65,Sour
Escape to Colorado,4.49,United States,3.66,"Epic Brewing Co. (Utah, Colorado)",6.2,IPA - American,355ml,355,12.65,IPA
Modus Mandarina,4.49,United States,3.66,Ska Brewing,6.8,IPA - Fruited,355ml,355,12.65,IPA
Tropical Hazy,4.49,United States,3.67,Ska Brewing,6.0,IPA - New England / Hazy,355ml,355,12.65,IPA
Space Debris,4.49,United States,3.59,"Epic Brewing Co. (Utah, Colorado)",6.5,IPA - American,355ml,355,12.65,IPA
Papa Quadrupel,9.49,Belgium,3.79,Brouwerij Van Steenberge,10.5,Belgian Quadrupel,Bottle 750ml,750,12.65,Belgian Quadrupel
Oude Geuze à l'Ancienne Brewing season 2017-2018,9.49,Belgium,3.37,Brouwerij Boon,7.0,Lambic - Gueuze,Bottle 750ml,750,12.65,Lambic
Orbital Elevator,4.49,United States,4.15,Burlington Beer Company,8.3,IPA - Imperial / Double New England / Hazy,355ml,355,12.65,IPA
Gose,5.99,Canada,3.57,LTM - Les Trois Mousquetaires,3.8,Sour - Traditional Gose,Bottle 473ml,473,12.66,Sour
Pretty Pretty Pineapple,5.99,United States,3.88,Great Notion Brewing,6.0,Sour - Fruited,473ml,473,12.66,Sour
Hot Mexicake… from the darkside,5.99,Netherlands,3.94,Rolo1977 Beers,9.0,Stout - Pastry,473ml,473,12.66,Stout
Let's Go,5.99,United States,3.76,Fall Brewing Company,7.0,IPA - American,473ml,473,12.66,IPA
Mmm…Osa,5.99,United States,4.01,Equilibrium Brewery,4.8,Pale Ale - American,473ml,473,12.66,Pale Ale
Serious Robot,5.99,United States,4.13,Great Notion Brewing,7.0,IPA - New England / Hazy,473ml,473,12.66,IPA
Pohjala Sun City,5.57,Estonia,3.53,Põhjala,5.0,Sour - Fruited Berliner Weisse,Can 440ml,440,12.66,Sour
Light Speed,5.99,United States,3.87,Equilibrium Brewery,4.8,Pale Ale - American,473ml,473,12.66,Pale Ale
Lobos,5.99,United States,3.81,Fort Point Beer Company,6.9,IPA - New England / Hazy,473ml,473,12.66,IPA
Gouden Carolus Cuvee Van De Keizer Rood Imperial Blond Blond,9.5,Belgium,3.92,Brouwerij Het Anker,10.0,Belgian Strong Golden Ale,Bottle 750ml,750,12.67,Belgian Strong Golden Ale
Pissenlit Vintage,9.5,Belgium,3.75,Brasserie Fantôme,8.0,Farmhouse Ale - Saison,Bottle 750ml,750,12.67,Farmhouse Ale
Kasteel Barista Chocolate Quad,9.5,Belgium,3.77,Kasteel Brouwerij Vanhonsebrouck,11.0,Belgian Quadrupel,Bottle 750ml,750,12.67,Belgian Quadrupel
Vertignasse,9.5,Belgium,3.59,Brasserie Fantôme,4.5,Farmhouse Ale - Saison,Bottle 750ml,750,12.67,Farmhouse Ale
Delirium Deliria,9.5,Belgium,3.62,Delirium - Huyghe Brewery,8.5,Belgian Strong Golden Ale,Bottle 750ml,750,12.67,Belgian Strong Golden Ale
Fireside Brewing Tripel Sizzle,4.18,Netherlands,3.49,Mister Hop,5.0,Belgian Tripel,330ml,330,12.67,Belgian Tripel
Tunus 75cl,9.5,Netherlands,3.6,Brouwerij De Werf,9.0,Belgian Tripel,Bottle 750ml,750,12.67,Belgian Tripel
Baba Yaga,9.5,France,3.91,Hoppy Road,6.0,Farmhouse Ale - Saison,Bottle 750ml,750,12.67,Farmhouse Ale
Astro Galaxy,9.5,Spain,3.72,Cyclic Beer Farm,5.3,Sour - Other,Bottle 750ml,750,12.67,Sour
Oude Quetsche 2019/2020,9.5,Belgium,4.15,Gueuzerie Tilquin,6.4,Lambic - Fruit,Bottle 750ml,750,12.67,Lambic
Nib Bang !,9.5,Spain,3.65,Cyclic Beer Farm,5.3,Sour - Other,Bottle 750ml,750,12.67,Sour
Lekker Gewerkt Pik! (Vrouw),4.18,Netherlands,3.51,Mister Hop,5.0,Belgian Tripel,330ml,330,12.67,Belgian Tripel
Van Aert Gueuze Cassis,9.5,Belgium,3.9,Belgoo,7.2,Lambic - Fruit,Bottle 750ml,750,12.67,Lambic
Astarbe (Cider Basque),9.5,Spain,3.48,Sidrería Astarbe Sagardotegia,6.5,Cider - Basque,Bottle 750ml,750,12.67,Cider
Kasteel Cuvee Du Chateau,9.5,Belgium,3.81,Kasteel Brouwerij Vanhonsebrouck,11.0,Belgian Quadrupel,Bottle 750ml,750,12.67,Belgian Quadrupel
Atomic Age – Ghost: ATOMIC AGE,9.5,United States,4.09,Adroit Theory,12.0,Stout - Imperial / Double Coffee,Bottle 750ml,750,12.67,Stout
Xino Xano,9.5,Spain,3.66,Cyclic Beer Farm,4.0,Sour - Berliner Weisse,Bottle 750ml,750,12.67,Sour
Kriek 21/22,9.5,Belgium,4.26,Brasserie Cantillon,5.0,Lambic - Kriek,Bottle 750ml,750,12.67,Lambic
Kriek,9.5,Belgium,4.26,Brasserie Cantillon,5.0,Lambic - Kriek,Bottle 750ml,750,12.67,Lambic
Xocoveza,4.5,Mexico,4.01,Cervecería Insurgente/ Chris Banker/ Stone Brewing,8.1,Stout - Imperial / Double Milk,355ml,355,12.68,Stout
Coronado - Orange Avenue Wit,6.0,United States,3.56,Coronado Brewing Company,5.2,Wheat Beer - Witbier / Blanche,473ml,473,12.68,Wheat Beer
Beach Run,6.0,United States,3.61,AleSmith Brewing Company,6.9,IPA - American,473ml,473,12.68,IPA
Firestone Walker - Calisqueeze Blood Orange,4.5,United States,3.83,Firestone Walker Brewing Company,5.0,Wheat Beer - Fruited,355ml,355,12.68,Wheat Beer
Booghina,6.0,England,3.9,Left Handed Giant Brewing,6.0,Pale Ale - American,Can 473ml,473,12.68,Pale Ale
Silhouette Orange Creamsicle,6.0,United States,3.84,Hudson Valley Brewery,5.0,IPA - Sour,473ml,473,12.68,IPA
Sunglow,5.58,Denmark,3.59,Alefarm Brewing,5.3,Pale Ale - American,Can 440ml,440,12.68,Pale Ale
Snowdrop (BBE 23/11/24),6.0,United States,3.96,Tilted Barn Brewery,6.0,IPA - White / Wheat,Can 473ml,473,12.68,IPA
Allagash - North Sky - Stout,6.0,United States,3.76,Allagash Brewing Company,7.5,Stout - Belgian,473ml,473,12.68,Stout
Booghina,6.0,United States,3.57,Aslin Beer Company,6.0,Sour - Fruited,473ml,473,12.68,Sour
Forever Ever,6.0,United States,3.94,Other Half Brewing Co.,4.7,IPA - Session,473ml,473,12.68,IPA
Kriek (2021),4.76,Belgium,3.66,Brouwerij Boon,4.0,Lambic - Kriek,Bottle 375ml,375,12.69,Lambic
"Welcome Back, Freaks (2024)",5.59,Germany,3.99,Sudden Death Brewing Co.,6.3,IPA - New England / Hazy,Can 440ml,440,12.7,IPA
THE MANGO MAN,5.59,Sweden,3.8,Fermenterarna,8.0,Sour - Fruited,Can 440ml,440,12.7,Sour
Verzet Kameradski Balsamico,4.19,Belgium,3.63,Brouwerij 't Verzet,12.5,Stout - Russian Imperial,Bottle 330ml,330,12.7,Stout
Oma Lene Lebkuchen Ale,4.19,Germany,3.31,Mashsee Brauerei,6.6,Winter Ale,330ml,330,12.7,Winter Ale
Craft Beer – Tropical Therapy,5.59,France,3.88,Les Intenables - Craft Beer -,6.5,IPA - New England / Hazy,Can 440ml,440,12.7,IPA
Dragora Blond,4.19,Belgium,3.59,Enigma,7.0,Blonde / Golden Ale - Other,330ml,330,12.7,Blonde / Golden Ale
Black Fuel Strong Dark,4.19,Belgium,3.48,Enigma,9.5,Belgian Strong Dark Ale,330ml,330,12.7,Belgian Strong Dark Ale
The Coolest S,5.59,England,3.97,Sureshot Brewing,6.5,IPA - New England / Hazy,Can 440ml,440,12.7,IPA
Black Dragon Cider,6.35,Wales,3.54,Gwynt y Ddraig,7.2,Cider - Traditional / Apfelwein,500ml,500,12.7,Cider
Deer Hunter,4.19,Netherlands,3.98,Brouwerij Frontaal,13.4,Stout - Russian Imperial,330ml,330,12.7,Stout
Den Store Blondino,5.59,Sweden,3.79,Stigbergets Bryggeri,6.3,IPA - New England / Hazy,Can 440ml,440,12.7,IPA
Don't Show Kief Ya Tief,5.59,England,3.69,Bang The Elephant Brewing Co,8.0,IPA - Imperial / Double,Can 440ml,440,12.7,IPA
Tropical Jumbo,5.59,France,4.08,The Piggy Brewing Company,10.0,IPA - Triple New England / Hazy,Can 440ml,440,12.7,IPA
In Your Face,5.59,Netherlands,3.95,Brouwerij Frontaal,8.0,IPA - Imperial / Double New England / Hazy,Can 440ml,440,12.7,IPA
MPU IPA Alkoholfrei,4.19,Germany,3.05,Munich Brew Mafia,0.4,Non-Alcoholic - IPA,330ml,330,12.7,Non-Alcoholic
Orca Brau Wanderlust Pale Ale,4.19,Germany,3.71,orca brau,5.6,Pale Ale - American,330ml,330,12.7,Pale Ale
Tamera Tripel,4.19,Belgium,3.56,Enigma,9.0,Belgian Tripel,330ml,330,12.7,Belgian Tripel
Brewing Radical Mango,5.59,France,3.51,The Piggy Brewing Company,4.5,Sour - Fruited,Can 440ml,440,12.7,Sour
Verzet Oud Bruin Cherry 2019,4.19,Belgium,3.74,Brouwerij 't Verzet,6.0,Sour - Flanders Oud Bruin,330ml,330,12.7,Sour
World in a World,5.59,Netherlands,3.98,Folkingebrew,8.5,IPA - Sour,Can 440ml,440,12.7,IPA
Milkshake IPA,4.19,Croatia,3.77,The Garden Brewery,6.2,IPA - Milkshake,330ml,330,12.7,IPA
Raspberry Smoothie,5.59,Norway,4.01,Salikatt Bryggeri,5.5,Sour - Smoothie / Pastry,Can 440ml,440,12.7,Sour
Wittorfer Treibsand Hazy IPA,4.19,Germany,3.83,Wittorfer Brauerei Neumünster,5.7,IPA - New England / Hazy,330ml,330,12.7,IPA
BREWPUB ANNIVERSARY SPECIAL,5.59,Germany,4.04,Sudden Death Brewing Co.,6.3,IPA - New England / Hazy,Can 440ml,440,12.7,IPA
Stigbergets / Willibald Same But Different,5.59,Sweden,4.01,Stigbergets Bryggeri,8.2,IPA - Imperial / Double,Can 440ml,440,12.7,IPA
One By One,5.59,Germany,3.67,FrauGruber Brewing,6.8,IPA - New England / Hazy,Can 440ml,440,12.7,IPA
Hopnytized New England IPA,4.19,Belgium,3.63,Enigma,8.0,IPA - New England / Hazy,330ml,330,12.7,IPA
Lupulin Monster IPA,4.19,Belgium,3.59,Enigma,7.0,IPA - Belgian,330ml,330,12.7,IPA
Wittorfer Krabbenkutter IPA,4.19,Germany,3.49,Wittorfer Brauerei Neumünster,6.5,IPA - American,330ml,330,12.7,IPA
Winter Helheim Dunkel,4.19,Belgium,3.67,Enigma,12.0,Winter Warmer,330ml,330,12.7,Winter Warmer
Lidmašinas,5.59,England,3.62,Frontaal X Ārpus,10.0,Imperial Stout,Can 440ml,440,12.7,Imperial Stout
LOLLIPOP / GUAVA & STRAWBERRY & PINEAPPLE,5.59,Latvia,3.74,Hopalaa,8.0,Sour - Fruited Berliner Weisse,Can 440ml,440,12.7,Sour
A Crossover Episode,5.59,England,3.87,Sureshot Brewing,6.0,IPA - New England / Hazy,Can 440ml,440,12.7,IPA
Wittorfer Brewcrew Collab. 2024 Golden Summer Ale,4.19,Germany,3.54,Wittorfer Brauerei Neumünster,6.5,Blonde / Golden Ale - Other,330ml,330,12.7,Blonde / Golden Ale
El Dorado Triple IPA,4.19,Belgium,3.6,Enigma,10.0,IPA - Triple,330ml,330,12.7,IPA
Lightless Light,5.59,England,3.81,Floc.,10.5,Stout - Imperial / Double,Can 440ml,440,12.7,Stout
"BRIX – Pink Guava, Pineapple & Passion Fruit",5.59,Latvia,3.99,ODU Brewery,5.5,Sour - Smoothie / Pastry,Can 440ml,440,12.7,Sour
BRIX – Pink Guava & Strawberry,5.59,Latvia,3.93,ODU Brewery,5.5,Sour - Smoothie / Pastry,Can 440ml,440,12.7,Sour
Wildwuchs Wachmoker Speicherstadt Kaffee Ale BIO,4.19,Germany,3.25,Wildwuchs Brauwerk Hamburg,4.9,Brown Ale - Other,330ml,330,12.7,Brown Ale
Wildwuchs Frau Knolle BIO Helles mit Ingwer,4.19,Germany,3.42,Wildwuchs Brauwerk Hamburg,4.5,Spiced / Herbed Beer,330ml,330,12.7,Spiced / Herbed Beer
TIC TAC TOE Raspberry & Mango,5.59,Latvia,4.0,ODU Brewery,4.5,Sour - Smoothie / Pastry,Can 440ml,440,12.7,Sour
Wacken Tyr Warrior IPA,4.19,Germany,3.19,Beer of the Gods - Wacken Brauerei,8.3,IPA - Imperial / Double,330ml,330,12.7,IPA
Bad Tedi,5.59,Romania,3.58,OneTwo,5.0,Sour - Fruited,Can 440ml,440,12.7,Sour
Badin Mallow Mango,5.59,Norway,3.44,Bådin,5.9,Sour - Fruited,Can 440ml,440,12.7,Sour
Hop Hooligans / Yria - The Postman,6.35,Romania,3.74,Hop Hooligans,6.0,Gluten-Free,Can 500ml,500,12.7,Gluten-Free
Sapience,6.35,Romania,3.63,Hop Hooligans,6.0,Farmhouse Ale - Saison,Can 500ml,500,12.7,Farmhouse Ale
Hopnytized Double IPA,4.19,Belgium,3.71,Enigma,9.0,IPA - Imperial / Double,330ml,330,12.7,IPA
Wittorfer Handspatz Ananas & Cocos Sour Ale,4.19,Germany,3.63,Wittorfer Brauerei Neumünster,6.5,Sour - Fruited,330ml,330,12.7,Sour
Birth Low-Alcoholic West Coast IPA,5.59,Croatia,3.39,The Garden Brewery,0.5,Non-Alcoholic - IPA,Can 440ml,440,12.7,Non-Alcoholic
Heimathafen Erfurter Schittchen Gewürzbier,4.19,Germany,3.13,Heimathafen - Erfurter Braumanufaktur,5.7,Spiced / Herbed Beer,330ml,330,12.7,Spiced / Herbed Beer
Mango No.5,5.59,Spain,3.63,Basqueland Brewing,6.0,Sour - Fruited,Can 440ml,440,12.7,Sour
Viva Patron (Project Barista 24),5.6,England,3.79,Siren Craft Brew,8.0,Dark Ale,Can 440ml,440,12.73,Dark Ale
Cuvée Theo Margaux BA,4.2,Belgium,3.65,Brouwerij Alvinne,9.0,Farmhouse Ale - Saison,330ml,330,12.73,Farmhouse Ale
CYCT: Thrust,5.6,Netherlands,3.93,Moersleutel Craft Brewery,8.0,IPA - Imperial / Double,Can 440ml,440,12.73,IPA
Scottish Export,5.6,Scotland,3.72,Simple Things Fermentations,5.5,Scottish Export Ale,Can 440ml,440,12.73,Scottish Export Ale
Heriot IPA (bbf: 16-07-25),5.6,Sweden,3.98,Apex Brewing Company,6.5,IPA - New England / Hazy,Can 440ml,440,12.73,IPA
Witbier,4.2,Netherlands,3.46,Sion Kloosterbier,4.8,Wheat Beer - Witbier / Blanche,330ml,330,12.73,Wheat Beer
Saison,4.2,Netherlands,3.5,Sion Kloosterbier,6.0,Farmhouse Ale - Saison,330ml,330,12.73,Farmhouse Ale
My Ex Was In A Band And They Had A Hit Called Sheryl Crow,5.6,England,3.64,Pretty Decent Beer Co,5.0,Pale Ale - American,Can 440ml,440,12.73,Pale Ale
Tiny Trousers,5.6,England,3.66,Pretty Decent Beer Co,4.5,Pale Ale - Other,Can 440ml,440,12.73,Pale Ale
TDH Hops X Art #25 IPA,5.6,Latvia,4.06,Ārpus Brewing Co.,6.5,IPA - New England / Hazy,Can 440ml,440,12.73,IPA
Modern Classic,4.2,Netherlands,3.66,Two Chefs Brewing,8.0,IPA - Imperial / Double,330ml,330,12.73,IPA
A Basic Equation  Raspberry Wheat beer,5.6,England,3.62,Turning Point Brew Co.,4.8,Wheat Beer - Fruited,Can 440ml,440,12.73,Wheat Beer
Blond,4.2,Netherlands,3.56,Sion Kloosterbier,6.0,Belgian Blonde,330ml,330,12.73,Belgian Blonde
Reptilia,5.6,Wales,3.88,Dark Element Brew Co,5.3,Pale Ale - New England / Hazy,Can 440ml,440,12.73,Pale Ale
Mooi De Klos,4.2,Netherlands,3.48,Stadsbrouwerij 013,10.5,Stout - Russian Imperial,330ml,330,12.73,Stout
De Moersleutel CYCT Pressure,5.6,Netherlands,3.82,Moersleutel Craft Brewery,7.0,IPA - New England / Hazy,Can 440ml,440,12.73,IPA
Marea Viva,5.6,Spain,3.84,Basqueland Brewing,6.2,IPA - American,Can 440ml,440,12.73,IPA
Dikke Prins,4.2,Netherlands,3.59,Brouwerij Durs,8.5,Belgian Strong Golden Ale,330ml,330,12.73,Belgian Strong Golden Ale
Tonka Tonka,4.2,France,3.82,Brasserie de Clemery,6.5,Winter Ale,330ml,330,12.73,Winter Ale
Novel IPA,4.2,Netherlands,3.6,Beetles Beer,6.0,IPA - Belgian,330ml,330,12.73,IPA
Export Stout London 1890,4.2,England,3.95,The Kernel Brewery,7.2,Stout - Foreign / Export,Bottle 330ml,330,12.73,Stout
Santa Gose To Town,5.6,England,3.76,Twisted Barrel Ale,6.0,Sour - Fruited Gose,Can 440ml,440,12.73,Sour
India Pale Ale (hops vary) - approx,4.2,United States,4.01,Kern River Brewing Company,7.0,IPA - American,Bottle 330ml,330,12.73,IPA
Pop Hop Painted Black,4.2,Netherlands,3.73,POPHOP,10.0,Stout - Imperial / Double,330ml,330,12.73,Stout
INFINITY X Rivington,5.6,England,4.04,Pomona Island Brew Co.,5.4,Pale Ale - New England / Hazy,Can 440ml,440,12.73,Pale Ale
Christmas In Cali,5.6,England,3.7,Siren Craft Brew,6.0,IPA - American,Can 440ml,440,12.73,IPA
Holy Roasty,4.2,Belgium,3.2,Galea Craft Beers,0.3,Non-Alcoholic - Porter / Stout,330ml,330,12.73,Non-Alcoholic
Belgian Stars & Stripes,4.2,Belgium,3.56,Stroom,6.2,IPA - American,330ml,330,12.73,IPA
Deep Space Death Trap (x Torso),5.6,England,3.85,Black Iris Brewery,4.0,Pale Ale - Other,Can 440ml,440,12.73,Pale Ale
De La Senne Zinnebir,4.2,Belgium,3.4,Brasserie de la Senne,5.8,Pale Ale - Belgian,Bottle 330ml,330,12.73,Pale Ale
Glasshouse Hortensia,5.6,England,3.88,GlassHouse Beer Co,4.6,Pale Ale - New England / Hazy,Can 440ml,440,12.73,Pale Ale
Dutch Bargain / Frontaal Smoking Chaos,4.2,Netherlands,2.97,Dutch Bargain,4.3,Historical Beer - Lichtenhainer,330ml,330,12.73,Historical Beer
Nighty Knight,4.2,Belgium,3.77,Galea Craft Beers,11.5,Stout - Imperial / Double,330ml,330,12.73,Stout
De La Senne Super Crisse! (BBE 05/12/24),4.2,Belgium,3.71,Brasserie de la Senne,7.5,Belgian Tripel,Bottle 330ml,330,12.73,Belgian Tripel
Tynt Meadow Blond (2024),4.2,England,3.62,Mount Saint Bernard Abbey,5.0,Blonde / Golden Ale - English,330ml,330,12.73,Blonde / Golden Ale
North 2020,4.2,Netherlands,3.88,Brouwerij Frontaal,11.0,Stout - Imperial / Double Coffee,330ml,330,12.73,Stout
Keep dreaming,5.6,Hungary,4.1,Brew Your Mind,7.0,IPA - American,Can 440ml,440,12.73,IPA
Oats on Oats on Oats 11th Anniversary,5.6,United States,4.03,Kings & Daughters Brewery/ Siren Craft Brew,8.0,IPA - Imperial / Double New England / Hazy,Can 440ml,440,12.73,IPA
Hop Thing Vermont Ipa,5.6,Netherlands,3.7,Brouwerij Kees,7.0,IPA - Other,Can 440ml,440,12.73,IPA
Are the Leaves are Brown,5.6,Netherlands,3.48,X-brewing,8.0,Bock - Doppelbock,Can 440ml,440,12.73,Bock
Bière de Noël,4.2,France,3.44,Brasserie Galibot,6.4,Lager - Winter,330ml,330,12.73,Lager
TDH Ella x Enigma IPA,5.6,Latvia,3.85,Ārpus Brewing Co.,6.5,IPA - New England / Hazy,Can 440ml,440,12.73,IPA
Fugushima,4.2,Belgium,3.78,Fugu Brewing Co.,6.2,IPA - New England / Hazy,330ml,330,12.73,IPA
ROTT.droom,4.2,Netherlands,3.68,ROTT. Brouwers,6.4,IPA - American,330ml,330,12.73,IPA
MERCÈ,4.2,Spain,3.8,Garage Beer Co.,5.0,IPA - New England / Hazy,330ml,330,12.73,IPA
Favourite Friend,5.6,England,3.68,New Bristol Brewery,5.0,Pale Ale - American,Can 440ml,440,12.73,Pale Ale
Existence As A Radical Act,5.6,England,3.79,The Queer Brewing Project,5.0,Pale Ale - American,Can 440ml,440,12.73,Pale Ale
Lost,5.6,Wales,3.89,Dark Element Brew Co,5.2,Pale Ale - New England / Hazy,Can 440ml,440,12.73,Pale Ale
Area 52,5.6,Spain,3.88,Basqueland Brewing,6.5,IPA - New England / Hazy,Can 440ml,440,12.73,IPA
Nano-Tripel,4.2,Netherlands,3.52,Brouwerij 't Smakt,7.4,Belgian Tripel,330ml,330,12.73,Belgian Tripel
London Brick Red Rye Ale,4.2,England,3.79,The Kernel Brewery,6.6,Rye Beer,330ml,330,12.73,Rye Beer
Pohjala Meri,4.2,Estonia,3.34,Põhjala,4.4,Sour - Traditional Gose,330ml,330,12.73,Sour
Good Chemistry / Amity - City Break,5.6,England,3.88,Good Chemistry Brewing,5.0,IPA - New England / Hazy,Can 440ml,440,12.73,IPA
Pohjala - Prenzlauer Berg CAN,4.2,Estonia,3.58,Põhjala,4.5,Sour - Fruited Berliner Weisse,330ml,330,12.73,Sour
Tropical Stout,4.2,England,3.87,The Kernel Brewery,5.9,Stout - Other,Bottle 330ml,330,12.73,Stout
Not a Coffee BIO,4.2,France,3.87,Effet Papillon,5.5,Stout - White / Golden,330ml,330,12.73,Stout
Lambiek Barbera 2021,4.2,Belgium,3.65,Brouwerij Hof ten Dormaal,6.5,Lambic - Fruit,330ml,330,12.73,Lambic
Grimbergen Winter,4.2,Belgium,3.44,Brouwerij Alken-Maes,6.5,Winter Ale,330ml,330,12.73,Winter Ale
Mosaic Nelson Deluxe,5.6,England,4.07,Pipeline Brewing Co,6.3,IPA - New England / Hazy,Can 440ml,440,12.73,IPA
Kathleen Turner Overdrive  -  THT/BBE 10/24,5.6,England,3.91,Pomona Island Brew Co.,5.5,Sour - Fruited Gose,Can 440ml,440,12.73,Sour
Summer Zest -  THT/BBE 08/24,5.6,Spain,3.7,Cervecera Península,4.8,Sour - Fruited Gose,Can 440ml,440,12.73,Sour
Sundialer,5.6,England,3.87,Verdant Brewing Co,5.0,Pale Ale - New England / Hazy,Can 440ml,440,12.73,Pale Ale
Year of the Dragon  Single Hop Ipa,5.6,Netherlands,3.65,Brouwerij Kees,5.8,IPA - American,Can 440ml,440,12.73,IPA
Moxee,5.6,England,3.76,Track Brewing Company,4.8,Lager - Helles,Can 440ml,440,12.73,Lager
Good Morning Uut ‘Nham,4.2,Netherlands,3.78,Berghoeve Brouwerij,7.5,Stout - Other,330ml,330,12.73,Stout
Fruit Bomb New England DIPA,5.6,Netherlands,3.81,Moersleutel Craft Brewery,8.0,IPA - Imperial / Double New England / Hazy,Can 440ml,440,12.73,IPA
Grand Cru (2020),4.2,Belgium,3.85,Brouwerij Rodenbach,6.0,Sour - Flanders Red Ale,330ml,330,12.73,Sour
Sobremesa Farmers Dark Ale,5.6,Wales,3.72,Sobremesa Farmhouse Beers & Natural Ciders,4.5,Stout - English,Can 440ml,440,12.73,Stout
Speciale Belge APA,4.2,Belgium,3.34,Brouwerij De Koninck,5.2,Pale Ale - Belgian,330ml,330,12.73,Pale Ale
Nimble,5.6,Germany,3.69,FUERST WIACEK,3.5,Pale Ale - New England / Hazy,Can 440ml,440,12.73,Pale Ale
Ebb & Flow,5.6,England,3.7,Duration Brewing,6.5,Stout - American,Can 440ml,440,12.73,Stout
TDH Talus x Cascade IPA,5.6,Latvia,3.91,Ārpus Brewing Co.,6.5,IPA - New England / Hazy,Can 440ml,440,12.73,IPA
Van Sas The Boss,4.2,Netherlands,3.39,Familiebrouwerij Van Sas,7.2,IPA - Other,330ml,330,12.73,IPA
Lightspeed Pilsner,4.2,England,3.23,Original Stormtrooper Beer,5.0,Pilsner - Other,330ml,330,12.73,Pilsner
Saison van de Bruwer,4.2,Belgium,3.28,Brasserie de la Senne,5.3,Farmhouse Ale - Brett,330ml,330,12.73,Farmhouse Ale
Warmouth v13,4.2,Netherlands,3.8,De Kromme Haring,6.3,IPA - New England / Hazy,330ml,330,12.73,IPA
Funky Fluid / Ruse Pink Mirror,6.37,Poland,3.93,Funky Fluid,8.0,IPA - Imperial / Double New England / Hazy,500ml,500,12.74,IPA
Respeto,5.99,United States,3.5,Mason Ale Works,4.5,Lager - Mexican,Can 470ml,470,12.74,Lager
Speedway Stout: Horchata Edition,5.99,United States,3.85,AleSmith Brewing Company,12.0,Stout - Imperial / Double Coffee,Can 470ml,470,12.74,Stout
Michael,6.37,Poland,3.59,Funky Fluid,8.1,IPA - Imperial / Double Milkshake,500ml,500,12.74,IPA
Oude Kriek,4.78,Belgium,4.02,Oud Beersel,7.0,Lambic - Kriek,Bottle 375ml,375,12.75,Lambic
Blanche de Bruges,3.19,Belgium,3.39,Brouwerij De Halve Maan,5.0,Wheat Beer - Witbier / Blanche,Bottle 250ml,250,12.76,Wheat Beer
Gere & Freke,4.21,Netherlands,3.87,Brouwerij de Molen/ Ægir Bryggeri,8.0,Stout - Imperial / Double Coffee,330ml,330,12.76,Stout
To Ol Mochaccino Messiah,4.21,Denmark,3.69,To Øl,7.0,Brown Ale - American,330ml,330,12.76,Brown Ale
Moineau,4.21,Belgium,3.58,La Source Beer Co.,2.7,IPA - Session,330ml,330,12.76,IPA
Exotic Tales,5.62,Hungary,3.65,HORIZONT Brewing,5.3,Sour - Fruited,Can 440ml,440,12.77,Sour
Jamaica,9.58,Spain,3.78,Cyclic Beer Farm,5.5,Sour - Fruited Berliner Weisse,Bottle 750ml,750,12.77,Sour
Sourbit Cherry & Chocolate,5.62,Latvia,3.68,Hopalaa,7.0,Sour - Fruited Berliner Weisse,Can 440ml,440,12.77,Sour
45 Days Of X-Mas,5.62,Denmark,3.18,To Øl,5.0,Lager - Vienna,Can 440ml,440,12.77,Lager
Funeral Clown (2024),5.62,Germany,4.23,Sudden Death Brewing Co.,5.0,Sour - Smoothie / Pastry,Can 440ml,440,12.77,Sour
Volta,9.58,Spain,3.78,Cyclic Beer Farm,4.0,Sour - Fruited,Bottle 750ml,750,12.77,Sour
Sourbit Tangerine & Lemon,5.62,Latvia,3.87,Hopalaa,7.0,Sour - Fruited Berliner Weisse,Can 440ml,440,12.77,Sour
AERoFAB Mistral,4.22,France,3.83,Aerofab,6.0,IPA - American,330ml,330,12.79,IPA
De la Senne Saison,4.22,Belgium,3.96,Brasserie de la Senne,6.0,Farmhouse Ale - Saison,330ml,330,12.79,Farmhouse Ale
Ghost In The Machine,9.6,United States,4.3,Parish Brewing Co.,8.5,IPA - Imperial / Double New England / Hazy,Bottle 750ml,750,12.8,IPA
Water Running Down,6.4,England,3.98,Rivington Brewing Co,5.5,Pale Ale - New England / Hazy,500ml,500,12.8,Pale Ale
RIWAKA,6.4,Netherlands,3.91,Brouwerij LOST,6.8,IPA - New England / Hazy,500ml,500,12.8,IPA
L'Effet Flamand -Saison- 2023,6.4,France,3.67,Effet Papillon,7.0,Farmhouse Ale - Saison,500ml,500,12.8,Farmhouse Ale
"Bière Darbyste 0,75L",9.6,Belgium,3.62,Brasserie de Blaugies,5.8,Farmhouse Ale - Saison,Bottle 750ml,750,12.8,Farmhouse Ale
Can I Pleo It?,6.4,England,3.83,DEYA Brewing Company,4.4,Pale Ale - American,Can 500ml,500,12.8,Pale Ale
Liquid Art,4.8,France,4.0,Prizm Brewing Co.,8.0,IPA - Imperial / Double,Bottle 375ml,375,12.8,IPA
Breaking Good (bbf: 06-09-25),6.4,Poland,3.73,Funky Fluid,6.3,IPA - American,500ml,500,12.8,IPA
Mermaid Margarita,6.4,Romania,3.49,Hop Hooligans,5.0,Sour - Other,500ml,500,12.8,Sour
Ghost In The Machine (2024) (canned: 22-07-24),9.6,United States,4.54,Parish Brewing Co.,8.0,IPA - Imperial / Double New England / Hazy,Bottle 750ml,750,12.8,IPA
"Saison d'Epeautre 0,75L",9.6,Belgium,3.72,Brasserie de Blaugies,6.0,Farmhouse Ale - Saison,Bottle 750ml,750,12.8,Farmhouse Ale
Oude Gueuze,4.8,Belgium,3.98,Hanssens Artisanaal,6.0,Lambic - Gueuze,Bottle 375ml,375,12.8,Lambic
Rest Easy,5.64,Germany,3.95,Sudden Death Brewing Co.,9.5,IPA - Imperial / Double,Can 440ml,440,12.82,IPA
Hop Cloud,4.23,United States,3.74,Mike Hess Brewing,7.0,IPA - New England / Hazy,330ml,330,12.82,IPA
HopCthulu Wrath,5.65,Greece,3.95,Seven Island Brewery,6.5,IPA - New England / Hazy,Can 440ml,440,12.84,IPA
TDH Hops x Art #25 (bbf: 31-10-25),5.65,Latvia,3.98,Ārpus Brewing Co.,6.5,IPA - New England / Hazy,Can 440ml,440,12.84,IPA
Void IPA,5.65,Sweden,3.95,Apex Brewing Company,6.5,IPA - New England / Hazy,Can 440ml,440,12.84,IPA
TDH Hops x Art #25,5.65,Latvia,4.06,Ārpus Brewing Co.,6.5,IPA - New England / Hazy,Can 440ml,440,12.84,IPA
Kentucky Grand Cru BA - keg K,256.7,Spain,4.17,Basqueland Brewing,12.5,Stout - Imperial / Double,20000ml,20000,12.84,Stout
Sticky Toffee Pudding,5.65,England,3.71,Vocation Brewery,5.8,Stout - Other,Can 440ml,440,12.84,Stout
Flute Loop – Imperial IPA,5.65,Germany,3.84,FrauGruber Brewing,8.2,IPA - Imperial / Double New England / Hazy,Can 440ml,440,12.84,IPA
Concerto Pour Citra,5.65,France,3.99,The Piggy Brewing Company,6.0,IPA - New England / Hazy,Can 440ml,440,12.84,IPA
To Bock Or Not To Bock,5.65,Netherlands,3.35,Rabauw Craft Beer,7.7,Bock - Doppelbock,Can 440ml,440,12.84,Bock
Citra Crush,5.65,Greece,3.83,Seven Island Brewery,6.5,IPA - New England / Hazy,Can 440ml,440,12.84,IPA
DANK ‘ N ‘ JUICY,5.65,Latvia,3.97,Hopalaa,6.8,IPA - New England / Hazy,Can 440ml,440,12.84,IPA
Brew Noir,5.65,Germany,3.65,Schwarze Rose,5.8,Stout - Coffee,Can 440ml,440,12.84,Stout
Midsummer Sparks,5.65,France,3.63,The Piggy Brewing Company,5.6,Farmhouse Ale - Saison,Can 440ml,440,12.84,Farmhouse Ale
Begin To Run,5.65,Spain,3.81,Cervesa Espiga,7.0,IPA - American,Can 440ml,440,12.84,IPA
Death Bolt IPA,5.65,Sweden,3.95,Apex Brewing Company,6.5,IPA - New England / Hazy,Can 440ml,440,12.84,IPA
Dreams of Brew York,5.65,England,3.81,Brew York,6.5,Sour - Fruited,Can 440ml,440,12.84,Sour
Summer Crisp,5.65,Norway,3.79,Salikatt Bryggeri,6.0,IPA - American,Can 440ml,440,12.84,IPA
Pie Eating Contest - keg K,256.7,Spain,4.11,Basqueland Brewing,11.2,Stout - Imperial / Double Pastry,20000ml,20000,12.84,Stout
Hellbender IPA,5.65,Sweden,3.94,Apex Brewing Company,6.5,IPA - New England / Hazy,Can 440ml,440,12.84,IPA
Violent Hopsification,5.65,Bulgaria,3.91,Metalhead,6.7,IPA - New England / Hazy,Can 440ml,440,12.84,IPA
Surrender to the Void,5.65,Ireland,4.1,Whiplash,8.5,IPA - Imperial / Double,Can 440ml,440,12.84,IPA
Tilquin Oude Gueuze,9.64,Belgium,4.0,Gueuzerie Tilquin,7.0,Lambic - Gueuze,Bottle 750ml,750,12.85,Lambic
St Feuillien Cuvée de Noel - VINTAGE 2018,4.24,Belgium,3.48,Brasserie St-Feuillien,9.0,Winter Ale,330ml,330,12.85,Winter Ale
Nebuchadnezzar,4.24,Sweden,3.92,Omnipollo,8.5,IPA - Imperial / Double,Can 330ml,330,12.85,IPA
Rendezvous,5.66,Latvia,4.01,Hopalaa,8.2,IPA - Imperial / Double New England / Hazy,Can 440ml,440,12.86,IPA
Night Shift,5.66,Latvia,3.89,Hopalaa,8.0,Porter - Imperial / Double Baltic,Can 440ml,440,12.86,Porter
Gravel,9.65,Spain,3.75,Cyclic Beer Farm,4.6,Farmhouse Ale - Saison,Bottle 750ml,750,12.87,Farmhouse Ale
Gouden Arend 125 Years (2023),9.65,Belgium,3.79,Brouwerij De Ryck,9.0,Belgian Tripel,Bottle 750ml,750,12.87,Belgian Tripel
XXX-Bitter Belgian IPA,9.65,Belgium,3.47,Brouwerij De Ranke,6.0,IPA - Belgian,Bottle 750ml,750,12.87,IPA
Ritual #1: Opening Ceremony,4.25,Netherlands,3.68,Nemeton Brewing,10.8,Barleywine - Other,330ml,330,12.88,Barleywine
LETITSNOW,4.25,Netherlands,,Mister Hop,6.8,IPA - New England / Hazy,330ml,330,12.88,IPA
Berliner – Berliner Ryesse Cherry Mint,4.25,Belgium,3.45,Brouwerij Alvinne/ Laugar Brewery,4.0,Sour - Berliner Weisse,330ml,330,12.88,Sour
Ds24 - Infused Dry Stout - Bourbon,4.25,Netherlands,3.61,Berging Brouwerij,7.9,Stout - Irish Dry,330ml,330,12.88,Stout
Bw24 - Infused Barley Wine- Cognac,4.25,Netherlands,3.81,Berging Brouwerij,8.4,Barleywine - Other,330ml,330,12.88,Barleywine
Tripel Hop Cashmere,4.25,Belgium,3.61,Duvel Moortgat,9.5,IPA - Belgian,330ml,330,12.88,IPA
Belga Saison Chardonnay,4.25,Hungary,3.51,Etyeki Sörmanufaktúra,7.1,Grape Ale - Other,330ml,330,12.88,Grape Ale
Teddy Cool 5 granen Tripel,4.25,Netherlands,3.61,Oersoep,8.5,Belgian Tripel,Can 330ml,330,12.88,Belgian Tripel
Gelensteyn - Wine BA,4.25,Netherlands,3.51,Elegast Cidery,7.0,Cider - Dry,330ml,330,12.88,Cider
New Born Blond It's A Girl (Geboortebier),4.25,Netherlands,3.36,Mister Hop,5.5,Belgian Blonde,330ml,330,12.88,Belgian Blonde
Walhalla Chantico,4.25,Netherlands,3.43,Walhalla Brouwerij & Proeflokaal,6.5,Sour - Fruited,330ml,330,12.88,Sour
Fireside Brewing Smokin' Hot Blonde (Male),4.25,Netherlands,3.47,Mister Hop,5.5,Blonde / Golden Ale - Other,330ml,330,12.88,Blonde / Golden Ale
Minne Batch #7,4.25,Netherlands,3.78,Nevel Wild Ales,5.5,Wild Ale - Other,330ml,330,12.88,Wild Ale
Winter Master,4.25,Belgium,3.76,Brewery De Meester,12.0,Barleywine - Other,330ml,330,12.88,Barleywine
Royale Kater,4.25,Netherlands,3.61,Mister Hop,6.3,IPA - New England / Hazy,330ml,330,12.88,IPA
Straffe Hendrik Brugs Quadrupel Bier II – Belgien Quadrupel,4.25,Belgium,3.89,Brouwerij De Halve Maan,11.0,Belgian Quadrupel,330ml,330,12.88,Belgian Quadrupel
XMAS Monk – Dubbel,4.25,Germany,3.79,KUEHN KUNZ ROSEN,7.5,Belgian Dubbel,330ml,330,12.88,Belgian Dubbel
Strieper Prototype No12 New England Double IPA,4.25,Netherlands,3.61,Strieper Craft Beer Company,8.0,IPA - Imperial / Double New England / Hazy,330ml,330,12.88,IPA
van Moll Summa,4.25,Netherlands,3.76,Van Moll,10.5,Strong Ale - Other,330ml,330,12.88,Strong Ale
Hopnytized Everyday IPA,4.25,Belgium,3.57,Enigma,5.5,IPA - Other,330ml,330,12.88,IPA
Verboden Blond,4.25,Netherlands,3.47,Mister Hop,5.5,Belgian Blonde,330ml,330,12.88,Belgian Blonde
Struise Pannepot Vintage 2022,4.25,Belgium,3.94,De Struise Brouwers,10.0,Belgian Strong Dark Ale,330ml,330,12.88,Belgian Strong Dark Ale
Tynt Meadow Blond Ale,4.25,England,3.64,Mount Saint Bernard Abbey,7.4,Strong Ale - English,330ml,330,12.88,Strong Ale
Freie Liebe,4.25,Germany,3.23,Brauhaus Nittenau,0.5,Non-Alcoholic - Lager,330ml,330,12.88,Non-Alcoholic
Flamoes,4.25,Netherlands,3.6,Mister Hop,6.5,IPA - New England / Hazy,330ml,330,12.88,IPA
Tripel Honnie,4.25,Netherlands,3.48,De Grieze,8.4,Honey Beer,330ml,330,12.88,Honey Beer
Maitiid,4.25,Netherlands,3.52,Het Brouwdok,5.9,Bock - Hell / Maibock / Lentebock,330ml,330,12.88,Bock
Somerset Wild,4.25,England,3.57,The Wild Beer Co,5.0,Wild Ale - Other,330ml,330,12.88,Wild Ale
Sinterbaas (Sinterklaasbier),4.25,Netherlands,3.22,Mister Hop,5.12,Blonde / Golden Ale - Other,330ml,330,12.88,Blonde / Golden Ale
Sans Pardon Russian Imperial Stout,4.25,Belgium,3.83,Brouwerij De Dochter van de Korenaar,11.0,Stout - Russian Imperial,330ml,330,12.88,Stout
Qd24 - Infused Quadrupel- Rum,4.25,Netherlands,3.73,Berging Brouwerij,8.5,Belgian Quadrupel,330ml,330,12.88,Belgian Quadrupel
ROTT.toetje,4.25,Netherlands,3.73,100 Watt Brewery/ 4 Islands Brewing/ ARRR! Brewing Co./ Baxbier/ + 76 breweries,10.5,Porter - Imperial / Double,330ml,330,12.88,Porter
Fireside Brewing Smokin' Hot Blonde (Female),4.25,Netherlands,3.47,Mister Hop,5.5,Blonde / Golden Ale - Other,330ml,330,12.88,Blonde / Golden Ale
Baltic Porter Day 2022,4.25,Estonia,4.1,Põhjala,10.5,Porter - Imperial / Double Baltic,330ml,330,12.88,Porter
Double Fruited Sour,4.25,Netherlands,3.58,Brouwerij Eleven,6.5,Sour - Fruited,330ml,330,12.88,Sour
Summer In Paradise,4.25,Netherlands,3.7,Brouwerij Kees,7.9,IPA - Imperial / Double,330ml,330,12.88,IPA
Supermooi Gezopen Gisteren Gozer,4.25,Netherlands,3.11,Spebi Brewery,5.6,Blonde / Golden Ale - Other,330ml,330,12.88,Blonde / Golden Ale
Kopfkino 2024 – Imperial Saison,4.25,Germany,3.73,orca brau,8.0,Farmhouse Ale - Saison,330ml,330,12.88,Farmhouse Ale
Vlissingse Tripel,4.25,Netherlands,3.52,Vlissings Bier,9.0,Belgian Tripel,330ml,330,12.88,Belgian Tripel
King Rufus,4.25,Norway,3.77,LERVIG,15.6,Barleywine - English,330ml,330,12.88,Barleywine
New Born Blond It's A Boy (Geboortebier),4.25,Netherlands,3.52,Mister Hop,5.5,Belgian Blonde,330ml,330,12.88,Belgian Blonde
OO,4.25,Estonia,3.93,Põhjala,10.5,Porter - Imperial / Double Baltic,330ml,330,12.88,Porter
Met Jan Naar De Maan,4.25,Netherlands,3.75,Brouwerij Eleven,11.0,Stout - Imperial / Double,330ml,330,12.88,Stout
Gimme Danger Gluten Free Imperial Stout,4.25,Estonia,3.7,Põhjala,10.5,Gluten-Free,330ml,330,12.88,Gluten-Free
Double Svart,4.25,Hungary,3.9,Mead Scientist,8.0,Mead - Melomel,330ml,330,12.88,Mead
Barrel West-Fries Barleywine Amaretto Infused,4.25,Netherlands,3.59,De Bierbroeders,10.0,Barleywine - English,330ml,330,12.88,Barleywine
Barrel Project India Pale Ale 2024,4.25,Netherlands,3.7,Brouwerij Kees,6.5,IPA - Other,330ml,330,12.88,IPA
Sloepy Seconds Fruited Sour,4.25,Estonia,3.52,Anderson's Craft Beer,4.5,Sour - Fruited,Can 330ml,330,12.88,Sour
Marshmallow Wave,4.25,Norway,3.91,Bådin,10.0,Stout - Imperial / Double Pastry,330ml,330,12.88,Stout
Gouden Carolus Whisky,4.25,Belgium,4.0,Brouwerij Het Anker,11.7,Belgian Strong Dark Ale,330ml,330,12.88,Belgian Strong Dark Ale
Selfish Games Sugar Plum Bock,4.25,Hungary,3.24,HORIZONT Brewing,5.7,Bock - Single / Traditional,330ml,330,12.88,Bock
Xiuhtecuhtli,4.25,Hungary,3.45,Mead Scientist,7.0,Mead - Braggot,330ml,330,12.88,Mead
Smulbock Dessertbock Dubbelbock,4.25,Netherlands,3.61,Rock City Brewing,9.0,Bock - Doppelbock,330ml,330,12.88,Bock
Bourbon Stout BA Cider,4.25,Netherlands,3.55,Elegast Cidery,8.0,Cider - Dry,330ml,330,12.88,Cider
Sidra Natural - Whisky BA,4.25,Netherlands,3.67,Elegast Cidery,7.5,Cider - Traditional / Apfelwein,330ml,330,12.88,Cider
If you Like Pina Coladas – Fruited Sour,4.25,Germany,3.3,Freigeist Bierkultur,4.0,Sour - Fruited,330ml,330,12.88,Sour
Barrel Project Quadrupel 2024,4.25,Netherlands,3.44,Brouwerij Kees,9.9,Belgian Quadrupel,330ml,330,12.88,Belgian Quadrupel
Arpus Brewing Co. Mango X Apricot X Pineapple X Cherry X Coconut X Vanille Smoothie Sour Ale,5.67,Latvia,4.24,Ārpus Brewing Co.,5.0,Sour - Smoothie / Pastry,Can 440ml,440,12.89,Sour
Arpus Brewing Co. Apricot X Blackberry X Cherry X Raspberry Smoothie Sour Ale,5.67,Latvia,4.24,Ārpus Brewing Co.,5.0,Sour - Smoothie / Pastry,Can 440ml,440,12.89,Sour
Calavera,5.67,Belgium,3.76,Brasserie Surréaliste,7.0,IPA - American,Can 440ml,440,12.89,IPA
Amplifier,5.68,Latvia,3.97,Hopalaa,8.6,IPA - Imperial / Double New England / Hazy,Can 440ml,440,12.91,IPA
Ambreus Oude Geuze,9.69,Belgium,3.99,Stekerij Ambreus,6.5,Lambic - Gueuze,Bottle 750ml,750,12.92,Lambic
Glühkriek,9.69,Belgium,3.45,Brouwerij Liefmans,6.0,Fruit Beer,Bottle 750ml,750,12.92,Fruit Beer
Full Tilt,9.7,Canada,4.19,Willibald Farm Brewery,8.5,IPA - Imperial / Double,Bottle 750ml,750,12.93,IPA
Hula Hoop,5.69,Latvia,3.88,Hopalaa,9.0,IPA - Imperial / Double,Can 440ml,440,12.93,IPA
Tabula Rasa,9.7,France,3.92,Brasserie La Malpolon,7.5,Farmhouse Ale - Bière de Garde,Bottle 750ml,750,12.93,Farmhouse Ale
"Passion Fruit, Orange and Guava (POG) Gose",5.69,United States,3.86,Fremont Brewing,4.5,Sour - Fruited Gose,Can 440ml,440,12.93,Sour
Eden Pale Ale,5.69,Germany,3.53,Yankee & Kraut,5.5,Pale Ale - American,Can 440ml,440,12.93,Pale Ale
Stargaze: ReLoaded 2024,5.69,Latvia,3.95,Hopalaa,9.0,IPA - Imperial / Double,Can 440ml,440,12.93,IPA
Ipnosi,9.7,France,4.14,Brasserie La Malpolon,6.6,Farmhouse Ale - Saison,Bottle 750ml,750,12.93,Farmhouse Ale
Lübi Premium Extra Pale Ale,5.69,Germany,3.8,Sudden Death Brewing Co.,5.5,Pale Ale - XPA (Extra Pale),Can 440ml,440,12.93,Pale Ale
Struise Sint Amatus Reserva 2020,4.27,Belgium,3.89,De Struise Brouwers,10.5,Belgian Quadrupel,330ml,330,12.94,Belgian Quadrupel
Hof Ten Dormaal Perziken,4.27,Belgium,3.27,Brouwerij Hof ten Dormaal,6.5,Sour - Fruited,330ml,330,12.94,Sour
Selfish Games Jungle Sunrise,4.27,Hungary,3.48,HORIZONT Brewing,6.1,IPA - Fruited,330ml,330,12.94,IPA
Vipère,4.27,Belgium,3.7,La Source Beer Co.,5.6,IPA - Sour,330ml,330,12.94,IPA
Mulled Apple Sour,5.7,Scotland,3.86,Vault City Brewing,5.0,Sour - Fruited,Can 440ml,440,12.95,Sour
Kompaan Battle Royale Super Smash Brawler,5.7,Netherlands,3.63,KOMPAAN Dutch Craft Beer Company,6.0,IPA - American,Can 440ml,440,12.95,IPA
Aoraki DIPA,5.7,England,3.93,Vocation Brewery,8.0,IPA - Imperial / Double New England / Hazy,Can 440ml,440,12.95,IPA
Drop Project / Missing Link – Crush,5.7,England,3.76,Drop Project,4.2,IPA - Session,Can 440ml,440,12.95,IPA
Kaleidoscope,5.7,England,3.65,Wiper And True,4.2,Pale Ale - American,Can 440ml,440,12.95,Pale Ale
Siren Project Barista 2024 | Stomping Grounds,5.7,England,3.35,Siren Craft Brew,6.3,IPA - Brut,Can 440ml,440,12.95,IPA
Sun Outside My Window,5.7,England,3.69,Carnival Brewing Company,5.0,Pale Ale - New England / Hazy,Can 440ml,440,12.95,Pale Ale
Rustic,5.7,Wales,3.95,Wilderness Brewery,4.5,Lager - Other,Can 440ml,440,12.95,Lager
Another Trip Around The Sun,5.7,Spain,3.86,Cervesa Espiga,7.0,IPA - American,Can 440ml,440,12.95,IPA
PteRedactAle,5.7,England,3.83,Staggeringly Good,5.0,Red Ale - American Amber / Red,Can 440ml,440,12.95,Red Ale
Siren Project Barista 2024 | Dry Bones,5.7,England,3.63,Siren Craft Brew,6.6,IPA - Brut,Can 440ml,440,12.95,IPA
Salopian x Neon Raptor The Void,5.7,England,3.87,Salopian Brewery,5.7,Stout - Coffee,Can 440ml,440,12.95,Stout
Jam Roly Poly,5.7,Scotland,4.03,Vault City Brewing,4.3,Sour - Smoothie / Pastry,Can 440ml,440,12.95,Sour
Smash & Grab DIPA,5.7,England,3.92,Vocation Brewery,8.0,IPA - Imperial / Double New England / Hazy,Can 440ml,440,12.95,IPA
Strawberry Mango Margarita (x Salt),5.7,Scotland,4.04,Vault City Brewing,5.0,Sour - Fruited Gose,Can 440ml,440,12.95,Sour
Track / Lost & Grounded - Spezial,5.7,Germany,3.81,FUERST WIACEK/ Lost and Grounded Brewers/ Track Brewing Company,5.7,IPA - Imperial / Double,Can 440ml,440,12.95,IPA
Damson Plum Cobbler,5.7,Scotland,3.92,Vault City Brewing,4.7,Sour - Smoothie / Pastry,Can 440ml,440,12.95,Sour
Pulse,5.7,England,3.78,Drop Project,4.6,Pale Ale - American,Can 440ml,440,12.95,Pale Ale
Saving Lately American Lager,5.7,Denmark,3.24,Copenhagen Commons,4.7,Lager - American,Can 440ml,440,12.95,Lager
Festival Bier,5.7,Scotland,3.64,Newbarns Brewery,5.6,Festbier,Can 440ml,440,12.95,Festbier
MegaloDawn,5.7,England,3.79,Staggeringly Good,4.8,Stout - Coffee,Can 440ml,440,12.95,Stout
Colourway King,5.7,Wales,3.64,Tiny Rebel Brewing Co,7.0,IPA - New England / Hazy,Can 440ml,440,12.95,IPA
Pull Up A Sandbag,5.7,England,3.8,Bayonet Brewing,5.2,Wheat Beer - Fruited,Can 440ml,440,12.95,Wheat Beer
The IPA,5.7,England,3.54,Anspach & Hobday,6.0,IPA - American,Can 440ml,440,12.95,IPA
Laska Pils,5.7,England,3.83,Saint Mars Of The Desert,5.0,Pilsner - Czech / Bohemian,Can 440ml,440,12.95,Pilsner
Spikes,5.7,Estonia,3.69,Põhjala,6.4,IPA - American,Can 440ml,440,12.95,IPA
Celestine New England DIPA,5.7,Poland,4.01,Browar Stu Mostów,7.7,IPA - Imperial / Double New England / Hazy,Can 440ml,440,12.95,IPA
Plump,5.7,England,,Beak Brewery,3.4,Table Beer,Can 440ml,440,12.95,Table Beer
Lübi Libre Lemon Lime,5.7,Germany,3.19,Sudden Death Brewing Co.,11.0,Non-Alcoholic - Pale Ale,Can 440ml,440,12.95,Non-Alcoholic
Hum,5.7,England,3.87,Beak Brewery,4.8,Pale Ale - New England / Hazy,Can 440ml,440,12.95,Pale Ale
Last Christmas,5.7,Scotland,4.01,Vault City Brewing,4.1,Sour - Fruited,Can 440ml,440,12.95,Sour
Mulled Apple,5.7,Scotland,3.86,Vault City Brewing,5.0,Sour - Fruited,Can 440ml,440,12.95,Sour
Sureshot I Don't Believe It,5.7,England,3.6,Sureshot Brewing,4.5,Pale Ale - American,Can 440ml,440,12.95,Pale Ale
Easy As Pi,5.7,England,3.9,Phantom Brewing Co.,3.1,Pale Ale - New England / Hazy,Can 440ml,440,12.95,Pale Ale
Glasshouse Sown,5.7,England,3.93,GlassHouse Beer Co,4.8,Pale Ale - New England / Hazy,Can 440ml,440,12.95,Pale Ale
Fall Saison,5.7,Wales,3.68,Wilderness Brewery,4.3,Farmhouse Ale - Saison,Can 440ml,440,12.95,Farmhouse Ale
Santa's Cinnamon Smores,5.7,Norway,2.96,Amundsen Brewery,0.5,Non-Alcoholic - Porter / Stout,Can 440ml,440,12.95,Non-Alcoholic
Liquid Mistress,5.7,England,3.64,Siren Craft Brew,5.8,IPA - Red,Can 440ml,440,12.95,IPA
De Moersleutel / Northern Monk CYCT Torsion,5.7,Netherlands,3.85,Moersleutel Craft Brewery,8.0,IPA - New England / Hazy,Can 440ml,440,12.95,IPA
Blood & Ink,5.7,Scotland,3.85,Vault City Brewing,4.9,Sour - Fruited Gose,Can 440ml,440,12.95,Sour
Hopfenfest,5.7,England,3.9,Saint Mars Of The Desert,4.5,Lager - Pale,Can 440ml,440,12.95,Lager
Tropical Twist Session Sour,5.7,Scotland,3.69,Vault City Brewing,4.5,Sour - Fruited,Can 440ml,440,12.95,Sour
Cloudy Lemonade Session Sour,5.7,Scotland,3.91,Vault City Brewing,3.7,Sour - Fruited,Can 440ml,440,12.95,Sour
Rise Pale,5.7,Wales,3.4,Wilderness Brewery,5.5,Pale Ale - Belgian,Can 440ml,440,12.95,Pale Ale
Frontal Blizzard,5.7,Netherlands,3.66,Rock City Brewing,5.5,IPA - Cold,Can 440ml,440,12.95,IPA
Growth Cycles,5.7,England,3.85,Pressure Drop Brewing,4.8,Pale Ale - New England / Hazy,Can 440ml,440,12.95,Pale Ale
Lübi Premium (XPA),5.7,Germany,3.8,Sudden Death Brewing Co.,5.5,Pale Ale - XPA (Extra Pale),Can 440ml,440,12.95,Pale Ale
Simple Things Fermentations x McColl's ESBeet,5.7,Scotland,3.56,Simple Things Fermentations,6.2,Bitter - Extra Special / Strong (ESB),Can 440ml,440,12.95,Bitter
The Ruthless Rattlesnake,5.7,Sweden,3.7,The Pine Ridge Brewery,8.0,IPA - Other,Can 440ml,440,12.95,IPA
Take A Picture Of Me With A Kodak,5.7,England,3.76,Sureshot Brewing,4.2,Pale Ale - English,Can 440ml,440,12.95,Pale Ale
Football Friend,5.7,England,3.37,Sureshot Brewing,4.8,Lager - Helles,Can 440ml,440,12.95,Lager
Iron Brew Sour,5.7,Scotland,3.82,Vault City Brewing,5.5,Sour - Other,Can 440ml,440,12.95,Sour
US Pale,5.7,Scotland,3.65,Simple Things Fermentations,4.8,Pale Ale - American,Can 440ml,440,12.95,Pale Ale
Fugu,5.7,Spain,3.53,Basqueland Brewing,5.0,Lager - Japanese Rice,Can 440ml,440,12.95,Lager
Sonrisa,5.7,England,3.54,Buxton Brewery,4.7,Pale Ale - Fruited,Can 440ml,440,12.95,Pale Ale
Alesmith - Nut Brown,4.6,USA,3.58,Alesmith,5.0,Pale Ale - American,355ml,355,12.96,Pale Ale
Schaarbeekse Oude Kriek,9.73,Belgium,3.99,Hanssens Artisanaal,6.5,Lambic - Kriek,Bottle 750ml,750,12.97,Lambic
Crazy Lines #60 - High Level Triple NEIPA,6.49,Poland,3.91,Browar Nepomucen,8.3,IPA - Triple New England / Hazy,500ml,500,12.98,IPA
Crazy Lines #57 - HBC 1019 Single Hop Hazy IPA,6.49,Poland,3.91,Browar Nepomucen,6.4,IPA - New England / Hazy,500ml,500,12.98,IPA
The Omen vol.2,6.49,Poland,3.95,TankBusters.Co,7.4,IPA - Black / Cascadian Dark Ale,500ml,500,12.98,IPA
The Piggy Brewing Passion Ticket,5.71,France,3.69,The Piggy Brewing Company,5.6,Sour - Fruited,Can 440ml,440,12.98,Sour
Top Manager New England Pale Ale,6.49,Croatia,3.87,Nova Runda,5.3,Pale Ale - New England / Hazy,500ml,500,12.98,Pale Ale
DDH Madhouse Supreme,5.71,Hungary,3.69,Mad Scientist,5.5,IPA - New England / Hazy,Can 440ml,440,12.98,IPA
Crazy Lines #58 - Elani Single Hop Hazy Double IPA,6.49,Poland,3.86,Browar Nepomucen,7.1,IPA - Imperial / Double,500ml,500,12.98,IPA
C4 American IPA,6.49,Croatia,3.88,Nova Runda,6.1,IPA - American,500ml,500,12.98,IPA
Fruity Bomb,6.49,Poland,3.99,COYPU,7.0,Sour - Smoothie / Pastry,500ml,500,12.98,Sour
"Wonders - Lychee, Guava & Ube Yam",6.49,Poland,3.88,Magic Road,5.0,Sour - Smoothie / Pastry,500ml,500,12.98,Sour
Empire of Light,6.49,Romania,3.95,Hop Hooligans,6.0,IPA - Imperial / Double New England / Hazy,500ml,500,12.98,IPA
Billie's,6.49,Poland,3.93,Ziemia Obiecana,9.0,IPA - Triple New England / Hazy,500ml,500,12.98,IPA
Open Craft 2024 Pastry Sour Ale,6.49,Poland,4.0,Browar Nepomucen,5.3,Sour - Smoothie / Pastry,500ml,500,12.98,Sour
The Crown Is Mine,6.49,Poland,3.77,TankBusters.Co,5.8,IPA - New England / Hazy,500ml,500,12.98,IPA
AERoFAB Aquilon,5.71,France,3.81,Aerofab,5.0,Pale Ale - New England / Hazy,Can 440ml,440,12.98,Pale Ale
Yule Juice,6.49,Denmark,3.73,Amager Bryghus,6.5,IPA - New England / Hazy,500ml,500,12.98,IPA
Siren Black Mirror,5.71,England,4.03,Siren Craft Brew,8.0,Stout - Imperial / Double Pastry,Can 440ml,440,12.98,Stout
Big Swell,4.29,United States,3.69,Maui Brewing Company,6.8,IPA - American,330ml,330,13.0,IPA
Export Stout London 1890,4.29,England,3.95,The Kernel Brewery,6.6,Stout - Foreign / Export,330ml,330,13.0,Stout
OMG Hazy,4.29,United States,3.83,Maui Brewing Company,7.0,IPA - New England / Hazy,330ml,330,13.0,IPA
Podzim 2024,6.5,Czech Republic,3.65,Sibeeria,8.5,Bock - Weizendoppelbock,500ml,500,13.0,Bock
Siren Juicy Details,5.72,England,3.84,Siren Craft Brew,6.0,IPA - New England / Hazy,Can 440ml,440,13.0,IPA
Slice of Life,6.5,Poland,3.86,Funky Fluid,6.3,IPA - New England / Hazy,500ml,500,13.0,IPA
12 Years Of Tradition,6.5,Czech Republic,3.71,Rodinný Pivovar Zichovec,5.1,Pilsner - Czech / Bohemian,Can 500ml,500,13.0,Pilsner
Pucker Potion Sour IPA '24,4.29,Netherlands,3.39,Baxbier,6.2,IPA - Sour,330ml,330,13.0,IPA
In Balance,6.5,England,3.74,DEYA Brewing Company,4.0,Pale Ale - New England / Hazy,Can 500ml,500,13.0,Pale Ale
Solar,4.29,Belgium,3.77,Norm Brewing,6.5,IPA - New England / Hazy,330ml,330,13.0,IPA
Bloom,6.5,Romania,3.91,Hop Hooligans,6.0,IPA - New England / Hazy,500ml,500,13.0,IPA
Great Escape IPA,4.29,Germany,3.65,Buddelship Brauerei,6.5,IPA - American,330ml,330,13.0,IPA
Oo,4.29,Estonia,3.93,Põhjala,10.5,Porter - Imperial / Double Baltic,330ml,330,13.0,Porter
The Other Side of the World,6.5,Romania,3.91,Hop Hooligans,6.0,IPA - New England / Hazy,500ml,500,13.0,IPA
Irrawaddy V4,4.29,Netherlands,,De Kromme Haring,6.5,IPA - Sour,330ml,330,13.0,IPA
Burst Free IPA Alkoholfrei,4.29,Denmark,3.3,Mikkeller,0.3,Non-Alcoholic - IPA,330ml,330,13.0,Non-Alcoholic
FOLK,4.29,Belgium,3.67,Norm Brewing,6.8,IPA - New England / Hazy,330ml,330,13.0,IPA
Imagine Demons: Waves,4.29,Netherlands,3.37,Happy Demons Craft Beer,7.6,Stout - Foreign / Export,330ml,330,13.0,Stout
Craft-Beer-Becher,6.5,Germany,3.53,Barbarossa I Am,7.0,Porter - Other,500ml,500,13.0,Porter
Lager Batch 01-2023 – Farmhouse Lager – MHD 15.05.2024,9.75,Germany,3.83,Kemker Kultuur (Brauerei J. Kemker),5.5,Farmhouse Ale - Saison,Bottle 750ml,750,13.0,Farmhouse Ale
F*CK de Kerstboom staat in de Fik,4.29,Netherlands,3.58,Uiltje Brewing Company,10.0,Stout - Imperial / Double Oatmeal,330ml,330,13.0,Stout
Kingston Black Organic Cider,6.5,England,3.84,Dunkertons,7.5,Cider - Traditional / Apfelwein,500ml,500,13.0,Cider
Resin Hell,6.5,Romania,3.8,Hop Hooligans,6.0,IPA - American,500ml,500,13.0,IPA
Baron / Ideal Day - Pricklers,6.5,England,3.78,Baron Brewing,4.2,Farmhouse Ale - Other,Can 500ml,500,13.0,Farmhouse Ale
Porque Te Vas?,6.5,Poland,3.81,Funky Fluid,6.8,IPA - Other,500ml,500,13.0,IPA
Gelato: Bloody,6.5,Poland,3.96,Funky Fluid,6.0,Sour - Smoothie / Pastry,500ml,500,13.0,Sour
Festbier,6.5,Scotland,3.76,Donzoko Brewing Company,5.6,Festbier,Can 500ml,500,13.0,Festbier
Double Ditzy,4.29,Sweden,3.81,Brewski,8.0,IPA - Imperial / Double,330ml,330,13.0,IPA
Biscotti Afterparty,4.29,Netherlands,3.24,Uiltje Brewing Company,5.6,Porter - Other,330ml,330,13.0,Porter
HopfKopf '24 Hopfenweizen,4.29,Netherlands,3.59,Baxbier,5.9,Wheat Beer - Hopfenweisse,330ml,330,13.0,Wheat Beer
The Hunter,6.5,Georgia,3.61,Megobrebi Brewery,5.7,Pale Ale - American,500ml,500,13.0,Pale Ale
Cospell,6.5,Poland,4.01,Funky Fluid,11.0,Stout - Imperial / Double Coffee,500ml,500,13.0,Stout
Gelato Kompot,6.5,Poland,3.78,Funky Fluid,5.5,Sour - Smoothie / Pastry,500ml,500,13.0,Sour
Orange O,4.29,Hungary,3.84,Mead Scientist,6.6,Mead - Braggot,330ml,330,13.0,Mead
Wildwuchs Grüner Hans Frischhopfen Ale BIO,4.29,Germany,3.43,Wildwuchs Brauwerk Hamburg,4.4,Pale Ale - Other,330ml,330,13.0,Pale Ale
Saint Brandarius Whisky Infused,4.29,Netherlands,3.85,Brouwerij Kees,10.0,Stout - Imperial / Double,330ml,330,13.0,Stout
Hazy Discovery Milton,6.5,Poland,3.94,Browar PINTA,6.5,IPA - New England / Hazy,500ml,500,13.0,IPA
ROTT.Brulee,4.29,Netherlands,4.05,ROTT. Brouwers,10.5,Stout - Imperial / Double Pastry,330ml,330,13.0,Stout
De Rentmeester,4.29,Netherlands,3.78,Brouwerij Maallust,10.0,Barleywine - Other,330ml,330,13.0,Barleywine
Freddy – Bloodlust West Coast Ipa,4.29,Hungary,3.53,Mad Scientist,6.66,IPA - Fruited,330ml,330,13.0,IPA
Hazy Discovery Tokyo - Hazy IPA,6.5,Poland,3.89,Browar PINTA,6.0,IPA - New England / Hazy,500ml,500,13.0,IPA
Hazy Discovery Bratislava - Hazy IPA,6.5,Poland,3.88,Browar PINTA,6.0,IPA - New England / Hazy,500ml,500,13.0,IPA
Gargan IGA,6.5,Italy,3.83,Birrificio Agricolo Sorio,5.8,Grape Ale - Other,500ml,500,13.0,Grape Ale
Burst Free,4.29,Denmark,3.3,Mikkeller,0.3,Non-Alcoholic - IPA,330ml,330,13.0,Non-Alcoholic
Sibeeria I Love The Smell Of Krush In The Morning,6.5,Czech Republic,4.04,Sibeeria,6.1,IPA - American,500ml,500,13.0,IPA
Baladin Agrumata,2.6,Italy,3.52,BIRRIFICIO AGRICOLO BALADIN - Baladin Indipendente Italian Farm Brewery,5.0,Wheat Beer - Witbier / Blanche,200ml,200,13.0,Wheat Beer
Morpheus Druif,6.5,Belgium,3.8,Brouwerij Alvinne,5.5,Grape Ale - Other,500ml,500,13.0,Grape Ale
Hazy Discovery Mount Maunganui - Hazy IPA,6.5,Poland,3.97,Browar PINTA,6.5,IPA - New England / Hazy,500ml,500,13.0,IPA
Triple Gelato Szarlotka,6.5,Poland,3.54,Funky Fluid,7.5,Sour - Smoothie / Pastry,500ml,500,13.0,Sour
Orca Brau Napizza Amalfi Pale Ale,4.29,Germany,3.56,orca brau,5.3,Pale Ale - Other,330ml,330,13.0,Pale Ale
Summer Crush,4.29,Spain,3.78,Cervesa Espiga,4.5,Sour - Fruited,330ml,330,13.0,Sour
Mikkeller Hop Shop Hazy IPA,4.29,United States,3.66,Modern Times Beer,5.0,IPA - Session,330ml,330,13.0,IPA
The Heart,6.5,Netherlands,3.91,Brouwerij LOST,6.6,IPA - New England / Hazy,500ml,500,13.0,IPA
The Mind,6.5,Netherlands,3.83,Brouwerij LOST,6.3,IPA - American,500ml,500,13.0,IPA
Hop Shop,4.29,Denmark,3.57,Mikkeller,4.9,IPA - New England / Hazy,330ml,330,13.0,IPA
Black Belt,4.29,Italy,3.68,Ritual Lab,5.7,Stout - Oatmeal,330ml,330,13.0,Stout
NZ Super Pils,6.5,Scotland,3.63,Donzoko Brewing Company,5.0,Pilsner - New Zealand,Can 500ml,500,13.0,Pilsner
Italo,6.5,Poland,3.68,Funky Fluid,4.4,Pale Ale - New England / Hazy,Can 500ml,500,13.0,Pale Ale
ROTT.swirl,4.29,Netherlands,4.02,ROTT. Brouwers,10.5,Stout - Imperial / Double Pastry,330ml,330,13.0,Stout
Normality & Sunshine,4.29,Sweden,3.53,Beerbliotek,6.0,IPA - American,330ml,330,13.0,IPA
Spooky Gelato,6.5,Poland,3.86,Funky Fluid,5.5,Sour - Smoothie / Pastry,500ml,500,13.0,Sour
Aggouraphobia,6.5,Romania,3.52,Hop Hooligans,5.0,Sour - Other Gose,500ml,500,13.0,Sour
Granda Sweet Blanche Blond,4.29,United States,3.98,Vault Brewing Company,9.0,Pumpkin / Yam Beer,330ml,330,13.0,Pumpkin / Yam Beer
Crawling Distance V2,6.5,Romania,3.99,Hop Hooligans,8.0,IPA - Imperial / Double New England / Hazy,Can 500ml,500,13.0,IPA
Ginger,2.6,Denmark,3.81,Baladin,12.5,Alkoholmentes Italok,200ml,200,13.0,Alkoholmentes Italok
Orca NaPizza Amalfi,4.29,Germany,3.56,orca brau,5.3,Pale Ale - Other,330ml,330,13.0,Pale Ale
La Vermontoise – Hill Farmstead Collab,9.75,Belgium,3.8,Brasserie de Blaugies/ Hill Farmstead Brewery,6.0,Farmhouse Ale - Saison,Bottle 750ml,750,13.0,Farmhouse Ale
Kriekenlambiek Beer Box,40.37,Belgium,3.82,Oud Beersel,7.5,Lambic - Kriek,3100ml,3100,13.02,Lambic
Siren Eleven Finger Discount,5.73,England,3.79,Siren Craft Brew,7.4,IPA - New Zealand,Can 440ml,440,13.02,IPA
Smoothie Sour ( Abricot & Coconut),4.3,Netherlands,3.62,Brouwerij Kees,4.9,Sour - Smoothie / Pastry,330ml,330,13.03,Sour
Õhtu Porter,4.3,Estonia,3.55,Põhjala,5.5,Porter - American,330ml,330,13.03,Porter
Calm Storm,4.3,Hungary,3.78,Fehér Nyúl,9.8,Porter - Baltic,Can 330ml,330,13.03,Porter
DS24 Infused Dry Stout,4.3,Netherlands,3.61,Berging Brouwerij,9.5,Stout - Irish Dry,330ml,330,13.03,Stout
Sörmanufaktúra Infinity 2024,4.3,Hungary,3.57,Uradalmi Brewery,5.0,Pale Ale - New England / Hazy,330ml,330,13.03,Pale Ale
This Is An Eggcellent IPA,4.3,Netherlands,3.45,Brouwerij Kees,4.9,IPA - American,330ml,330,13.03,IPA
Wadesda #9,4.3,Belgium,3.83,Brasserie de la Senne,8.0,Farmhouse Ale - Bière de Coupage,330ml,330,13.03,Farmhouse Ale
YOUPI!,4.3,France,3.7,Brasserie La Malpolon,6.3,IPA - American,330ml,330,13.03,IPA
Plum & Smoked Beetroot,4.3,Belgium,3.66,Brouwerij Alvinne,5.5,Smoked Beer,330ml,330,13.03,Smoked Beer
Zodiak IPA,4.3,Sweden,3.76,Omnipollo,6.2,IPA - American,Can 330ml,330,13.03,IPA
Naughty Santa,4.3,Netherlands,3.45,Mister Hop,8.5,Belgian Tripel,330ml,330,13.03,Belgian Tripel
Rood Belgian Dubbel,4.3,Belgium,3.72,Bières de Chimay,7.0,Belgian Dubbel,330ml,330,13.03,Belgian Dubbel
Kosmos IPA,4.3,Estonia,3.64,Põhjala,5.5,IPA - New England / Hazy,330ml,330,13.03,IPA
Jaguar Warrior,4.3,Belgium,3.85,Galea Craft Beers,14.0,Barleywine - American,330ml,330,13.03,Barleywine
Félegyházi Mojito,4.3,Hungary,3.48,Félegyházi Sörműhely,5.0,Sour - Fruited Gose,330ml,330,13.03,Sour
Gold of the Coast,4.3,France,3.58,VIF,5.0,Blonde / Golden Ale - Other,330ml,330,13.03,Blonde / Golden Ale
"Peter, Pale & Mary Gluten Free Pale Ale",4.3,Denmark,3.38,Mikkeller,4.6,Gluten-Free,330ml,330,13.03,Gluten-Free
Christmas Ale 33cl,4.3,Belgium,3.68,Brouwerij Corsendonk,8.1,Winter Ale,330ml,330,13.03,Winter Ale
Centennial Tripel IPA,4.3,Netherlands,3.62,Le Grand Crue,9.7,IPA - Triple,330ml,330,13.03,IPA
Yarn,4.3,England,3.53,Villages,4.4,Kellerbier / Zwickelbier,Can 330ml,330,13.03,Kellerbier / Zwickelbier
Endless Avenue,4.3,Hungary,3.58,Fehér Nyúl,6.3,IPA - American,330ml,330,13.03,IPA
Corpus Vitrae Tripel Hallelujah,4.3,Netherlands,,Mister Hop,8.0,Belgian Tripel,330ml,330,13.03,Belgian Tripel
Balkezes - Bagoly Baltic Porter,4.3,Hungary,3.81,Balkezes,8.8,Porter - Baltic,Can 330ml,330,13.03,Porter
Limbo Vanilla Raspberry Sour,4.3,Denmark,3.78,Mikkeller,0.3,Non-Alcoholic - Sour,330ml,330,13.03,Non-Alcoholic
Family Tree: England,4.3,France,3.57,VIF,5.0,Bitter - Extra Special / Strong (ESB),330ml,330,13.03,Bitter
Tripel Trip Trap Three (Sinterklaasbier),4.3,Netherlands,3.41,Mister Hop,8.0,Belgian Tripel,330ml,330,13.03,Belgian Tripel
Beiërdrèpke,4.3,Belgium,3.53,Hoptwins Brouwers,6.8,Farmhouse Ale - Saison,330ml,330,13.03,Farmhouse Ale
Winter Warmer 2024,4.3,Sweden,3.64,Poppels Bryggeri,7.8,Winter Warmer,330ml,330,13.03,Winter Warmer
Iron | Gose Abricot Laurier | 6%,4.3,France,3.79,Brasserie Iron,6.0,Sour - Fruited Gose,330ml,330,13.03,Sour
Piña Colada,4.3,Hungary,3.63,Félegyházi Sörműhely,5.0,Sour - Fruited Gose,330ml,330,13.03,Sour
Vurr,4.3,Estonia,3.85,Pühaste Brewery,8.0,IPA - Imperial / Double New England / Hazy,330ml,330,13.03,IPA
Sörmanufaktúra Intro 2024,4.3,Hungary,3.63,Uradalmi Brewery,5.7,Pale Ale - American,330ml,330,13.03,Pale Ale
S.N.I.P.A Situation Normal IPA,4.3,England,3.45,Original Stormtrooper Beer,4.4,IPA - Session,330ml,330,13.03,IPA
BW24 Cognac Infused,4.3,Netherlands,3.51,Berging Brouwerij,8.4,Barleywine - Other,330ml,330,13.03,Barleywine
Vienna,4.3,France,3.59,VIF,5.0,Lager - Vienna,330ml,330,13.03,Lager
Grand Poisson,4.3,Netherlands,3.55,Dutch Bargain,4.0,Pale Ale - New England / Hazy,330ml,330,13.03,Pale Ale
Stay Brutal,4.3,Netherlands,3.59,JELSTER,10.0,Stout - Imperial / Double Pastry,330ml,330,13.03,Stout
Ich Bin Raspberry Berliner Weisse,4.3,Denmark,3.62,Mikkeller,3.7,Sour - Fruited Berliner Weisse,330ml,330,13.03,Sour
De La Senne ZinneBir,4.3,Belgium,3.4,Brasserie de la Senne,5.8,Pale Ale - Belgian,330ml,330,13.03,Pale Ale
Reketye x HopTails Melon Splash,4.3,Hungary,3.49,HopTails Brewery,5.5,Sour - Fruited,330ml,330,13.03,Sour
Félegyházi Sex on the beach,4.3,Hungary,3.3,Félegyházi Sörműhely,5.0,Sour - Fruited,330ml,330,13.03,Sour
Mangofeber IPA,4.3,Sweden,3.79,Brewski,8.0,IPA - Imperial / Double,330ml,330,13.03,IPA
Nieuw Ligt Barleywine,4.3,Netherlands,3.6,Brouwerij De Hemel,10.0,Barleywine - English,330ml,330,13.03,Barleywine
Pin-Up Blonde,4.3,Netherlands,3.39,Mister Hop,5.5,Blonde / Golden Ale - Other,330ml,330,13.03,Blonde / Golden Ale
Sibeeria / Beak - Beakbeat,6.52,Czech Republic,3.99,Sibeeria,6.3,IPA - New England / Hazy,Can 500ml,500,13.04,IPA
Black-Belle BIO,9.78,Belgium,3.94,Lambiek Fabriek,7.0,Lambic - Fruit,Bottle 750ml,750,13.04,Lambic
House Of Temptation,4.31,Estonia,3.71,Pühaste Brewery,2.5,Sour - Fruited,Can 330ml,330,13.06,Sour
Verzet Naked Kameradski,4.31,Belgium,4.0,Brouwerij 't Verzet,15.0,Stout - Russian Imperial,330ml,330,13.06,Stout
Metro Land London Session IPA,4.31,England,3.42,Two Tribes,3.8,IPA - Session,330ml,330,13.06,IPA
BeetL Juice,5.75,Wales,3.43,Tiny Rebel Brewing Co,5.8,Sour - Fruited,Can 440ml,440,13.07,Sour
Rock City Stonecold 2024,5.75,United States,3.85,Shadow Puppet Brewing Company,7.0,IPA - Cold,Can 440ml,440,13.07,IPA
Firestarter,5.75,Netherlands,4.11,Moersleutel Craft Brewery,11.0,Stout - Imperial / Double Pastry,Can 440ml,440,13.07,Stout
Het Boerenerf Oude Cider,4.9,Belgium,4.0,Het Boerenerf Eylenbosch,6.0,Cider - Other Fruit,Bottle 375ml,375,13.07,Cider
Sour Blackcurrant 12,5.75,Czech Republic,3.73,Rodinný Pivovar Zichovec,5.6,Sour - Fruited,Can 440ml,440,13.07,Sour
Ice Cream Van Classics // Screwball (Pale Ale Milkshake),5.75,England,3.72,Northern Monk,4.5,Pale Ale - Milkshake,Can 440ml,440,13.07,Pale Ale
The Rauchbier,5.75,England,3.71,Anspach & Hobday,5.6,Rauchbier,Can 440ml,440,13.07,Rauchbier
Op d'n Oewe,5.75,Netherlands,3.31,Brouwerij De Man/ KraftBier,11.0,Bière de Champagne / Bière Brut,Can 440ml,440,13.07,Bière de Champagne / Bière Brut
Funky Kiwi 2024,5.75,Netherlands,3.71,Rock City Brewing,5.5,IPA - New England / Hazy,Can 440ml,440,13.07,IPA
7 Year Anniversary QDH IPA,5.75,Latvia,4.06,Ārpus Brewing Co.,6.8,IPA - Imperial / Double New England / Hazy,Can 440ml,440,13.07,IPA
For the Love of Hops 'Turquoise',5.75,Netherlands,3.7,Brouwerij Frontaal,5.5,IPA - New England / Hazy,Can 440ml,440,13.07,IPA
7 Year Anniversary Coconut IPA,5.75,Latvia,4.02,Ārpus Brewing Co.,6.8,IPA - Fruited,Can 440ml,440,13.07,IPA
Faro Lambic 37.5cl,4.9,Belgium,3.47,Brouwerij Lindemans,4.0,Lambic - Faro,Bottle 375ml,375,13.07,Lambic
BURGER BURGER,5.75,Sweden,3.97,Fermenterarna,8.0,Sour - Smoothie / Pastry,Can 440ml,440,13.07,Sour
Lucky Tonka,5.75,Netherlands,3.92,Moersleutel Craft Brewery,11.0,Stout - Imperial / Double,Can 440ml,440,13.07,Stout
Super Glue,5.75,Spain,4.0,Gross,7.0,IPA - New England / Hazy,Can 440ml,440,13.07,IPA
De Moersleutel Kracht Van Eenvoud,5.75,Netherlands,3.68,Moersleutel Craft Brewery,7.0,Stout - Other,Can 440ml,440,13.07,Stout
GROSS- Infinite Scroll,5.75,Spain,4.07,Gross,7.0,IPA - Other,Can 440ml,440,13.07,IPA
Balcony Bonfire At Your BNB,5.75,Netherlands,3.67,Uiltje Brewing Company,4.9,Barleywine - American,Can 440ml,440,13.07,Barleywine
Palms (2024),5.75,Germany,3.89,FUERST WIACEK,6.8,IPA - Other,Can 440ml,440,13.07,IPA
Pleasing Poison,5.75,Spain,3.77,Cervesa Espiga,6.3,IPA - New England / Hazy,Can 440ml,440,13.07,IPA
Very Mango,5.75,Hungary,3.48,Mad Scientist,5.0,Sour - Fruited Berliner Weisse,Can 440ml,440,13.07,Sour
Boerenerf Gueuze 2023 #1,4.9,Belgium,4.08,Het Boerenerf Eylenbosch,7.0,Lambic - Gueuze,Bottle 375ml,375,13.07,Lambic
Oude Schaarbeekse Kriek Boon 2019,4.9,Belgium,3.66,Brouwerij Boon,6.0,Lambic - Kriek,Bottle 375ml,375,13.07,Lambic
The Scream,5.75,Spain,3.98,Caleya,6.5,IPA - New England / Hazy,Can 440ml,440,13.07,IPA
Rebel Monk II,5.75,France,3.75,The Piggy Brewing Company,5.8,Farmhouse Ale - Saison,Can 440ml,440,13.07,Farmhouse Ale
Arpus TDH Strata x Riwaka IPA,5.75,Latvia,4.06,Ārpus Brewing Co.,6.5,IPA - New England / Hazy,Can 440ml,440,13.07,IPA
The Secret Life of Hops No.5,5.76,Germany,3.86,BrewHeart,6.8,IPA - New England / Hazy,Can 440ml,440,13.09,IPA
Gold Medal Cider,6.55,Wales,3.59,Gwynt y Ddraig,7.0,Cider - Traditional / Apfelwein,500ml,500,13.1,Cider
PX Barrelworks - keg K,262.1,Spain,4.13,Basqueland Brewing,12.6,Stout - Imperial / Double,20000ml,20000,13.1,Stout
Oude Geuze Black Label Edition N°8,9.83,Belgium,3.79,Brouwerij Boon,7.0,Lambic - Gueuze,Bottle 750ml,750,13.11,Lambic
Rhubarb,9.83,Belgium,3.66,Brouwerij Kestemont,5.5,Lambic - Other,Bottle 750ml,750,13.11,Lambic
Van Aert Gueuze Litchi,9.83,Belgium,3.89,Belgoo,7.2,Lambic - Fruit,Bottle 750ml,750,13.11,Lambic
The Bruery - Offshoot - Viaje,6.2,United States,3.65,Offshoot Beer Co.,4.7,Lager - Mexican,473ml,473,13.11,Lager
De Molen Roos & Blad NEIPA,4.33,Netherlands,3.31,Brouwerij de Molen,7.5,IPA - New England / Hazy,330ml,330,13.12,IPA
Tilquin 40-60 Gueuze,4.92,Belgium,4.05,Gueuzerie Tilquin,6.8,Lambic - Gueuze,Bottle 375ml,375,13.12,Lambic
Tilquin 60-40 Gueuze,4.92,Belgium,4.01,Gueuzerie Tilquin,6.8,Lambic - Gueuze,Bottle 375ml,375,13.12,Lambic
De Koninck Kriek,4.92,Belgium,3.74,Brouwerij Boon,5.2,Lambic - Kriek,Bottle 375ml,375,13.12,Lambic
Better Than I,5.79,Netherlands,3.7,Brouwerij Poesiat & Kater,5.7,IPA - New England / Hazy,Can 440ml,440,13.16,IPA
"Mono = One, Rail = Rail",5.79,England,4.01,Pentrich Brewing Co.,7.5,IPA - American,Can 440ml,440,13.16,IPA
TDH Motueka X Peacharine IPA,5.79,Latvia,3.88,Ārpus Brewing Co.,6.5,IPA - New England / Hazy,Can 440ml,440,13.16,IPA
Ninkasi,5.79,Netherlands,3.78,Walhalla Brouwerij & Proeflokaal,6.8,IPA - Other,Can 440ml,440,13.16,IPA
Magnificent Tree Frog,5.79,England,3.81,Azvex Brewing Company,4.6,Pale Ale - American,Can 440ml,440,13.16,Pale Ale
TDH Hops X Art #24 IPA,5.79,Latvia,3.89,Ārpus Brewing Co.,6.5,IPA - New England / Hazy,Can 440ml,440,13.16,IPA
Biota,5.79,Denmark,3.88,Alefarm Brewing,6.5,IPA - American,Can 440ml,440,13.16,IPA
Lübi Premium,5.79,Germany,3.8,Sudden Death Brewing Co.,5.5,Pale Ale - XPA (Extra Pale),Can 440ml,440,13.16,Pale Ale
Obala New England Pale Ale,5.79,Croatia,3.79,The Garden Brewery,4.7,Pale Ale - New England / Hazy,Can 440ml,440,13.16,Pale Ale
ALL YOUR HOPS ARE BELONG TO US,5.79,Netherlands,3.94,White Dog Brewery,7.4,IPA - New England / Hazy,Can 440ml,440,13.16,IPA
Nimble (2024),5.79,Germany,3.69,FUERST WIACEK,3.5,IPA - Session,Can 440ml,440,13.16,IPA
Empty Temples,5.79,Germany,3.85,FrauGruber Brewing,6.5,IPA - New England / Hazy,Can 440ml,440,13.16,IPA
Toro,5.79,Spain,3.93,Little Rain Brewing Company,7.2,IPA - New England / Hazy,Can 440ml,440,13.16,IPA
Switchback,5.79,Norway,4.13,Salikatt Bryggeri,8.0,IPA - Imperial / Double New England / Hazy,Can 440ml,440,13.16,IPA
Moriau Oude Gueuze,9.87,Belgium,3.81,Brouwerij Boon,6.5,Lambic - Gueuze,Bottle 750ml,750,13.16,Lambic
Keres IPA,5.79,Sweden,3.97,Apex Brewing Company,6.5,IPA - New England / Hazy,Can 440ml,440,13.16,IPA
Thirst Quencher,5.79,Finland,3.52,CoolHead Brew,2.2,Shandy / Radler,Can 440ml,440,13.16,Shandy / Radler
Heathen,5.79,England,3.9,Northern Monk,7.2,IPA - New England / Hazy,Can 440ml,440,13.16,IPA
Citra,5.79,Germany,3.85,FrauGruber Brewing,6.8,IPA - New England / Hazy,Can 440ml,440,13.16,IPA
Cloud Batch #7,5.79,Netherlands,4.01,White Dog Brewery,7.4,IPA - New England / Hazy,Can 440ml,440,13.16,IPA
Cherry x Raspberry x Apricot Smoothie Sour Ale,5.79,Latvia,4.15,Ārpus Brewing Co.,4.0,Sour - Smoothie / Pastry,Can 440ml,440,13.16,Sour
Back Again,5.79,Germany,3.95,FrauGruber Brewing,9.8,IPA - Triple New England / Hazy,Can 440ml,440,13.16,IPA
Another Trip Around the Sun,5.79,Spain,3.86,Cervesa Espiga,7.0,IPA - American,Can 440ml,440,13.16,IPA
Second Serve,5.79,England,3.51,Siren Craft Brew,5.0,Sour - Fruited,Can 440ml,440,13.16,Sour
TDH Talus X Cascade IPA,5.79,Latvia,3.91,Ārpus Brewing Co.,6.5,IPA - New England / Hazy,Can 440ml,440,13.16,IPA
TDH Ella X Enigma IPA,5.79,Latvia,3.85,Ārpus Brewing Co.,6.5,IPA - New England / Hazy,Can 440ml,440,13.16,IPA
Death By Cranberry,5.79,England,3.48,Vocation Brewery,4.5,Sour - Fruited,Can 440ml,440,13.16,Sour
Fuzzy Van Trip,5.79,Germany,4.0,Sudden Death Brewing Co.,6.3,IPA - New England / Hazy,Can 440ml,440,13.16,IPA
Kiss My Hops (Moutere),5.79,Ukraine,3.8,Дідько Brewery,7.8,IPA - Imperial / Double New England / Hazy,Can 440ml,440,13.16,IPA
Mango x Coconut Smoothie Sour Ale,5.79,Latvia,4.04,Ārpus Brewing Co.,4.5,Sour - Smoothie / Pastry,Can 440ml,440,13.16,Sour
TDH Strata X Riwaka IPA,5.79,Latvia,4.06,Ārpus Brewing Co.,6.5,IPA - New England / Hazy,Can 440ml,440,13.16,IPA
1818 Quadrupel,3.95,Netherlands,3.72,Brouwerij Maallust,10.0,Belgian Quadrupel,300ml,300,13.17,Belgian Quadrupel
Misthoorn,4.35,Netherlands,3.85,Nevel Wild Ales,5.7,Wild Ale - Other,330ml,330,13.18,Wild Ale
Barley Wine,4.35,Netherlands,3.82,Muifelbrouwerij,12.0,Barleywine - American,330ml,330,13.18,Barleywine
Sloth IPA,4.35,Sweden,3.63,Brewski,6.0,IPA - New England / Hazy,330ml,330,13.18,IPA
?be kind to each other” – Pastry Sour mit Rhabarber und Vanille – Collab Testbräu,4.35,Germany,3.76,orca brau,6.2,Sour - Smoothie / Pastry,330ml,330,13.18,Sour
Fresh Pulp,5.8,England,3.83,Buxton Brewery,6.0,IPA - New England / Hazy,Can 440ml,440,13.18,IPA
Rotkäppchen,5.8,England,3.96,Saint Mars Of The Desert,5.0,Lager - Rotbier,Can 440ml,440,13.18,Lager
Plum Porter,5.8,Scotland,3.74,Holy Goat Brewing,6.0,Porter - Other,Can 440ml,440,13.18,Porter
Moersleutel Velocity,5.8,Netherlands,3.69,Moersleutel Craft Brewery,6.5,IPA - New England / Hazy,Can 440ml,440,13.18,IPA
Bourbon Bok,5.8,Netherlands,3.73,Brouwerij Noordt,8.0,Bock - Doppelbock,Can 440ml,440,13.18,Bock
Nerd Choice,4.35,Italy,3.73,Ritual Lab,3.9,IPA - Session,Can 330ml,330,13.18,IPA
Anspach & Hobday / To Øl - 45 Days Later,5.8,England,4.05,Anspach & Hobday,7.0,Porter - Baltic,Can 440ml,440,13.18,Porter
For the Love of Hops ”Mauve”,4.35,Netherlands,3.85,Brouwerij Frontaal,8.0,IPA - Imperial / Double New England / Hazy,330ml,330,13.18,IPA
1606,4.35,Italy,3.82,Ritual Lab,4.2,IPA - Session,Can 330ml,330,13.18,IPA
Oerbier Strong Dark Ale,4.35,Belgium,3.71,Brouwerij De Dolle Brouwers,9.0,Belgian Strong Dark Ale,330ml,330,13.18,Belgian Strong Dark Ale
Liverpool X Azvex,5.8,England,3.81,Northern Monk,7.0,IPA - New England / Hazy,Can 440ml,440,13.18,IPA
Simkölsch (Kölsch),5.8,France,3.81,Brasserie Cambier,5.0,Kölsch,Can 440ml,440,13.18,Kölsch
Puhaste Berry Symphony,4.35,Estonia,3.8,Pühaste Brewery,6.0,Sour - Fruited,330ml,330,13.18,Sour
Moersleutel Fruit Blizzard,5.8,Netherlands,3.71,Moersleutel Craft Brewery,5.5,IPA - New England / Hazy,Can 440ml,440,13.18,IPA
Omnipollo / Newbarns - Gordon´s Comfort Mild,4.35,Sweden,3.36,Omnipollo,5.3,Mild - Dark,Can 330ml,330,13.18,Mild
ÖÖ Imperial Baltic Porter,4.35,Estonia,3.93,Põhjala,10.5,Porter - Imperial / Double Baltic,330ml,330,13.18,Porter
Moersleutel Motor Oil,5.8,Netherlands,3.79,Moersleutel Craft Brewery,12.0,Stout - Russian Imperial,Can 440ml,440,13.18,Stout
Living Landscape,5.8,England,3.68,Burnt Mill Brewery,4.6,Pale Ale - New England / Hazy,Can 440ml,440,13.18,Pale Ale
Headband Pale Ale,5.8,England,3.87,Verdant Brewing Co,5.5,Pale Ale - New England / Hazy,Can 440ml,440,13.18,Pale Ale
Don't Stop Me Now,4.35,Netherlands,3.77,Brouwerij Frontaal,10.0,Wheat Beer - Wheat Wine,330ml,330,13.18,Wheat Beer
Kalevipoeg,4.35,Estonia,3.73,Lehe Pruulikoda,9.0,Porter - Baltic,330ml,330,13.18,Porter
Tropic Thunder,4.35,Sweden,3.82,Dugges Bryggeri/ Stillwater Artisanal,4.5,Sour - Fruited,330ml,330,13.18,Sour
Beyond Galaxies,5.8,Netherlands,4.0,White Dog Brewery,7.0,IPA - New England / Hazy,Can 440ml,440,13.18,IPA
F*ck De Kerstboom Staat In De Fik! Orange & Coffee Oatmeal Stout,4.35,Netherlands,3.58,Uiltje Brewing Company,10.0,Stout - Imperial / Double Oatmeal,330ml,330,13.18,Stout
Pannepot Vintage Ale,4.35,Belgium,3.77,De Struise Brouwers,10.0,Belgian Strong Dark Ale,330ml,330,13.18,Belgian Strong Dark Ale
Imperial Porter,4.35,Netherlands,3.6,Brouwerij Pronck,11.0,Porter - Imperial / Double,330ml,330,13.18,Porter
Moersleutel Coffee Grinder,5.8,Netherlands,3.78,Moersleutel Craft Brewery,7.5,Stout - Coffee,Can 440ml,440,13.18,Stout
Sea Echoes,5.8,England,,Burnt Mill Brewery,4.6,Pale Ale - New England / Hazy,Can 440ml,440,13.18,Pale Ale
Arpus TDH Hops x Art #25 IPA,5.8,Latvia,4.06,Ārpus Brewing Co.,6.5,IPA - New England / Hazy,Can 440ml,440,13.18,IPA
Perfection,5.8,New Zealand,3.5,Renaissance Brewing Company,5.0,Pale Ale - English,Can 440ml,440,13.18,Pale Ale
El Patron North West Double IPA NWDIPA,5.8,Netherlands,3.8,Uiltje Brewing Company,8.2,IPA - Imperial / Double,Can 440ml,440,13.18,IPA
Arpus 7 Year Anniversary Coconut IPA,5.8,Latvia,4.02,Ārpus Brewing Co.,6.8,IPA - Fruited,Can 440ml,440,13.18,IPA
ZARschloch – Baltic Porter,4.35,Germany,3.37,Freigeist Bierkultur,6.0,Porter - Baltic,330ml,330,13.18,Porter
Fetch the Reaper,5.8,Wales,3.97,Dog's Window Brewery,5.7,IPA - New England / Hazy,Can 440ml,440,13.18,IPA
One-Sided Love,5.8,Wales,3.77,Polly's Brew Co.,5.2,Pale Ale - New England / Hazy,Can 440ml,440,13.18,Pale Ale
Staffstuff,4.35,Belgium,3.35,Brasserie Atrium,4.5,Porter - Other,330ml,330,13.18,Porter
Black & Tan,4.35,Netherlands,3.84,Brouwerij de Molen,10.5,Black & Tan,330ml,330,13.18,Black & Tan
Liaison Fatale,5.8,France,3.98,Brasserie du Grand Paris (Les Brasseurs du Grand Paris),6.5,IPA - New England / Hazy,Can 440ml,440,13.18,IPA
Shattered Dream Nitro,5.8,England,4.2,Siren Craft Brew,5.7,Stout - Imperial / Double Milk,Can 440ml,440,13.18,Stout
Phuture 2,5.8,England,3.83,Cloudwater Brew Co.,6.0,IPA - New England / Hazy,Can 440ml,440,13.18,IPA
Péché Mortel,4.5,Canada,4.1,Brasserie Dieu du Ciel!,9.5,Stout - Imperial / Double Coffee,Bottle 341ml,341,13.2,Stout
Steady Rolling Strata,6.6,England,3.99,DEYA Brewing Company,5.2,Pale Ale - New England / Hazy,500ml,500,13.2,Pale Ale
Old Crow Vintage Cider,6.6,Wales,3.68,Gwynt y Ddraig,7.4,Cider - Traditional / Apfelwein,500ml,500,13.2,Cider
Amarus 2023,9.9,Poland,,Cydr Ignaców,7.4,Cider - Traditional / Apfelwein,Bottle 750ml,750,13.2,Cider
Gromit Mug,6.6,England,3.91,Baron Brewing,5.0,Pale Ale - New England / Hazy,Can 500ml,500,13.2,Pale Ale
Wot U Call It?,7.5,England,3.84,Arbor Ales,5.6,IPA - American,Can 568ml,568,13.2,IPA
Gothic Noir,6.6,Romania,3.88,Hop Hooligans,8.0,IPA - Black / Cascadian Dark Ale,500ml,500,13.2,IPA
Rivington - That's That Tree - DDH Pale,6.6,England,3.93,Rivington Brewing Co,5.5,Pale Ale - New England / Hazy,500ml,500,13.2,Pale Ale
La Roche,9.9,France,3.88,Antoine Marois,6.0,Cider - Traditional / Apfelwein,Bottle 750ml,750,13.2,Cider
IJsbok Hout,4.95,Netherlands,3.86,SNAB Bierbrouwers,9.0,Bock - Eisbock,Bottle 375ml,375,13.2,Bock
Musli,6.6,Poland,3.99,Browar Birbant,10.1,Stout - Imperial / Double Pastry,Can 500ml,500,13.2,Stout
Berliner Gose,9.9,France,4.12,Les Danaïdes,5.0,Sour - Berliner Weisse,Bottle 750ml,750,13.2,Sour
Oude Kriek Cuvée René 2022,4.95,Belgium,3.6,Brouwerij Lindemans,7.0,Lambic - Kriek,Bottle 375ml,375,13.2,Lambic
Robert The Great 2019,4.95,Belgium,3.94,De Struise Brouwers,10.5,Stout - Russian Imperial,Bottle 375ml,375,13.2,Stout
Amaroo,9.9,United States,4.12,Aslin Beer Company/ Black Project Spontaneous & Wild Ales,10.0,Stout - Imperial / Double,Bottle 750ml,750,13.2,Stout
Garganensis,9.9,Italy,3.85,Birrificio Agricolo Sorio,6.0,Grape Ale - Other,Bottle 750ml,750,13.2,Grape Ale
Jantarová 13,6.6,Czech Republic,3.52,Vinohradský pivovar,4.9,Lager - Polotmavé (Czech Amber),Can 500ml,500,13.2,Lager
Nothing Bound - South Acre - Pale Ale,6.6,England,3.93,Nothing Bound Brewing Co,5.2,Pale Ale - New England / Hazy,500ml,500,13.2,Pale Ale
Sklizeň 2022,6.6,Czech Republic,3.54,Chroust,5.0,Pilsner - Czech / Bohemian,500ml,500,13.2,Pilsner
Achel Superior Blond,9.9,Belgium,3.78,Brouwerij der Sint-Benedictusabdij De Achelse Kluis,9.5,Belgian Strong Golden Ale,Bottle 750ml,750,13.2,Belgian Strong Golden Ale
12 Years Of Happiness,6.6,Czech Republic,4.06,Rodinný Pivovar Zichovec,7.0,IPA - New England / Hazy,500ml,500,13.2,IPA
Donmai,6.6,Scotland,3.74,Donzoko Brewing Company,5.5,Lager - Japanese Rice,Can 500ml,500,13.2,Lager
Saison Noire De Foudre,9.9,France,3.99,Les Danaïdes,7.5,Farmhouse Ale - Saison,Bottle 750ml,750,13.2,Farmhouse Ale
Northern Helles,6.6,Scotland,3.62,Donzoko Brewing Company,4.2,Lager - Helles,Can 500ml,500,13.2,Lager
I Love The Smell Of Krush In The Morning,6.6,Czech Republic,4.04,Sibeeria,6.1,IPA - American,Can 500ml,500,13.2,IPA
Weekend Project - Meadows - DDH Pale,6.6,England,3.92,Weekend Project,5.4,Pale Ale - New England / Hazy,500ml,500,13.2,Pale Ale
Stone Double Bastard Ale,4.69,United States,3.89,Arrogant Consortia,10.5,Strong Ale - American,355ml,355,13.21,Strong Ale
Meggyes Pite,4.36,Hungary,3.73,Mad Scientist,8.0,Sour - Smoothie / Pastry,330ml,330,13.21,Sour
Tie-Dye Science,6.25,United States,3.97,Equilibrium Brewery,6.5,IPA - New England / Hazy,473ml,473,13.21,IPA
Hopnosis [Bottle],4.69,United States,3.75,Firestone Walker Brewing Company,6.7,IPA - Cold,355ml,355,13.21,IPA
Poolside Bliss,6.25,United States,3.79,AleSmith Brewing Company,7.1,IPA - New England / Hazy,473ml,473,13.21,IPA
Blanche du Paradis,6.25,Canada,3.67,Brasserie Dieu du Ciel!,5.5,Wheat Beer - Witbier / Blanche,473ml,473,13.21,Wheat Beer
Balloon Bay,4.37,Estonia,3.68,Pühaste Brewery,4.6,Sour - Fruited,Can 330ml,330,13.24,Sour
Floris Framboise,4.37,Belgium,3.55,Delirium - Huyghe Brewery,3.6,Fruit Beer,330ml,330,13.24,Fruit Beer
Omnipollos Hatt,4.37,Sweden,3.84,Omnipollo,6.2,IPA - New England / Hazy,Can 330ml,330,13.24,IPA
La Mule / Nestor Vin Berliner Wine Grolleau,4.37,Belgium,3.69,Brasserie de la Mule,5.0,Sour - Fruited Berliner Weisse,330ml,330,13.24,Sour
Finesse,4.37,Belgium,3.56,Brouwerij De Dochter van de Korenaar,9.0,Belgian Tripel,330ml,330,13.24,Belgian Tripel
Dayglow,5.83,Denmark,3.75,Alefarm Brewing,6.0,IPA - American,Can 440ml,440,13.25,IPA
Whispers Of The Ocean,5.83,Denmark,3.87,Alefarm Brewing,6.0,IPA - American,Can 440ml,440,13.25,IPA
Julebajer,5.83,Denmark,3.63,Alefarm Brewing,6.0,IPA - American,Can 440ml,440,13.25,IPA
In Every Heartbeat,5.83,Denmark,3.81,Alefarm Brewing,5.8,IPA - American,Can 440ml,440,13.25,IPA
New Beginnings,5.83,Denmark,3.81,Alefarm Brewing,6.0,IPA - American,Can 440ml,440,13.25,IPA
On The Way,5.83,Denmark,3.68,Alefarm Brewing,6.0,IPA - American,Can 440ml,440,13.25,IPA
Gouden Carolus Cuvée Van De Keizer Imperial Dark,9.95,Belgium,4.05,Brouwerij Het Anker,11.0,Belgian Strong Dark Ale,Bottle 750ml,750,13.27,Belgian Strong Dark Ale
Kadodo,9.95,Netherlands,3.56,Bird Brewery,8.0,Belgian Tripel,Bottle 750ml,750,13.27,Belgian Tripel
Aenne – Saison 2022-01 – MHD 15.02.2024,9.95,Germany,3.67,Kemker Kultuur (Brauerei J. Kemker),6.0,Farmhouse Ale - Saison,Bottle 750ml,750,13.27,Farmhouse Ale
Westmalle Tripel Vintage 2019,9.95,Belgium,3.81,Brouwerij der Trappisten van Westmalle,9.5,Belgian Tripel,Bottle 750ml,750,13.27,Belgian Tripel
Zonneblond Factor 7,9.95,Netherlands,3.41,Mister Hop,7.0,Blonde / Golden Ale - Other,Bottle 750ml,750,13.27,Blonde / Golden Ale
"Proost, op van alles en nog wat",9.95,Netherlands,3.43,Mister Hop,7.0,Blonde / Golden Ale - Other,Bottle 750ml,750,13.27,Blonde / Golden Ale
Er Is Maar Één Vader Zoals Jij,9.95,Netherlands,3.32,Mister Hop,7.0,Blonde / Golden Ale - Other,Bottle 750ml,750,13.27,Blonde / Golden Ale
Partypopper,9.95,Netherlands,3.44,Mister Hop,7.0,Blonde / Golden Ale - Other,Bottle 750ml,750,13.27,Blonde / Golden Ale
House Lager,9.95,United States,3.32,Thee Tree House,4.9,Lager - American Light,Bottle 750ml,750,13.27,Lager
Gefelicibierd,9.95,Netherlands,3.58,Mister Hop,7.0,Blonde / Golden Ale - Other,Bottle 750ml,750,13.27,Blonde / Golden Ale
Mulled Apple Wine,9.95,Estonia,3.35,Jaanihanso,10.0,Cider - Herbed / Spiced / Hopped,Bottle 750ml,750,13.27,Cider
Tripel Trappel,9.95,Belgium,3.52,Brouwerij Van Steenberge,9.0,Belgian Tripel,Bottle 750ml,750,13.27,Belgian Tripel
Cuveé du Brasseur Extra-Brut Biologisch,9.95,France,3.56,La Maison Ferré,5.5,Cider - Traditional / Apfelwein,Bottle 750ml,750,13.27,Cider
Bigger Doink,5.84,Denmark,4.04,Gamma Brewing Company,10.0,IPA - Triple New England / Hazy,Can 440ml,440,13.27,IPA
Gouden Carolus Imperial Dark 2022,9.95,Belgium,4.05,Brouwerij Het Anker,11.0,Belgian Strong Dark Ale,Bottle 750ml,750,13.27,Belgian Strong Dark Ale
Mama,9.95,Netherlands,3.62,Mister Hop,7.0,Belgian Blonde,Bottle 750ml,750,13.27,Belgian Blonde
Abbaye du Lys Triple,9.95,France,3.48,Brasserie Goudale - Les Brasseurs de Gayant,7.9,Belgian Tripel,Bottle 750ml,750,13.27,Belgian Tripel
Gordon X-Mas 100th Anniversary Scotch Ale,9.95,Belgium,3.68,Brewery John Martin & Brewery Timmermans,8.8,Scotch Ale / Wee Heavy,Bottle 750ml,750,13.27,Scotch Ale / Wee Heavy
Oude Geuze Dekoninck,9.95,Belgium,3.76,Brouwerij Boon,7.0,Lambic - Gueuze,Bottle 750ml,750,13.27,Lambic
Grimbergen Cuvée 2024,9.95,Belgium,3.55,Grimbergen Abbey Brewery,7.7,Belgian Blonde,Bottle 750ml,750,13.27,Belgian Blonde
Op Jou Kan Ik Brouwen,9.95,Netherlands,3.54,Mister Hop,7.0,Blonde / Golden Ale - Other,Bottle 750ml,750,13.27,Blonde / Golden Ale
Bedrankt,9.95,Netherlands,3.5,Mister Hop,7.0,Blonde / Golden Ale - Other,Bottle 750ml,750,13.27,Blonde / Golden Ale
Kerstmus,9.95,Netherlands,3.54,Bird Brewery,8.5,Belgian Tripel,Bottle 750ml,750,13.27,Belgian Tripel
Papa,9.95,Netherlands,3.47,Mister Hop,7.0,Blonde / Golden Ale - Other,Bottle 750ml,750,13.27,Blonde / Golden Ale
Arend Goud,9.95,Belgium,3.79,Brouwerij De Ryck,8.5,Belgian Tripel,Bottle 750ml,750,13.27,Belgian Tripel
Ik brouw van jou,9.95,Netherlands,3.46,Mister Hop,7.0,Blonde / Golden Ale - Other,Bottle 750ml,750,13.27,Blonde / Golden Ale
Zomerblond,9.95,Netherlands,3.41,Mister Hop,7.0,Blonde / Golden Ale - Other,Bottle 750ml,750,13.27,Blonde / Golden Ale
Kutbier Blond Met PERZIK,9.95,Netherlands,3.34,Brouwerij Boegbeeld,6.3,Belgian Blonde,Bottle 750ml,750,13.27,Belgian Blonde
Corpus Vitrae Trinitas Hopulus,9.95,Netherlands,,Mister Hop,8.2,Belgian Tripel,Bottle 750ml,750,13.27,Belgian Tripel
Oranje Boven,9.95,Netherlands,3.4,Mister Hop,10.0,Blonde / Golden Ale - Other,Bottle 750ml,750,13.27,Blonde / Golden Ale
La Cave De Gabriel Cidre Du Perche Brut Biologisch,9.95,France,3.56,La Maison Ferré,5.5,Cider - Traditional / Apfelwein,Bottle 750ml,750,13.27,Cider
"Ruby, My Dear",9.97,Spain,3.86,Cyclic Beer Farm,4.8,Sour - Fruited,Bottle 750ml,750,13.29,Sour
Orangie,9.97,Spain,3.73,Cyclic Beer Farm,4.0,Farmhouse Ale - Saison,Bottle 750ml,750,13.29,Farmhouse Ale
Dekoninck Oude Geuze,9.97,Belgium,3.76,Brouwerij Boon,7.0,Lambic - Gueuze,Bottle 750ml,750,13.29,Lambic
Kuehn Kunz Rosen Tipsy Monk Dubbel,4.39,Germany,3.69,KUEHN KUNZ ROSEN,7.5,Belgian Dubbel,330ml,330,13.3,Belgian Dubbel
Psychosis Safari,5.85,Germany,3.89,FUERST WIACEK,6.2,IPA - New England / Hazy,Can 440ml,440,13.3,IPA
Take In The View,5.85,Denmark,3.86,Alefarm Brewing,6.5,IPA - American,Can 440ml,440,13.3,IPA
Weird Weekend,5.85,Germany,3.9,FUERST WIACEK,6.2,IPA - New England / Hazy,Can 440ml,440,13.3,IPA
Mayfair,5.85,Denmark,3.76,Alefarm Brewing,6.0,IPA - American,Can 440ml,440,13.3,IPA
"OK, Let's Go!",5.85,Spain,3.88,Gross,6.0,IPA - New England / Hazy,Can 440ml,440,13.3,IPA
KENIA,5.85,Spain,3.5,DÚA Sparkling Beer,4.2,Farmhouse Ale - Grisette,Can 440ml,440,13.3,Farmhouse Ale
Austerity,5.85,France,3.84,Prizm Brewing Co.,6.0,IPA - New England / Hazy,Can 440ml,440,13.3,IPA
Temporality,5.85,France,3.83,Prizm Brewing Co.,7.0,IPA - New England / Hazy,Can 440ml,440,13.3,IPA
Mason Raven's Light,6.25,United States,3.96,Mason Ale Works,13.5,Stout - Imperial / Double Pastry,Can 470ml,470,13.3,Stout
Kompaan Battle Royale West Coast Wrestling,5.85,Netherlands,3.58,KOMPAAN Dutch Craft Beer Company,10.0,IPA - American,Can 440ml,440,13.3,IPA
Bones,4.39,England,3.34,Beavertown,4.4,Lager - Pale,330ml,330,13.3,Lager
Selfless State,5.85,Romania,3.91,Metanoia Brewing,5.8,IPA - New England / Hazy,Can 440ml,440,13.3,IPA
Cien Gaviotas,5.85,Spain,3.8,Little Rain Brewing Company,6.2,IPA - American,Can 440ml,440,13.3,IPA
"Coffee Connaisseur, moi?",4.39,Netherlands,3.95,Dutch Bargain,13.0,Stout - Russian Imperial,330ml,330,13.3,Stout
Paradise Cove,5.85,Germany,3.83,FrauGruber Brewing,6.5,IPA - New England / Hazy,Can 440ml,440,13.3,IPA
Verzet Oud Bruin Strawberry 2019,4.39,Belgium,3.66,Brouwerij 't Verzet,6.0,Sour - Flanders Oud Bruin,Bottle 330ml,330,13.3,Sour
Blanche à La Mangue,6.29,Canada,3.5,LTM - Les Trois Mousquetaires,5.0,Wheat Beer - Fruited,473ml,473,13.3,Wheat Beer
Juicy Ass,6.29,Canada,3.75,Flying Monkeys Craft Brewery,6.5,IPA - American,Can 473ml,473,13.3,IPA
IPA,6.29,United States,3.89,AleSmith Brewing Company,7.3,IPA - American,473ml,473,13.3,IPA
CLOWNS ARE US,5.85,Latvia,3.92,Hopalaa,8.5,IPA - Imperial / Double New England / Hazy,Can 440ml,440,13.3,IPA
Crab Hands (2024),5.85,Germany,4.12,FUERST WIACEK,8.0,IPA - Imperial / Double New England / Hazy,Can 440ml,440,13.3,IPA
Tasty Rainbow – Orange,5.85,Scotland,3.64,Vault City Brewing,5.4,Sour - Fruited,Can 440ml,440,13.3,Sour
Mason Dance of Kemush,6.25,United States,4.11,Mason Ale Works,13.0,Stout - Imperial / Double Pastry,Can 470ml,470,13.3,Stout
Kehrwieder Cayman Imperial Coconut Porter,4.39,Germany,4.28,Kehrwieder Kreativbrauerei,9.5,Porter - Imperial / Double,330ml,330,13.3,Porter
QD24 Rum Infused,4.39,Netherlands,3.53,Berging Brouwerij,8.5,Belgian Quadrupel,330ml,330,13.3,Belgian Quadrupel
Hazy Hopfnung NEIPA,4.39,Germany,3.74,Landgang Brauerei,5.6,IPA - New England / Hazy,330ml,330,13.3,IPA
Orange Creamsicle,6.29,United States,4.07,Great Notion Brewing,7.0,IPA - Milkshake,473ml,473,13.3,IPA
Parklife (2024),5.85,Germany,3.94,FUERST WIACEK,6.8,IPA - New England / Hazy,Can 440ml,440,13.3,IPA
Maibock,6.29,Canada,3.57,LTM - Les Trois Mousquetaires,6.8,Bock - Hell / Maibock / Lentebock,Bottle 473ml,473,13.3,Bock
Oktoberfest,6.29,Canada,3.56,LTM - Les Trois Mousquetaires,6.0,Märzen,Bottle 473ml,473,13.3,Märzen
Rousse,6.29,Canada,3.3,LTM - Les Trois Mousquetaires,5.0,Lager - Vienna,473ml,473,13.3,Lager
Finne Small Batch No. 07 Liquid Limes NEIPA,4.39,England,3.58,Twickenham Fine Ales,4.7,Stout - Milk / Sweet,330ml,330,13.3,Stout
Wapaloosie,5.85,England,3.78,Tartarus Beers,4.8,Pale Ale - New England / Hazy,Can 440ml,440,13.3,Pale Ale
Now Is The Time,5.85,Denmark,3.89,Alefarm Brewing,6.2,IPA - American,Can 440ml,440,13.3,IPA
Blue Straggler,5.85,Spain,4.0,Garage Beer Co.,11.0,Stout - Imperial / Double,Can 440ml,440,13.3,Stout
Solitary Sock,5.85,Germany,3.93,FUERST WIACEK,6.2,IPA - New England / Hazy,Can 440ml,440,13.3,IPA
Oscillate,5.85,Denmark,3.87,Alefarm Brewing,6.2,IPA - American,Can 440ml,440,13.3,IPA
The Light You Leave On,5.85,Denmark,3.9,Alefarm Brewing,6.2,IPA - American,Can 440ml,440,13.3,IPA
Mmm...Osa,6.29,United States,4.01,Equilibrium Brewery,4.8,Pale Ale - American,473ml,473,13.3,Pale Ale
Rosemary,5.85,Spain,3.6,DÚA Sparkling Beer,4.2,Farmhouse Ale - Grisette,Can 440ml,440,13.3,Farmhouse Ale
Moersleutel Hazy Nebula,5.85,Netherlands,3.73,Moersleutel Craft Brewery,6.0,IPA - New England / Hazy,Can 440ml,440,13.3,IPA
Golden Iris,4.39,Denmark,3.29,Mikkeller,4.5,Blonde / Golden Ale - Other,330ml,330,13.3,Blonde / Golden Ale
Lakeside,5.85,Norway,3.79,Salikatt Bryggeri,6.5,IPA - Cold,Can 440ml,440,13.3,IPA
Moriau Oude Geuze 02/04/2039,4.99,Belgium,3.79,Geuzestekerij Moriau,7.0,Lambic - Gueuze,Bottle 375ml,375,13.31,Lambic
Gueuze 11/2019,4.99,Belgium,3.34,Brouwerij Mort Subite,7.0,Lambic - Gueuze,Bottle 375ml,375,13.31,Lambic
Gueuze 04/2019,4.99,Belgium,3.34,Brouwerij Mort Subite,7.0,Lambic - Gueuze,Bottle 375ml,375,13.31,Lambic
St Louis Fond Tradition Gueuze Lambic 10/2027,4.99,Belgium,3.71,Kasteel Brouwerij Vanhonsebrouck,5.0,Lambic - Gueuze,Bottle 375ml,375,13.31,Lambic
Oude Gueuze 19/04/2028,4.99,Belgium,3.34,Brouwerij Mort Subite,7.0,Lambic - Gueuze,Bottle 375ml,375,13.31,Lambic
Oude Gueuze Cuvée,4.99,Belgium,3.68,Brouwerij De Troch,5.5,Lambic - Gueuze,Bottle 375ml,375,13.31,Lambic
Oude Gueuze 19/10/2027,4.99,Belgium,3.34,Brouwerij Mort Subite,7.0,Lambic - Gueuze,Bottle 375ml,375,13.31,Lambic
La Moneuse Triple X,9.99,Belgium,3.78,Brasserie de Blaugies,10.0,Farmhouse Ale - Saison,Bottle 750ml,750,13.32,Farmhouse Ale
Gefeliciteerd Ouwe Lul,9.99,Netherlands,3.31,Brother Beer,6.0,Belgian Blonde,Bottle 750ml,750,13.32,Belgian Blonde
Bleue Grand Reserve,9.99,Belgium,3.9,Bières de Chimay,9.0,Belgian Strong Dark Ale,Bottle 750ml,750,13.32,Belgian Strong Dark Ale
Vermillion 2024,9.99,United States,3.97,Perennial Artisan Ales,10.5,Barleywine - English,Bottle 750ml,750,13.32,Barleywine
Geuze Mariage Parfait Brewing year 2017,9.99,Belgium,3.85,Brouwerij Boon,8.0,Lambic - Gueuze,Bottle 750ml,750,13.32,Lambic
Aardig Geitje,9.99,Netherlands,3.34,Geef Bier Cadeau,7.0,Belgian Blonde,Bottle 750ml,750,13.32,Belgian Blonde
BDB,9.99,Belgium,3.7,Brasserie de Blaugies,8.0,Belgian Strong Golden Ale,Bottle 750ml,750,13.32,Belgian Strong Golden Ale
Saison d'Epautre,9.99,Belgium,3.72,Brasserie de Blaugies,6.0,Farmhouse Ale - Saison,Bottle 750ml,750,13.32,Farmhouse Ale
Bedankt,9.99,Netherlands,3.34,Geef Bier Cadeau,7.0,Belgian Blonde,Bottle 750ml,750,13.32,Belgian Blonde
La Trappe Trappist Quadrupel,9.99,Netherlands,3.91,Bierbrouwerij De Koningshoeven,10.0,Belgian Quadrupel,Bottle 750ml,750,13.32,Belgian Quadrupel
Gefeliciteerd,9.99,Netherlands,3.34,Geef Bier Cadeau,7.0,Belgian Blonde,Bottle 750ml,750,13.32,Belgian Blonde
They Live,6.3,England,4.09,Rivington Brewing Co,8.0,IPA - Imperial / Double New England / Hazy,473ml,473,13.32,IPA
Voor De Liefste Papa,9.99,Netherlands,3.34,Geef Bier Cadeau,7.0,Belgian Blonde,Bottle 750ml,750,13.32,Belgian Blonde
Oude Gueuze Cuvée René Blend 2020,9.99,Belgium,3.77,Brouwerij Lindemans,6.0,Lambic - Gueuze,Bottle 750ml,750,13.32,Lambic
De Koninck Oude Geuze à l'Ancienne,9.99,Belgium,3.76,Brouwerij Boon,5.2,Lambic - Gueuze,Bottle 750ml,750,13.32,Lambic
Gather House,6.3,United States,3.83,The Drowned Lands Brewery,4.8,Wheat Beer - Witbier / Blanche,473ml,473,13.32,Wheat Beer
Feast Of Solitude 2020,9.99,Denmark,3.83,Baghaven Brewing and Blending,6.0,Wild Ale - Other,Bottle 750ml,750,13.32,Wild Ale
Berliner Framboos,4.4,Belgium,3.82,Brouwerij Alvinne/ Laugar Brewery,4.0,Sour - Fruited Berliner Weisse,330ml,330,13.33,Sour
Numbered Sneakers West Coast IPA,4.4,Sweden,3.53,Beerbliotek,6.6,IPA - American,330ml,330,13.33,IPA
Wild Oloroso BA,4.4,France,3.76,Brasserie Iron,7.0,Wild Ale - Other,330ml,330,13.33,Wild Ale
Juicy Drip NEIPA,4.4,Netherlands,3.63,Mister Hop,6.3,IPA - New England / Hazy,330ml,330,13.33,IPA
Pohjala - Ohtu,4.4,Estonia,3.55,Põhjala,5.5,Porter - American,330ml,330,13.33,Porter
Snijkoek,4.4,Netherlands,3.35,Dorpsbrouwerij Uzzewuzze,7.6,Bock - Doppelbock,330ml,330,13.33,Bock
Oude Kriek PX Geturfd (season 19|20) Blend No. 75  -  SHOP ONLY,10.0,Belgium,4.21,Brouwerij 3 Fonteinen,7.3,Lambic - Kriek,Bottle 750ml,750,13.33,Lambic
Apple 37.5cl,5.0,Belgium,3.49,Brouwerij Lindemans,5.0,Lambic - Fruit,Bottle 375ml,375,13.33,Lambic
Pannepot Grand Reserva Vintage 2022,4.4,Belgium,4.11,De Struise Brouwers,10.0,Belgian Strong Dark Ale,330ml,330,13.33,Belgian Strong Dark Ale
Oud Bruin Oak Leaf (2019),4.4,Belgium,4.03,Brouwerij 't Verzet,6.0,Sour - Flanders Oud Bruin,330ml,330,13.33,Sour
Tokyo Coffee,4.4,Hungary,3.53,Mad Scientist,6.0,Sour - Berliner Weisse,330ml,330,13.33,Sour
St Bernardus Tripel,4.4,Belgium,3.75,Brouwerij St.Bernardus,7.5,Belgian Tripel,330ml,330,13.33,Belgian Tripel
Oud Bruin Vineyard (2021),4.4,Belgium,3.69,Brouwerij 't Verzet,6.0,Sour - Flanders Oud Bruin,330ml,330,13.33,Sour
Pohjala - Orange Gose CAN,4.4,Estonia,3.42,Põhjala,5.5,Sour - Fruited Gose,330ml,330,13.33,Sour
Alderbastend Frisse Vlegel,4.4,Netherlands,3.42,Alderbastend Bieren,5.8,IPA - New England / Hazy,330ml,330,13.33,IPA
Quitte ou Double BIO,4.4,France,3.46,Effet Papillon,7.0,Sour - Fruited,330ml,330,13.33,Sour
Preutse Paulien,4.4,Netherlands,3.65,Brouwerij Barelds & Sabel,10.0,Porter - Imperial / Double,330ml,330,13.33,Porter
Dr. Raptor V2.0 Imperial IPA Blik SB,4.4,Netherlands,3.76,Uiltje Brewing Company,9.3,IPA - Imperial / Double,330ml,330,13.33,IPA
Belegd Bruud (Blech Brut collab),4.4,Belgium,3.39,Dok Brewing Company,4.1,Farmhouse Ale - Saison,330ml,330,13.33,Farmhouse Ale
Amer iGhost,10.0,Belgium,3.76,Brasserie Fantôme,7.5,Farmhouse Ale - Saison,Bottle 750ml,750,13.33,Farmhouse Ale
Dolle Brouwers Dulle Teve,4.4,Belgium,3.83,Brouwerij De Dolle Brouwers,10.0,Belgian Tripel,330ml,330,13.33,Belgian Tripel
Weird Weather NA,4.4,Denmark,3.31,Mikkeller,0.5,Non-Alcoholic - IPA,Can 330ml,330,13.33,Non-Alcoholic
Mielcke & Hurtigkarl,5.0,Denmark,3.79,Mikkeller,8.7,Belgian Strong Golden Ale,Bottle 375ml,375,13.33,Belgian Strong Golden Ale
Santa's Little Helper 2012: BA Grand Marnier,5.0,Denmark,3.93,Mikkeller,10.9,Belgian Strong Dark Ale,Bottle 375ml,375,13.33,Belgian Strong Dark Ale
Lekker Gewerkt Pik! (Mannen),4.4,Netherlands,3.51,Mister Hop,5.0,Belgian Tripel,330ml,330,13.33,Belgian Tripel
Pokal Gummarus,4.4,Belgium,3.52,Brouwerij Cornelissen,8.3,Belgian Tripel,330ml,330,13.33,Belgian Tripel
It's Alive!: BA Grand Marnier,5.0,Denmark,3.64,Mikkeller,8.0,Sour - Other,Bottle 375ml,375,13.33,Sour
Pilot,4.4,England,3.75,Ascension Cider,4.8,Cider - Traditional / Apfelwein,Can 330ml,330,13.33,Cider
Howling Wolf Porter,4.4,Netherlands,3.42,Two Chefs Brewing,6.0,Porter - Other,Can 330ml,330,13.33,Porter
Barleywine BIO,4.4,Netherlands,3.63,Brouwerij Troost,9.0,Barleywine - American,Can 330ml,330,13.33,Barleywine
Zuli Melarya Imbir Quatro,4.4,Poland,3.99,Zuli Miodosytnia Warmińska,5.4,Mead - Session / Short,330ml,330,13.33,Mead
Pohjala - Kosmos Session IPA CAN,4.4,Estonia,3.64,Põhjala,5.5,IPA - New England / Hazy,330ml,330,13.33,IPA
Strieper Prototype No8 New England Double IPA,4.4,Netherlands,3.6,Strieper Craft Beer Company,8.0,IPA - Imperial / Double New England / Hazy,330ml,330,13.33,IPA
Ich Bin Blueberry,4.4,Denmark,3.26,Mikkeller,3.7,Sour - Fruited Berliner Weisse,Can 330ml,330,13.33,Sour
Muifel Barley Wine Double Maple Syrup Special Edition 2024,4.4,Netherlands,3.88,Muifelbrouwerij,12.5,Barleywine - Other,330ml,330,13.33,Barleywine
Rye Royale Barleywine,4.4,Netherlands,3.81,Brouwerij Kees,10.9,Rye Wine,Can 330ml,330,13.33,Rye Wine
Pêche 2022,5.0,France,3.95,Brasserie La Malpolon,6.0,Sour - Fruited,Bottle 375ml,375,13.33,Sour
Lievre,4.4,Belgium,3.71,La Source Beer Co.,6.5,IPA - American,330ml,330,13.33,IPA
Oud Bruin Strawberry (Harvest 2019),4.4,Belgium,3.81,Brouwerij 't Verzet,6.0,Sour - Flanders Oud Bruin,330ml,330,13.33,Sour
Oud Bruin Raspberry (Harvest 2019),4.4,Belgium,3.84,Brouwerij 't Verzet,6.0,Sour - Flanders Oud Bruin,330ml,330,13.33,Sour
Aard,10.0,Netherlands,3.6,Nevel Wild Ales,5.5,Wild Ale - Other,Bottle 750ml,750,13.33,Wild Ale
Illegaal IPA,4.4,Belgium,3.54,Brasserie ILLegaaL,5.8,IPA - Belgian,330ml,330,13.33,IPA
Malvasia de Sicus,10.0,Spain,3.9,Cyclic Beer Farm,5.5,Wild Ale - Other,Bottle 750ml,750,13.33,Wild Ale
Smoking Chaos Lichtenhainer,4.4,Netherlands,2.97,Dutch Bargain,4.3,Historical Beer - Lichtenhainer,Can 330ml,330,13.33,Historical Beer
Oude Geuze Thevenet à l&apos;ancienne,5.0,Belgium,3.96,Den Herberg,6.7,Lambic - Gueuze,Bottle 375ml,375,13.33,Lambic
be kind to each other!,4.4,Germany,3.76,orca brau,6.2,Sour - Smoothie / Pastry,330ml,330,13.33,Sour
Maple Bänger,4.4,Estonia,3.92,Põhjala,12.5,Stout - Imperial / Double,330ml,330,13.33,Stout
Blanche,10.0,Belgium,3.91,Brasserie Fantôme/ The Referend Bier Blendery,7.0,Farmhouse Ale - Saison,Bottle 750ml,750,13.33,Farmhouse Ale
MERCE,4.4,Spain,3.8,Garage Beer Co.,5.0,IPA - New England / Hazy,330ml,330,13.33,IPA
Double Polish IPA,4.4,Poland,3.64,Browar Trójmiejski Lubrow,7.8,IPA - Imperial / Double,330ml,330,13.33,IPA
Wachter,4.4,Netherlands,3.43,E-PIDEMI,6.8,Honey Beer,330ml,330,13.33,Honey Beer
Schneider Weisse TAP 9 Aventinus Eisbock,4.4,Germany,3.79,Schneider Weisse G. Schneider & Sohn,12.0,Bock - Eisbock,330ml,330,13.33,Bock
Arpus Brewing Co. 7 Year Anniversary Bloody Mary Smoothie Sour Ale,5.87,Latvia,4.24,Ārpus Brewing Co.,5.0,Sour - Smoothie / Pastry,Can 440ml,440,13.34,Sour
Arpus Brewing Co. Apricot X Pineapple X Coconut X Vanilla Smoothie Sour Ale,5.87,Latvia,4.24,Ārpus Brewing Co.,5.0,Sour - Smoothie / Pastry,Can 440ml,440,13.34,Sour
Arpus Brewing Co. Banana X Mango X Pineapple Smoothie Sour Ale,5.87,Latvia,4.24,Ārpus Brewing Co.,5.0,Sour - Smoothie / Pastry,Can 440ml,440,13.34,Sour
Arpus Brewing Co. 7 Year Anniversary Smoothie Sour Ale,5.87,Latvia,4.24,Ārpus Brewing Co.,5.0,Sour - Smoothie / Pastry,Can 440ml,440,13.34,Sour
Abundance,5.87,Denmark,3.67,Alefarm Brewing,6.6,IPA - American,Can 440ml,440,13.34,IPA
Siren Marshmellow Mountain,5.88,England,3.69,Siren Craft Brew,5.1,Porter - Other,Can 440ml,440,13.36,Porter
Caram-Elle,10.02,Belgium,3.86,Lambiek Fabriek,9.0,Lambic - Gueuze,Bottle 750ml,750,13.36,Lambic
Muscar-Elle Juicy & Wild,10.02,Belgium,4.05,Lambiek Fabriek,6.8,Lambic - Fruit,Bottle 750ml,750,13.36,Lambic
Gros-Elle,10.02,Belgium,3.99,Lambiek Fabriek,7.7,Lambic - Fruit,Bottle 750ml,750,13.36,Lambic
Non Alcoholic IPA,4.75,United States,3.3,AleSmith Brewing Company,0.4,Non-Alcoholic - IPA,355ml,355,13.38,Non-Alcoholic
Non Alcoholic Speedway Stout,4.75,United States,3.13,AleSmith Brewing Company,0.4,Non-Alcoholic - Porter / Stout,355ml,355,13.38,Non-Alcoholic
Verzet Oud Bruin Raspberry 2019,4.42,Belgium,3.84,Brouwerij 't Verzet,6.0,Sour - Flanders Oud Bruin,330ml,330,13.39,Sour
Struise Tjeeses Reserva 2020,4.42,Belgium,3.73,De Struise Brouwers,10.0,Winter Ale,330ml,330,13.39,Winter Ale
Lieber Waldi x White Dog Good Old Doggy Days Helles Simcoe,5.89,Germany,3.64,Lieber Waldi,5.0,Lager - Helles,Can 440ml,440,13.39,Lager
Siren Mavka 2024,5.89,England,4.17,Siren Craft Brew,10.0,Stout - Imperial / Double Coffee,Can 440ml,440,13.39,Stout
BrewDog Jack Hammer Double IPA,5.89,United States,3.77,Ruggedman Brewing,9.4,IPA - Imperial / Double,Can 440ml,440,13.39,IPA
"FRESH FROM // HOP FOCUS IPA SERIES // STRATA, MOSAIC, SABRO",6.7,England,3.82,Northern Monk,5.3,IPA - New England / Hazy,500ml,500,13.4,IPA
"FRESH FROM // LALLEMAND // CROSBY HOPS // AZACCA CGX(R), AZZACA, LUMINOSA, ZAPPA // IPA",6.7,England,3.69,Northern Monk,5.5,IPA - New England / Hazy,500ml,500,13.4,IPA
El Tormenta Del Futur,6.7,Croatia,3.9,Nova Runda,6.0,IPA - New England / Hazy,500ml,500,13.4,IPA
German Pilsner,5.9,England,3.69,Verdant Brewing Co,4.8,Pilsner - German,Can 440ml,440,13.41,Pilsner
Angel Tears,5.9,Bulgaria,3.64,Metalhead,5.7,Wheat Beer - Hefeweizen,Can 440ml,440,13.41,Wheat Beer
Red Wine Barrel Aged Saison (BBF: 30-08-25),5.9,Latvia,3.69,Ārpus Brewing Co.,5.0,Farmhouse Ale - Saison,Can 440ml,440,13.41,Farmhouse Ale
Earth,5.9,England,3.73,Phantom Brewing Co.,4.5,Pale Ale - New England / Hazy,Can 440ml,440,13.41,Pale Ale
Eleven Finger Discount,5.9,England,3.79,Siren Craft Brew,7.4,IPA - New Zealand,Can 440ml,440,13.41,IPA
Arpus Brewing Co. Red Wine Barrel Aged Saison,5.03,United States,3.71,Oyster Bay Brewing Company,10.5,Stout - Imperial / Double,Bottle 375ml,375,13.41,Stout
Fresh ‘n Fast – Summerstorm Backyard BBQ IPL,5.9,Netherlands,3.52,Uiltje Brewing Company,5.5,Lager - IPL (India Pale Lager),Can 440ml,440,13.41,Lager
Motor Oil: Double Hopped,5.9,Netherlands,3.94,Moersleutel Craft Brewery,11.0,Stout - Imperial / Double,Can 440ml,440,13.41,Stout
Idealista,5.9,France,4.01,The Piggy Brewing Company,8.0,IPA - Imperial / Double New England / Hazy,Can 440ml,440,13.41,IPA
Lee Carvallo's Putting Challenge,5.9,England,3.69,Sureshot Brewing,4.5,Pale Ale - New England / Hazy,Can 440ml,440,13.41,Pale Ale
On Tour #5,5.9,Belgium,,Fugu Brewing Co.,7.0,IPA - Milkshake,Can 440ml,440,13.41,IPA
Pink Buster,5.9,Germany,3.73,FrauGruber Brewing,8.2,IPA - Imperial / Double,Can 440ml,440,13.41,IPA
Velvet Rush,5.9,United States,3.9,Founders Brewing Co.,11.1,Brown Ale - Imperial / Double,Can 440ml,440,13.41,Brown Ale
Pohjala Spikes,5.9,Estonia,3.69,Põhjala,6.4,IPA - American,Can 440ml,440,13.41,IPA
Disco Jester,5.9,England,3.64,Turning Point Brew Co.,5.1,Pale Ale - English,Can 440ml,440,13.41,Pale Ale
Austerity,5.9,France,3.84,Prizm Brewing Co.,7.0,IPA - New England / Hazy,Can 440ml,440,13.41,IPA
Against The Day,5.9,England,3.79,Track Brewing Company,6.2,IPA - Red,Can 440ml,440,13.41,IPA
Suspended in New Zealand,5.9,England,3.64,Siren Craft Brew,4.0,Pale Ale - New Zealand,Can 440ml,440,13.41,Pale Ale
Curse These Metal Hands,5.9,England,3.99,Sureshot Brewing,6.0,IPA - New England / Hazy,Can 440ml,440,13.41,IPA
Tim the Human Fish,5.9,England,3.98,Sureshot Brewing,6.5,IPA - New England / Hazy,Can 440ml,440,13.41,IPA
The Closest Thing To Silence,5.9,England,3.81,Cloudwater Brew Co.,5.0,Pale Ale - New England / Hazy,Can 440ml,440,13.41,Pale Ale
Caladrius,5.9,Scotland,3.71,Otherworld Brewing,6.2,Wheat Beer - Witbier / Blanche,Can 440ml,440,13.41,Wheat Beer
Death By Cranberry Fruit Sour,5.9,England,3.48,Vocation Brewery,4.5,Sour - Fruited,Can 440ml,440,13.41,Sour
The Porter,5.9,England,3.78,Anspach & Hobday,6.7,Porter - English,Can 440ml,440,13.41,Porter
Hell Is Empty And All The Devils Are Here,5.9,Belgium,4.22,BramBrass,11.0,Stout - Imperial / Double,Can 440ml,440,13.41,Stout
I Love You But I've Chosen Darkness,5.9,Belgium,4.22,BramBrass,11.0,Stout - Imperial / Double,Can 440ml,440,13.41,Stout
Anniversary no. 09 Imperial Stout,5.9,Netherlands,3.8,Brouwerij Kees,9.99,Stout - Imperial / Double,Can 440ml,440,13.41,Stout
Funky Music,5.9,England,3.67,Full Circle Brew Co,4.2,Sour - Fruited,Can 440ml,440,13.41,Sour
Sugar ‘n Spice,5.9,Scotland,4.07,Vault City Brewing,5.5,Pumpkin / Yam Beer,Can 440ml,440,13.41,Pumpkin / Yam Beer
Heavy Glimmer (2024),5.9,England,3.82,Pentrich Brewing Co.,5.2,Pale Ale - English,Can 440ml,440,13.41,Pale Ale
Comb The Desert,5.9,England,3.82,Gravity Well Brewing Co,5.0,Pale Ale - New England / Hazy,Can 440ml,440,13.41,Pale Ale
Disco Island,5.9,England,3.68,Turning Point Brew Co.,5.1,Pale Ale - Fruited,Can 440ml,440,13.41,Pale Ale
Idea Machine,5.9,England,3.86,Siren Craft Brew,6.5,IPA - New England / Hazy,Can 440ml,440,13.41,IPA
Milk Foley,5.9,England,3.57,Brew York/ Turning Point Brew Co.,6.3,Pale Ale - Milkshake,Can 440ml,440,13.41,Pale Ale
Newbarns / Left Handed Giant - American Pilsner,5.9,Scotland,3.63,Newbarns Brewery,5.0,Pilsner - Other,Can 440ml,440,13.41,Pilsner
Precious,5.9,United States,4.22,Plan Bee Farm Brewery,5.0,Sour - Fruited,Can 440ml,440,13.41,Sour
Guardian X Dogs Window,5.9,Wales,3.95,Dark Element Brew Co,4.5,Pale Ale - New England / Hazy,Can 440ml,440,13.41,Pale Ale
Basket Case,5.9,Norway,3.83,Amundsen Brewery/ Collective Arts Brewing,7.5,IPA - Imperial / Double,Can 440ml,440,13.41,IPA
Tiny Rebel - Welcome to The Party Pal 44cl,5.9,Wales,3.63,Tiny Rebel Brewing Co,4.5,IPA - Milkshake,Can 440ml,440,13.41,IPA
Absolutely Electric,5.9,England,3.98,Sureshot Brewing,5.5,Pale Ale - New England / Hazy,Can 440ml,440,13.41,Pale Ale
The Baron,5.9,England,3.97,DMC Brewery,5.5,Hard Ginger Beer,Can 440ml,440,13.41,Hard Ginger Beer
Dark Horse X Rivington,5.9,England,3.82,Full Circle Brew Co,6.0,IPA - Other,Can 440ml,440,13.41,IPA
Chug Low Alcohol Hazy Pale Ale,5.9,England,3.44,Mash Gang,0.5,Non-Alcoholic - Pale Ale,Can 440ml,440,13.41,Non-Alcoholic
Black Mirror,5.9,England,4.03,Siren Craft Brew,5.7,Stout - Imperial / Double Pastry,Can 440ml,440,13.41,Stout
Tropical Mutant IPA Experimental Series IV,4.76,United States,3.71,Oskar Blues Brewery,7.0,IPA - Other,355ml,355,13.41,IPA
Gimme that boom,5.9,France,3.93,Prizm Brewing Co.,6.0,Sour - Smoothie / Pastry,Can 440ml,440,13.41,Sour
Summerstorm Backyard BBQ - IPL,5.9,Netherlands,3.52,Uiltje Brewing Company,5.5,Lager - IPL (India Pale Lager),Can 440ml,440,13.41,Lager
Death Crust,5.9,Denmark,3.77,Bad Seed Brewing,5.8,IPA - New England / Hazy,Can 440ml,440,13.41,IPA
Metal Health,5.9,Bulgaria,3.76,Metalhead,4.3,Sour - Other,Can 440ml,440,13.41,Sour
Space Joose (2024),5.9,Netherlands,3.8,Rock City Brewing,8.0,IPA - Imperial / Double Black,Can 440ml,440,13.41,IPA
Wallbanger,5.9,England,3.46,Pressure Drop Brewing,4.7,Wheat Beer - Witbier / Blanche,Can 440ml,440,13.41,Wheat Beer
Spinneret,5.9,England,3.71,Pressure Drop Brewing,4.6,Stout - English,Can 440ml,440,13.41,Stout
Tiny Violence,5.9,England,3.7,Indie Rabble,5.0,Stout - English,Can 440ml,440,13.41,Stout
Big Dog on the Bridge,5.9,Wales,3.94,Dog's Window Brewery,6.3,IPA - New England / Hazy,Can 440ml,440,13.41,IPA
Horizont Double Hazy Queen 2024,5.9,Hungary,3.83,HORIZONT Brewing,8.0,IPA - Imperial / Double New England / Hazy,Can 440ml,440,13.41,IPA
Sanut,5.9,Netherlands,3.3,Moersleutel Craft Brewery,9.5,Barleywine - Other,Can 440ml,440,13.41,Barleywine
Rattle,5.9,England,3.74,Drop Project,4.8,Pale Ale - Other,Can 440ml,440,13.41,Pale Ale
TDH Nelson x Monsaic IPA (BBF: 30-08-25),5.9,Latvia,4.02,Ārpus Brewing Co.,8.0,IPA - Imperial / Double New England / Hazy,Can 440ml,440,13.41,IPA
Single Hop Pale No.3,5.9,England,3.78,Howling Hops,4.8,Pale Ale - New Zealand,Can 440ml,440,13.41,Pale Ale
TDH Nelson x Strata IPA (BBF: 30-08-25),5.9,Latvia,4.02,Ārpus Brewing Co.,8.0,IPA - Imperial / Double New England / Hazy,Can 440ml,440,13.41,IPA
Festbier 2024,5.9,England,3.7,Verdant Brewing Co,5.5,Festbier,Can 440ml,440,13.41,Festbier
Avoid Mitzy And Lorna,5.9,England,3.69,Pomona Island Brew Co.,3.4,Pale Ale - New England / Hazy,Can 440ml,440,13.41,Pale Ale
Planet X,5.91,Spain,3.89,Gross,6.4,IPA - New England / Hazy,Can 440ml,440,13.43,IPA
Lichtenhainer,5.91,Belgium,3.77,Misery Beer Co.,4.5,Historical Beer - Lichtenhainer,Can 440ml,440,13.43,Historical Beer
Who's Afraid of Jeff Goldblum?,5.91,England,3.94,Sureshot Brewing,6.5,IPA - New England / Hazy,Can 440ml,440,13.43,IPA
Jimmy The Man,5.91,Spain,3.93,Gross,6.5,IPA - New England / Hazy,Can 440ml,440,13.43,IPA
Kriek,10.09,Belgium,3.93,Brouwerij De Ranke,7.0,Sour - Fruited,Bottle 750ml,750,13.45,Sour
Rosalinda,4.44,Belgium,3.2,Brasserie Atrium,7.0,Grape Ale - Other,330ml,330,13.45,Grape Ale
Bush Amber Caractere,10.1,Belgium,3.62,Brasserie Dubuisson,12.0,Belgian Strong Golden Ale,Bottle 750ml,750,13.47,Belgian Strong Golden Ale
Lux Interior,5.93,England,3.74,Sureshot Brewing,7.0,Stout - Other,Can 440ml,440,13.48,Stout
Auster Sweet Cider,4.45,Slovenia,3.53,Malner,4.8,Cider - Sweet,330ml,330,13.48,Cider
Orca Anders! Pink Boots Blend,4.45,Germany,3.96,orca brau,6.8,IPA - Other,330ml,330,13.48,IPA
AERoFAB Kochava,5.93,France,3.9,Aerofab,6.5,IPA - New England / Hazy,Can 440ml,440,13.48,IPA
Phi Rhubarb – Fruited Sour,4.45,Belgium,3.86,Brouwerij Alvinne,8.0,Sour - Fruited,330ml,330,13.48,Sour
Pastry Train White Lady,4.45,Netherlands,3.9,Brouwerij Kees,12.0,Stout - Imperial / Double Pastry,330ml,330,13.48,Stout
Sigma – Dark Sour,4.45,Belgium,3.74,Brouwerij Alvinne,8.0,Sour - Other,330ml,330,13.48,Sour
No Diggity 03 – New England IPA – Collab AEDDIX's,4.45,Austria,3.92,AEDDIX,6.5,IPA - New England / Hazy,330ml,330,13.48,IPA
?it´s a match” – Imperial Saison mit roter Beete und andaliman Pfeffer,4.45,Germany,3.65,orca brau,8.0,Farmhouse Ale - Saison,330ml,330,13.48,Farmhouse Ale
Spruce Willis – Fichten IPA,4.45,Austria,3.73,Bierol,6.5,IPA - Other,330ml,330,13.48,IPA
Wild West – Barrel Aged Kriek Cheery Rasperry,4.45,Belgium,3.91,Brouwerij Alvinne/ Stillwater Artisanal,6.0,Sour - Other,330ml,330,13.48,Sour
Yankee White IPA,4.45,Ireland,3.56,Rascals Brewing Co,5.0,IPA - White / Wheat,Can 330ml,330,13.48,IPA
Bora Medium Dry Cider,4.45,Slovenia,3.56,Malner,6.5,Cider - Dry,330ml,330,13.48,Cider
Pastry Train Schwarzwälder Kirsch,4.45,Netherlands,3.92,Brouwerij Kees,12.9,Stout - Imperial / Double Pastry,330ml,330,13.48,Stout
Offenbarung – Barley Wine mit Balsamico und Datteln,4.45,Germany,3.93,KUEHN KUNZ ROSEN,10.5,Barleywine - Other,330ml,330,13.48,Barleywine
Dernière Volonté Brett,4.6,Canada,3.85,Brasserie Dieu du Ciel!,7.0,IPA - Brett,Bottle 341ml,341,13.49,IPA
Beets,10.12,Spain,3.73,Cyclic Beer Farm,5.7,Farmhouse Ale - Saison,Bottle 750ml,750,13.49,Farmhouse Ale
Space Operator,5.94,Ireland,3.83,Whiplash,10.0,IPA - New England / Hazy,Can 440ml,440,13.5,IPA
Ello Dorado,5.94,Denmark,3.84,Alefarm Brewing,6.5,IPA - American,Can 440ml,440,13.5,IPA
"Gelato Pink Guava, Passion Fruit & Peach",6.75,Poland,4.03,Funky Fluid,5.6,Sour - Smoothie / Pastry,Can 500ml,500,13.5,Sour
I Love The Smell Of Superdelic In The Morning,6.75,Czech Republic,4.03,Sibeeria,6.3,IPA - New England / Hazy,500ml,500,13.5,IPA
FEAT. Pinta Hello Hazy,6.75,Poland,3.93,Funky Fluid,8.0,IPA - Imperial / Double New England / Hazy,500ml,500,13.5,IPA
Stars Awake,5.94,Denmark,3.82,Alefarm Brewing,6.5,IPA - New England / Hazy,Can 440ml,440,13.5,IPA
IPA,6.39,United States,3.93,Breakside Brewery,6.8,IPA - American,473ml,473,13.51,IPA
Walhalla Holy Hops Green (Riwaka Sabro Columbus),5.95,Netherlands,3.43,Walhalla Brouwerij & Proeflokaal,6.3,Sour - Fruited,Can 440ml,440,13.52,Sour
MMXXIV,5.95,Denmark,3.79,Alefarm Brewing,8.2,IPA - Imperial / Double,Can 440ml,440,13.52,IPA
Bootie Cooler West Coast IPA – Collab Bevog,5.95,Germany,3.9,FrauGruber Brewing,7.2,IPA - Other,Can 440ml,440,13.52,IPA
Walhalla NINKASI,5.95,Netherlands,3.78,Walhalla Brouwerij & Proeflokaal,6.8,IPA - Other,Can 440ml,440,13.52,IPA
De Moersleutel 8 Year Anniversary Serie: Earth,5.95,Netherlands,3.84,Moersleutel Craft Brewery,8.0,IPA - Imperial / Double New England / Hazy,Can 440ml,440,13.52,IPA
Arpus TDH Ella X Enigma IPA,5.95,Latvia,3.85,Ārpus Brewing Co.,6.5,IPA - New England / Hazy,Can 440ml,440,13.52,IPA
Arpus ARPUS - TDH TALUS X CASCADE IPA,5.95,Latvia,3.91,Ārpus Brewing Co.,6.5,IPA - New England / Hazy,Can 440ml,440,13.52,IPA
Doppelgänger,5.95,England,3.84,Vocation Brewery,6.7,IPA - American,Can 440ml,440,13.52,IPA
"Anyone, Anything",5.95,Netherlands,3.61,Brouwerij Poesiat & Kater,5.1,Sour - Fruited Gose,Can 440ml,440,13.52,Sour
Spruce It Up,5.95,England,3.95,Vocation Brewery,7.4,Stout - Other,Can 440ml,440,13.52,Stout
Compelling Argument – Fruited Berliner Weisse,5.95,Spain,3.79,Garage Beer Co.,7.5,Sour - Fruited Berliner Weisse,Can 440ml,440,13.52,Sour
Moersleutel Fruit Blizzard,5.95,Netherlands,3.77,Moersleutel Craft Brewery,5.5,IPA - Imperial / Double New England / Hazy,Can 440ml,440,13.52,IPA
Arpus TDH Hops X Art #24 IPA,5.95,Latvia,3.89,Ārpus Brewing Co.,6.5,IPA - New England / Hazy,Can 440ml,440,13.52,IPA
Arpus TDH Motueka X Peacharine IPA,5.95,Latvia,3.88,Ārpus Brewing Co.,6.5,IPA - New England / Hazy,Can 440ml,440,13.52,IPA
The King (Golden Ale Ukrainian),5.95,Ukraine,3.49,Дідько Brewery,10.0,Golden Ale - Ukrainian,Can 440ml,440,13.52,Golden Ale
Artic Mosaic,4.46,France,3.8,Le Père l'amer,4.0,IPA - Session,330ml,330,13.52,IPA
Cherry x Peach x Vanilla Smoothie Sour Ale,5.95,Latvia,4.16,Ārpus Brewing Co.,4.5,Sour - Smoothie / Pastry,Can 440ml,440,13.52,Sour
Talking Bombs – Triple India Pale Ale,5.95,Germany,3.76,FrauGruber Brewing,9.6,IPA - Triple New England / Hazy,Can 440ml,440,13.52,IPA
The Beast,5.95,Spain,3.9,Cierzo Brewing Co.,7.6,IPA - Imperial / Double New England / Hazy,Can 440ml,440,13.52,IPA
Memento Mori,5.95,Brazil,4.09,Spartacus Brewing,8.5,IPA - Imperial / Double New England / Hazy,Can 440ml,440,13.52,IPA
Sudden Death´s Grindhouse (2024),5.95,Germany,3.97,Sudden Death Brewing Co.,7.0,IPA - American,Can 440ml,440,13.52,IPA
I've Got Friends In The Music Business Batch #4,4.46,Netherlands,4.2,Brouwerij Frontaal,14.0,Stout - Imperial / Double Oatmeal,330ml,330,13.52,Stout
SNAKES ON A CRANE,5.95,Sweden,3.92,Fermenterarna,8.0,IPA - Imperial / Double New England / Hazy,Can 440ml,440,13.52,IPA
FURY ALONG THE PASS,5.95,Germany,3.79,Sudden Death Brewing Co.,6.3,IPA - Cold,Can 440ml,440,13.52,IPA
Wally's Hazy Hideout,5.95,Netherlands,3.73,Rock City Brewing,6.5,IPA - New England / Hazy,Can 440ml,440,13.52,IPA
Mellow Moods,5.95,Norway,3.58,Amundsen Brewery,6.0,IPA - Fruited,Can 440ml,440,13.52,IPA
Dear Stardust – IPA,5.95,Germany,3.75,FrauGruber Brewing,6.8,IPA - New England / Hazy,Can 440ml,440,13.52,IPA
Super Soaker – Triple IPA,5.95,Germany,3.93,FrauGruber Brewing,9.9,IPA - Triple New England / Hazy,Can 440ml,440,13.52,IPA
Cloud Atlas – Triple IPA,5.95,Germany,3.82,FrauGruber Brewing,10.5,IPA - Triple New England / Hazy,Can 440ml,440,13.52,IPA
De Moersleutel CYCT Flexure,5.95,Netherlands,3.91,Moersleutel Craft Brewery,8.5,IPA - Imperial / Double New England / Hazy,Can 440ml,440,13.52,IPA
Walhalla Ninkasi,5.95,Netherlands,3.43,Walhalla Brouwerij & Proeflokaal,6.8,Sour - Fruited,Can 440ml,440,13.52,Sour
Poesiat & Kater / RCO Brass Brasserie Royale,5.95,Netherlands,3.82,Brouwerij Poesiat & Kater,6.5,IPA - American,Can 440ml,440,13.52,IPA
Six One Nine,5.95,Germany,3.91,Sudden Death Brewing Co.,5.1,Sour - Fruited,Can 440ml,440,13.52,Sour
MELLANMÅS,5.95,Sweden,3.82,Stigbergets Bryggeri,5.0,IPA - New England / Hazy,Can 440ml,440,13.52,IPA
TDH Nelson X Vic Secret IPA,5.95,Latvia,3.92,Ārpus Brewing Co.,6.5,IPA - American,Can 440ml,440,13.52,IPA
Second Date Light Green,5.95,Netherlands,3.89,Rock City Brewing,8.0,IPA - Imperial / Double,Can 440ml,440,13.52,IPA
Walhalla Holy Hops Red (Nelson-Sauvin Barbe-Rouge HBC-630),5.95,Netherlands,3.43,Walhalla Brouwerij & Proeflokaal,6.3,Sour - Fruited,Can 440ml,440,13.52,Sour
Dino-Boost,5.95,Denmark,3.6,Dry & Bitter Brewing Company,6.3,IPA - New England / Hazy,Can 440ml,440,13.52,IPA
Sugar ‘n Spice (Pumpkin Yam Beer),5.95,Scotland,4.07,Vault City Brewing,5.5,Pumpkin / Yam Beer,Can 440ml,440,13.52,Pumpkin / Yam Beer
Cosmic Democracy,5.95,England,4.05,Azvex Brewing Company,7.5,IPA - New England / Hazy,Can 440ml,440,13.52,IPA
De Moersleutel CYCT Rotation,5.95,Netherlands,3.83,Moersleutel Craft Brewery,6.5,IPA - New England / Hazy,Can 440ml,440,13.52,IPA
Arpus TDH Hops X Art #25 IPA,5.95,Latvia,4.06,Ārpus Brewing Co.,6.5,IPA - New England / Hazy,Can 440ml,440,13.52,IPA
Fancy Pants – Fruited Sour,5.95,Germany,3.74,FrauGruber Brewing,6.1,Sour - Fruited,Can 440ml,440,13.52,Sour
SHELLICIOUS,5.95,France,3.98,La Superbe,6.2,IPA - New England / Hazy,Can 440ml,440,13.52,IPA
Beerserker,5.95,Greece,4.06,Seven Island Brewery,8.0,IPA - Imperial / Double New England / Hazy,Can 440ml,440,13.52,IPA
Mucho Mucho Mosaic,5.95,Spain,4.0,Basqueland Brewing,8.5,IPA - Imperial / Double New England / Hazy,Can 440ml,440,13.52,IPA
FRESH HARVEST MOSAIC,5.95,Sweden,4.0,Fermenterarna,8.0,IPA - Imperial / Double New England / Hazy,Can 440ml,440,13.52,IPA
Rock City / Magic Rock Stonecold IPA,5.95,Netherlands,3.67,Rock City Brewing,7.0,IPA - Cold,Can 440ml,440,13.52,IPA
ABSTRACT #9 / DDH IPA,5.95,Latvia,3.9,Hopalaa,6.5,IPA - New England / Hazy,Can 440ml,440,13.52,IPA
Extra Fresh,5.95,Netherlands,3.7,Rock City Brewing,3.5,IPA - Other,Can 440ml,440,13.52,IPA
NELSON & NELSON,5.95,Latvia,3.88,Hopalaa,6.7,IPA - New England / Hazy,Can 440ml,440,13.52,IPA
Fuerst Wiacek Solitary Sock,5.95,Germany,3.93,FUERST WIACEK,6.2,IPA - New England / Hazy,Can 440ml,440,13.52,IPA
Super S,5.95,Germany,4.0,Sudden Death Brewing Co.,6.3,IPA - New England / Hazy,Can 440ml,440,13.52,IPA
Pohjala Heli,4.46,Estonia,3.3,Põhjala,8.0,Sour - Fruited Gose,Can 330ml,330,13.52,Sour
Piquette Ultra,4.8,Canada,3.89,Revel Cider Company,4.9,Cider - Other Fruit,355ml,355,13.52,Cider
Daisy,5.95,Netherlands,3.6,Rock City Brewing,6.5,Lager - IPL (India Pale Lager),Can 440ml,440,13.52,Lager
FRESH HARVEST: RIWAKA,5.95,Sweden,4.03,Fermenterarna,8.0,IPA - Imperial / Double New England / Hazy,Can 440ml,440,13.52,IPA
De Moersleutel CYCT Vibration,5.95,Netherlands,3.73,Moersleutel Craft Brewery,6.5,IPA - New England / Hazy,Can 440ml,440,13.52,IPA
She's A Rainbow,5.95,Spain,3.99,Little Rain Brewing Company,8.5,IPA - Imperial / Double New England / Hazy,Can 440ml,440,13.52,IPA
Firestone Walker - Mind Haze,4.8,United States,3.76,Firestone Walker Brewing Company,6.2,IPA - New England / Hazy,355ml,355,13.52,IPA
Kees / Les Intenables Hop Thing,5.95,Netherlands,3.7,Brouwerij Kees,7.0,IPA - Other,Can 440ml,440,13.52,IPA
Acid Traxx – Red Honey Doppelbock,5.95,Germany,4.1,Schwarze Rose,8.0,Honig Doppelbock,Can 440ml,440,13.52,Honig Doppelbock
Sipping Sunny – Session IPA,5.95,Germany,3.79,FUERST WIACEK,4.7,IPA - Session,Can 440ml,440,13.52,IPA
Belching Beaver - Me So Honey Blonde,4.8,United States,3.52,Belching Beaver Brewery,5.5,Blonde / Golden Ale - Other,355ml,355,13.52,Blonde / Golden Ale
Aspiring Beam Of Light,5.95,Germany,3.94,Sudden Death Brewing Co.,5.0,Sour - Fruited,Can 440ml,440,13.52,Sour
Sylvan Folly,5.95,Germany,4.0,Sudden Death Brewing Co.,7.7,IPA - Imperial / Double New England / Hazy,Can 440ml,440,13.52,IPA
Aphrodite,6.4,Canada,3.96,Brasserie Dieu du Ciel!,6.5,Stout - American,473ml,473,13.53,Stout
Joint Effort,5.96,Romania,3.87,Bereta Brewing Co.,6.2,IPA - New England / Hazy,Can 440ml,440,13.55,IPA
Good Behaviour,5.96,Romania,3.82,Bereta Brewing Co.,6.4,IPA - New England / Hazy,Can 440ml,440,13.55,IPA
Severe Tilt,5.96,Romania,3.96,Bereta Brewing Co.,6.0,IPA - New England / Hazy,Can 440ml,440,13.55,IPA
Mano Negra Peated Whisky Barrel Aged,4.47,Belgium,3.74,Brouwerij Alvinne,10.0,Stout - Imperial / Double,330ml,330,13.55,Stout
Pannepot Vintage Ale 2022,4.47,Belgium,3.97,De Struise Brouwers,10.0,Belgian Strong Dark Ale,330ml,330,13.55,Belgian Strong Dark Ale
Vanilla Fudge,6.79,Poland,3.58,Magic Road,11.5,Stout - Imperial / Double Pastry,500ml,500,13.58,Stout
Gelato: Kompot,6.79,Poland,3.78,Funky Fluid,5.5,Sour - Smoothie / Pastry,500ml,500,13.58,Sour
Gelato XTREME Blueberry Raspberry Banana Smores,6.8,Poland,4.12,Funky Fluid,8.0,Sour - Smoothie / Pastry,Can 500ml,500,13.6,Sour
Struck Me Down,6.8,England,3.53,Rivington Brewing Co,4.6,Farmhouse Ale - Other,Can 500ml,500,13.6,Farmhouse Ale
Cold IPA,6.8,Poland,3.55,Magic Road,5.5,IPA - Cold,500ml,500,13.6,IPA
Schneider Weisse Tap 6 Unser Aventinus,6.8,Germany,3.81,Schneider Weisse G. Schneider & Sohn,8.2,Bock - Weizendoppelbock,Bottle 500ml,500,13.6,Bock
Evergreen,6.8,Scotland,3.66,Donzoko Brewing Company,5.5,Pale Ale - American,Can 500ml,500,13.6,Pale Ale
Steady Rolling Man,6.8,England,3.94,DEYA Brewing Company,5.2,Pale Ale - New England / Hazy,500ml,500,13.6,Pale Ale
Gelato XTREME Jungle Juice Slushy XXL,6.8,Poland,4.03,Funky Fluid,8.0,Sour - Smoothie / Pastry,Can 500ml,500,13.6,Sour
Stu Mostow Pale Ale,6.8,Poland,3.63,Browar Stu Mostów,5.1,Pale Ale - American,500ml,500,13.6,Pale Ale
Stu Mostow Strawberry Berliner Weisse,6.8,Germany,3.61,BRLO/ Browar Stu Mostów,3.4,Sour - Fruited Berliner Weisse,500ml,500,13.6,Sour
Framboise,5.1,Belgium,3.56,Oud Beersel,5.0,Lambic - Framboise,Bottle 375ml,375,13.6,Lambic
CASHMERE,5.99,Latvia,3.91,Hopalaa,6.6,IPA - New England / Hazy,Can 440ml,440,13.61,IPA
Un Buen Dia,5.99,Spain,3.99,Little Rain Brewing Company,7.3,IPA - New England / Hazy,Can 440ml,440,13.61,IPA
Uno Pils,5.99,Denmark,3.48,Bad Seed Brewing,4.5,Pilsner - Italian,Can 440ml,440,13.61,Pilsner
Stu Mostow X Kompaan X Morpheus,4.49,Belgium,3.84,Brouwerij Alvinne,5.0,Sour - Other,330ml,330,13.61,Sour
Triple Drop,4.49,Estonia,3.99,Pühaste Brewery,11.0,IPA - Triple New England / Hazy,330ml,330,13.61,IPA
Pilgrim Pale Ale,4.49,Norway,3.33,Kinn Bryggeri,4.5,Gluten-Free,330ml,330,13.61,Gluten-Free
King of Gloom (2024),5.99,England,4.1,Pentrich Brewing Co.,8.0,IPA - Imperial / Double,Can 440ml,440,13.61,IPA
Breeze,5.99,Spain,4.07,SOMA Beer,6.5,IPA - New England / Hazy,Can 440ml,440,13.61,IPA
Hazy Connection,5.99,France,4.08,Les Intenables - Craft Beer -,8.0,IPA - Imperial / Double New England / Hazy,Can 440ml,440,13.61,IPA
Vampire Dentures,5.99,Germany,4.03,Sudden Death Brewing Co.,7.1,IPA - New England / Hazy,Can 440ml,440,13.61,IPA
West Berlin Westcoast IPA,5.99,Germany,3.73,Unverhopft,7.2,IPA - American,Can 440ml,440,13.61,IPA
Sleigher,5.99,Denmark,3.37,Bad Seed Brewing,5.5,Brown Ale - English,Can 440ml,440,13.61,Brown Ale
Lübecker Kellerpils (Wet Hop Pilsener),5.99,Germany,3.8,Sudden Death Brewing Co.,4.8,Pilsner - German,Can 440ml,440,13.61,Pilsner
Christmas on Fire 2024,5.99,Norway,3.83,Salikatt Bryggeri,7.0,IPA - Other,Can 440ml,440,13.61,IPA
Fuerst Wiacek Roadie Juicy Pale Ale,5.99,Germany,3.92,FUERST WIACEK,5.5,Pale Ale - New England / Hazy,Can 440ml,440,13.61,Pale Ale
Cierzo Citra American IPA,5.99,Poland,3.13,Pol A Czech,4.8,Wheat Beer - American Pale Wheat,Can 440ml,440,13.61,Wheat Beer
TDH Hops x Art #24 (bbf: 30-09-25),5.99,Latvia,3.89,Ārpus Brewing Co.,6.5,IPA - New England / Hazy,Can 440ml,440,13.61,IPA
Dear Stardust,5.99,Germany,3.75,FrauGruber Brewing,6.8,IPA - New England / Hazy,Can 440ml,440,13.61,IPA
HORDE // HAZY IPA,5.99,England,3.8,Northern Monk,7.0,IPA - New England / Hazy,Can 440ml,440,13.61,IPA
Jolie Very Cherry Fruit Beer,4.49,Netherlands,3.75,Lighttown Brewers,9.8,Wheat Beer - Other,330ml,330,13.61,Wheat Beer
Heeren Van Eynthoven Tripel,4.49,Netherlands,3.82,100 Watt Brewery,9.0,Belgian Tripel,330ml,330,13.61,Belgian Tripel
Fuerst Wiacek Action Directe West Coast IPA,5.99,Germany,3.81,FUERST WIACEK,7.2,IPA - American,Can 440ml,440,13.61,IPA
Julebryg 2024 Scottish Ale,5.99,Denmark,3.33,Amager Bryghus,6.0,Scottish Export Ale,Can 440ml,440,13.61,Scottish Export Ale
Lübecker Kellerpils Fresh Hop,5.99,Germany,3.8,Sudden Death Brewing Co.,4.8,Pilsner - German,Can 440ml,440,13.61,Pilsner
"The Garden Brewery/Morenos Florida Weisse Kiwi, Papaya & Lemon",5.99,Croatia,3.5,The Garden Brewery,5.8,Sour - Berliner Weisse,Can 440ml,440,13.61,Sour
Hammer Club,5.99,France,3.9,La Superbe,7.0,IPA - American,Can 440ml,440,13.61,IPA
Juicebag NEIPA,5.99,Romania,3.82,Bereta Brewing Co.,6.0,IPA - New England / Hazy,Can 440ml,440,13.61,IPA
Ai Pi Iei West Coast IPA,5.99,Romania,3.67,Bereta Brewing Co.,6.3,IPA - American,Can 440ml,440,13.61,IPA
Royale,4.49,Netherlands,3.94,ROTT. Brouwers,11.2,Barleywine - Other,330ml,330,13.61,Barleywine
Mr. B. New England IPA,5.99,Germany,3.75,Buddelship Brauerei,6.7,IPA - New England / Hazy,Can 440ml,440,13.61,IPA
MANILITA,5.99,Latvia,3.92,Hopalaa,7.0,IPA - New England / Hazy,Can 440ml,440,13.61,IPA
BIA,5.99,Romania,3.93,ULTIMA,10.2,Stout - Imperial / Double,Can 440ml,440,13.61,Stout
GORGONIAS,5.99,Spain,3.97,Garage Beer Co.,7.0,IPA - New England / Hazy,Can 440ml,440,13.61,IPA
BLUE LIFE,5.99,Spain,3.86,Garage Beer Co.,6.5,IPA - New England / Hazy,Can 440ml,440,13.61,IPA
Nitro Milk Truck,5.99,United States,4.02,Mother Earth Brewing Company,5.8,Stout - Milk / Sweet,Can 440ml,440,13.61,Stout
House of the Dragon: Black Council,4.49,Hungary,3.68,Mad Scientist,7.0,Stout - Other,330ml,330,13.61,Stout
PLANET HBC 1019,5.99,Latvia,4.09,Hopalaa,6.7,IPA - New England / Hazy,Can 440ml,440,13.61,IPA
Memories,5.99,Spain,3.93,Little Rain Brewing Company,7.4,IPA - New England / Hazy,Can 440ml,440,13.61,IPA
It Takes Two,5.99,Netherlands,4.07,Moersleutel Craft Brewery,12.0,Stout - Imperial / Double,Can 440ml,440,13.61,Stout
1818 Quadruppel,4.49,Netherlands,3.82,Brouwerij Maallust,10.0,Belgian Quadrupel,330ml,330,13.61,Belgian Quadrupel
Zwet VINTAGE 2015,4.49,Belgium,3.69,Brouwerij 3 Fonteinen,7.0,Stout - Belgian,330ml,330,13.61,Stout
De La Senne Zinnebir X-MAS 2015 - VINTAGE 2015,4.49,Belgium,3.5,Brasserie de la Senne,7.8,Winter Ale,330ml,330,13.61,Winter Ale
Stereo Mono: Mosaic,5.99,Denmark,3.78,To Øl,6.8,IPA - New England / Hazy,Can 440ml,440,13.61,IPA
Marsmallow Wave,4.49,Norway,3.91,Bådin,10.0,Stout - Imperial / Double Pastry,330ml,330,13.61,Stout
Orbiting Treasure,5.99,England,3.97,Azvex Brewing Company,5.8,Stout - American,Can 440ml,440,13.61,Stout
Bulldog IPA,4.49,Netherlands,3.6,Brouwerij Frontaal,6.0,IPA - American,330ml,330,13.61,IPA
Komodo,5.99,Spain,3.92,Basqueland Brewing,8.0,IPA - Imperial / Double New England / Hazy,Can 440ml,440,13.61,IPA
ROTT.brûlée,4.49,Netherlands,4.05,ROTT. Brouwers,10.5,Stout - Imperial / Double Pastry,330ml,330,13.61,Stout
House of Pale,4.49,Denmark,3.63,To Øl,5.5,Pale Ale - New England / Hazy,330ml,330,13.61,Pale Ale
Chasing the Red,5.99,Brazil,4.12,Spartacus Brewing,7.0,IPA - New England / Hazy,Can 440ml,440,13.61,IPA
All Shades of Ferocity,5.99,Brazil,4.08,Spartacus Brewing,9.2,IPA - Triple New England / Hazy,Can 440ml,440,13.61,IPA
Juicebox,5.99,Netherlands,3.88,White Dog Brewery,5.4,IPA - New England / Hazy,Can 440ml,440,13.61,IPA
Kinn Munken Belgium Blonde,4.49,United States,3.57,McMenamins,8.0,IPA - Imperial / Double,330ml,330,13.61,IPA
Fresh Hop IPA,4.49,Netherlands,3.65,Two Chefs Brewing,6.7,IPA - American,330ml,330,13.61,IPA
Life's A Mosaic IPA (New Batch),5.99,Germany,3.91,Liquid Story Brewing Co.,6.2,IPA - American,Can 440ml,440,13.61,IPA
Humleriket IPA,4.49,Norway,3.43,Kinn Bryggeri,4.5,IPA - Session,330ml,330,13.61,IPA
Lightning Struck Itself,5.99,England,4.08,Verdant Brewing Co,6.5,IPA - New England / Hazy,Can 440ml,440,13.61,IPA
Roadie (2024),5.99,Germany,4.01,FUERST WIACEK,5.5,Pale Ale - New England / Hazy,Can 440ml,440,13.61,Pale Ale
Bockski,4.49,Netherlands,3.4,Muifelbrouwerij,10.6,Bock - Doppelbock,330ml,330,13.61,Bock
Bobek Citra Pale Ale,4.49,Sweden,3.62,Beerbliotek,5.5,Pale Ale - American,330ml,330,13.61,Pale Ale
Simula,5.99,Spain,3.98,Gross,6.5,IPA - New England / Hazy,Can 440ml,440,13.61,IPA
Kiwipa,5.99,Spain,3.95,Gross,6.0,IPA - New Zealand,Can 440ml,440,13.61,IPA
Tama Imperial Salted Caramel & Chocolate Biscuit Stout,5.99,Croatia,3.94,The Garden Brewery,8.1,Stout - Imperial / Double Pastry,Can 440ml,440,13.61,Stout
TDH Rakau x Galaxy DIPA,5.99,Latvia,3.93,Ārpus Brewing Co.,8.0,IPA - Imperial / Double New England / Hazy,Can 440ml,440,13.61,IPA
Virmalised,4.49,Estonia,3.67,Põhjala,6.5,IPA - American,Can 330ml,330,13.61,IPA
Can't Catch Me,5.99,England,3.57,Vocation Brewery,8.4,Stout - Other,Can 440ml,440,13.61,Stout
"Valovi: Florida Weisse Pink Guava, Strawberry & Lime",5.99,Croatia,3.71,The Garden Brewery,6.9,Sour - Fruited Berliner Weisse,Can 440ml,440,13.61,Sour
Zuster Agatha Houtgerijpt 2024,4.49,Netherlands,3.93,Muifelbrouwerij,11.5,Belgian Quadrupel,330ml,330,13.61,Belgian Quadrupel
The Garden Brewery/Rascals Rosehip & Orange Sour,5.99,Croatia,3.59,The Garden Brewery,5.4,Sour - Fruited,Can 440ml,440,13.61,Sour
Father & Son Series – Télégonos,5.99,France,4.07,Mogwaï Beer Company,8.3,IPA - Imperial / Double,Can 440ml,440,13.61,IPA
Father & Son Series – Ulysse,5.99,France,3.97,Mogwaï Beer Company,8.3,IPA - Imperial / Double,Can 440ml,440,13.61,IPA
Sudden Death x Frontaal The Mighty Nineties Rave Machine West Coast IPA,5.99,Germany,3.93,Sudden Death Brewing Co.,7.2,IPA - American,Can 440ml,440,13.61,IPA
TDH Motueka X Riwaka X Galaxy DIPA,5.99,Latvia,3.84,Ārpus Brewing Co.,8.0,IPA - New England / Hazy,Can 440ml,440,13.61,IPA
Raspcherry Beret,4.49,Norway,3.7,Bådin,5.5,Sour - Fruited,330ml,330,13.61,Sour
Never Eat Another Man's Applause,5.99,England,4.07,Verdant Brewing Co,6.5,IPA - New England / Hazy,Can 440ml,440,13.61,IPA
World in a World,5.99,Netherlands,3.98,Folkingebrew,7.0,IPA - Sour,Can 440ml,440,13.61,IPA
PATRONS PROJECT 46.01 // DAN MUMFORD // LIVERPOOL // AZVEX BREWING // DDH IPA,5.99,England,3.81,Northern Monk,7.0,IPA - New England / Hazy,Can 440ml,440,13.61,IPA
Even Sharks Need Water,5.99,England,4.08,Verdant Brewing Co,6.5,IPA - New England / Hazy,Can 440ml,440,13.61,IPA
Blakstoc Wild Tree Hoppy Cider,4.49,Austria,3.59,BlakStoc,4.5,Cider - Herbed / Spiced / Hopped,330ml,330,13.61,Cider
Prenzlauer 0 Raspberry Sour,4.49,Estonia,3.17,Põhjala,0.5,Non-Alcoholic - Sour,330ml,330,13.61,Non-Alcoholic
Noah - Poet of Pale Ale,5.99,Romania,3.91,Ignat Brewery (Bere Noah),5.5,Pale Ale - American,Can 440ml,440,13.61,Pale Ale
Simkölsch,5.99,France,3.81,Brasserie Cambier,5.0,Kölsch,Can 440ml,440,13.61,Kölsch
"Love, Lies And Bubbles",5.99,Romania,4.0,Ignat Brewery (Bere Noah),4.8,IPA - Session,Can 440ml,440,13.61,IPA
VandeStreek/La Pirata & Dois Corvos Mosaic Mango Sour,4.49,Netherlands,3.71,vandeStreek bier,6.5,Sour - Fruited,330ml,330,13.61,Sour
Factotum,5.99,England,3.69,Pomona Island Brew Co.,4.0,Pale Ale - American,Can 440ml,440,13.61,Pale Ale
CYCT - Pressure,5.99,Netherlands,3.82,Moersleutel Craft Brewery,7.0,IPA - New England / Hazy,Can 440ml,440,13.61,IPA
Pontianak,5.99,England,3.83,Tartarus Beers,8.4,Stout - Imperial / Double Milk,Can 440ml,440,13.61,Stout
Landkjenning Stout,4.49,Norway,3.31,Kinn Bryggeri,4.5,Stout - English,330ml,330,13.61,Stout
Bling Bling Barley Wine '23,4.49,Netherlands,3.58,Maximus Brouwerij,10.0,Barleywine - American,330ml,330,13.61,Barleywine
Progressive Dialogue,5.99,Finland,3.98,Factory Brewing,8.5,IPA - Imperial / Double,Can 440ml,440,13.61,IPA
Harvester of Sorrow (2024),5.99,Germany,3.99,Sudden Death Brewing Co.,8.0,IPA - Imperial / Double,Can 440ml,440,13.61,IPA
TDH Waimea x Riwaka DIPA,5.99,Latvia,3.96,Ārpus Brewing Co.,8.0,IPA - Imperial / Double New England / Hazy,Can 440ml,440,13.61,IPA
Brewing Co. X Ten Men Raspberry X Blueberry X Red Currant X Black Currant X Vanilla Smoothie Sour,5.99,Latvia,4.24,Ārpus Brewing Co.,4.5,Sour - Smoothie / Pastry,Can 440ml,440,13.61,Sour
Radioactive Worms,5.99,England,3.91,Azvex Brewing Company,5.2,IPA - New England / Hazy,Can 440ml,440,13.61,IPA
High Desert,4.49,Sweden,3.62,Omnipollo,6.0,IPA - American,330ml,330,13.61,IPA
Sugar ‘n Spice (Maple Pecan Pumpkin Pie Sour),5.99,Scotland,4.07,Vault City Brewing,5.5,Pumpkin / Yam Beer,Can 440ml,440,13.61,Pumpkin / Yam Beer
"Hazy Double IPA (Eclipse, Vic Secret & Sabro)",5.99,Croatia,3.81,The Garden Brewery,7.1,IPA - Imperial / Double New England / Hazy,Can 440ml,440,13.61,IPA
Hot Irmi Berliner Weisse mit Ingwer und Habaneros,4.49,Germany,3.54,Schneeeule,3.0,Chilli / Chile Beer,330ml,330,13.61,Chilli / Chile Beer
Bad Moon Rising,5.99,Spain,4.04,Little Rain Brewing Company,6.5,IPA - New England / Hazy,Can 440ml,440,13.61,IPA
Cuvée John & Marjon,4.49,Belgium,3.85,Brouwerij Alvinne,7.5,Farmhouse Ale - Saison,330ml,330,13.61,Farmhouse Ale
Anniversator 23 Dunkler Doppelbock,4.49,Germany,3.56,Munich Brew Mafia,8.0,Bock - Doppelbock,330ml,330,13.61,Bock
Mojito Cocktail Sour,5.99,England,3.4,Vocation Brewery,4.5,Sour - Other,Can 440ml,440,13.61,Sour
Stu Mostow X Morpheus Pruim (Plum),4.49,Belgium,3.84,Brouwerij Alvinne,5.5,Sour - Other,330ml,330,13.61,Sour
Lush,5.99,Finland,4.09,Revenant Brewing Project,7.5,IPA - New England / Hazy,Can 440ml,440,13.61,IPA
Planned Obsolescence,5.99,England,3.98,Azvex Brewing Company,5.4,IPA - American,Can 440ml,440,13.61,IPA
Crochet Spider,5.99,England,3.86,Azvex Brewing Company,5.5,IPA - New England / Hazy,Can 440ml,440,13.61,IPA
HAMMER CLUB,5.99,France,3.9,La Superbe,7.0,IPA - American,Can 440ml,440,13.61,IPA
Block Universe,5.99,England,3.96,Azvex Brewing Company,6.2,IPA - New England / Hazy,Can 440ml,440,13.61,IPA
Sublimo,5.99,Sweden,3.76,Stigbergets Bryggeri,5.5,Pale Ale - American,Can 440ml,440,13.61,Pale Ale
Christmas On Fire 2024,5.99,Norway,3.83,Salikatt Bryggeri,7.0,IPA - Other,Can 440ml,440,13.61,IPA
Vortex,5.99,Germany,3.82,Sudden Death Brewing Co.,4.5,Schwarzbier,Can 440ml,440,13.61,Schwarzbier
Silent Night,5.99,England,3.71,Vocation Brewery,10.0,Stout - Imperial / Double Pastry,Can 440ml,440,13.61,Stout
Claude,4.49,Belgium,3.8,Brasserie Zythologist,8.5,Stout - Oatmeal,Can 330ml,330,13.61,Stout
LLANGREU CALLING,5.99,Spain,3.97,Caleya,7.6,IPA - Imperial / Double,Can 440ml,440,13.61,IPA
Kennedy,4.49,Germany,3.55,Schneeeule,3.0,Sour - Berliner Weisse,330ml,330,13.61,Sour
Bibo,5.99,United States,3.58,Creature Comforts Brewing Company,4.9,Pilsner - Other,Can 440ml,440,13.61,Pilsner
Jungle Factory,5.99,Norway,4.11,Salikatt Bryggeri,8.0,IPA - Imperial / Double New England / Hazy,Can 440ml,440,13.61,IPA
"Dolina Imperial Blueberry, Lemon & Vanilla Sour",5.99,Croatia,3.67,The Garden Brewery,7.1,Sour - Fruited,Can 440ml,440,13.61,Sour
Astral Door,5.99,Belgium,3.79,Norm Brewing,8.0,IPA - Imperial / Double New England / Hazy,Can 440ml,440,13.61,IPA
Wereshark,5.99,England,3.95,Azvex Brewing Company,6.8,IPA - New England / Hazy,Can 440ml,440,13.61,IPA
Surrealiste Dance Rave Dance,4.49,Belgium,3.55,Brasserie Surréaliste,4.2,IPA - Session,Can 330ml,330,13.61,IPA
Fuerst Wiacek Whistles American IPA,5.99,Germany,3.84,FUERST WIACEK,6.8,IPA - American,Can 440ml,440,13.61,IPA
Atelier Vrai Tell Your Mum I am In Town,5.99,Germany,3.83,Atelier der Braukünste,5.1,IPA - Session,Can 440ml,440,13.61,IPA
Clear Craze,5.99,England,3.73,Azvex Brewing Company,5.6,IPA - American,Can 440ml,440,13.61,IPA
Could You Calculate the Modulus,5.99,Netherlands,3.91,Moersleutel Craft Brewery,8.0,IPA - Imperial / Double New England / Hazy,Can 440ml,440,13.61,IPA
Surrealiste Dream in Simcoe,5.99,Belgium,3.77,Brasserie Surréaliste,6.5,IPA - American,Can 440ml,440,13.61,IPA
Bahia Guava Gose,4.49,Italy,3.54,Mister B Brewery,4.4,Sour - Fruited Gose,330ml,330,13.61,Sour
Solar Mist,5.99,England,3.97,Neon Raptor Brewing Co.,6.5,IPA - New England / Hazy,Can 440ml,440,13.61,IPA
150 Forte Blond,4.49,Belgium,3.75,Bières de Chimay,10.0,Belgian Strong Golden Ale,330ml,330,13.61,Belgian Strong Golden Ale
Liquid Sunshine,5.99,Netherlands,3.59,Rock City Brewing,5.5,Pale Ale - American,Can 440ml,440,13.61,Pale Ale
Gamma / Polly's Lean In,5.99,Denmark,3.75,Gamma Brewing Company,8.5,IPA - Fruited,Can 440ml,440,13.61,IPA
Coconut Concrete Jungle Juice,5.99,Scotland,3.82,Vault City Brewing,6.6,Sour - Fruited,Can 440ml,440,13.61,Sour
Boomstick Blonde,5.99,United States,3.72,Last Man On Earth Brewing,5.5,Blonde / Golden Ale - Other,Can 440ml,440,13.61,Blonde / Golden Ale
Oseka Hazy IPA,5.99,Croatia,3.83,The Garden Brewery,6.2,IPA - New England / Hazy,Can 440ml,440,13.61,IPA
Flameover,5.99,Norway,3.77,Salikatt Bryggeri,6.0,IPA - American,Can 440ml,440,13.61,IPA
Siren Expressions: Citra DDH IPA,5.99,England,3.66,Siren Craft Brew,5.2,IPA - American,Can 440ml,440,13.61,IPA
Siren Huntington California IPA,5.99,England,3.65,Siren Craft Brew,6.2,IPA - American,Can 440ml,440,13.61,IPA
Common Grounds,5.99,Netherlands,4.04,Moersleutel Craft Brewery,12.0,Stout - Imperial / Double Pastry,Can 440ml,440,13.61,Stout
Kuehn Kunz Rosen XMAS Monk Dubbel,4.49,Germany,3.79,KUEHN KUNZ ROSEN,7.5,Belgian Dubbel,330ml,330,13.61,Belgian Dubbel
Coco Chaos,5.99,Netherlands,4.09,X-brewing,12.7,Stout - Pastry,Can 440ml,440,13.61,Stout
TOPA,5.99,Spain,3.83,Basqueland Brewing,5.8,IPA - New England / Hazy,Can 440ml,440,13.61,IPA
Super Soaker,5.99,Germany,3.93,FrauGruber Brewing,9.9,IPA - Triple New England / Hazy,Can 440ml,440,13.61,IPA
Fuerst Wiacek After Party Hoppy Pale Ale,5.99,Germany,3.76,FUERST WIACEK,5.0,Pale Ale - New England / Hazy,Can 440ml,440,13.61,Pale Ale
The Garden Brewery/Anti Korpo Mango Panna Cotta Sour,5.99,Croatia,3.69,The Garden Brewery,6.8,Sour - Smoothie / Pastry,Can 440ml,440,13.61,Sour
The Garden Brewery/Makarska New England Pale Ale,5.99,Croatia,3.71,The Garden Brewery,4.4,Pale Ale - New England / Hazy,Can 440ml,440,13.61,Pale Ale
Air Stream,5.99,United States,3.66,Outer Range Brewing Co.,7.9,Belgian Strong Golden Ale,Can 440ml,440,13.61,Belgian Strong Golden Ale
Fizz the Season,5.99,England,3.56,Vocation Brewery,7.0,IPA - New England / Hazy,Can 440ml,440,13.61,IPA
Lobikatra,4.49,Slovenia,3.62,Lobik,6.5,IPA - American,330ml,330,13.61,IPA
Pineapple x Apricot x Vanilla Smoothie Sour Ale,5.99,Latvia,4.19,Ārpus Brewing Co.,4.0,Sour - Smoothie / Pastry,Can 440ml,440,13.61,Sour
Lucky Tonka S'mores,5.99,Netherlands,4.1,Moersleutel Craft Brewery,11.0,Stout - Imperial / Double Pastry,Can 440ml,440,13.61,Stout
Das Ist Techno Sex,6.0,Scotland,3.78,BrewDog/ Up Front Brewing,5.4,Sour - Fruited Gose,Can 440ml,440,13.64,Sour
Sobremesa Farmers Pale Ale,6.0,Wales,3.79,Sobremesa Farmhouse Beers & Natural Ciders,4.9,Pale Ale - English,Can 440ml,440,13.64,Pale Ale
Not For Breakfast Blackberry Cheesecake,4.5,Ukraine,4.14,Ten Men Brewery,6.3,Sour - Smoothie / Pastry,330ml,330,13.64,Sour
"Calm In Paradise Orange, Lime, Peach & Mascarpone",4.5,Ukraine,4.11,Ten Men Brewery,5.0,Sour - Fruited,330ml,330,13.64,Sour
Shinryu,6.0,England,3.82,Gravity Well Brewing Co,6.5,IPA - American,Can 440ml,440,13.64,IPA
Red Shift,4.5,England,3.47,Original Stormtrooper Beer,5.0,IPA - American,330ml,330,13.64,IPA
Local Group,6.0,England,3.97,Gravity Well Brewing Co,6.2,IPA - New England / Hazy,Can 440ml,440,13.64,IPA
45 Days Of Darkness,4.5,Denmark,3.63,To Øl,10.0,Bock - Doppelbock,330ml,330,13.64,Bock
Dios De Pina,4.5,Hungary,3.88,Mead Scientist,6.0,Mead - Braggot,330ml,330,13.64,Mead
Into The Wild,6.0,England,3.73,Duration Brewing,4.4,IPA - Session,Can 440ml,440,13.64,IPA
Falling Leaves,6.0,England,3.82,Duration Brewing,4.4,Pale Ale - New England / Hazy,Can 440ml,440,13.64,Pale Ale
El Bromador (Biere de Coupage),4.5,France,3.93,Sacrilège,6.3,Farmhouse Ale - Bière de Coupage,330ml,330,13.64,Farmhouse Ale
Sand Diver,4.5,Netherlands,3.39,De Kromme Haring,4.0,Sour - Traditional Gose,330ml,330,13.64,Sour
Where Are We X Baron,6.0,England,4.11,Howling Hops,7.3,IPA - New England / Hazy,Can 440ml,440,13.64,IPA
Floc Magic Spiral,6.0,England,3.7,Floc.,5.2,Pale Ale - New England / Hazy,Can 440ml,440,13.64,Pale Ale
Ārpus X Cloudwater TDH Double 5 DIPA,6.0,Latvia,4.03,Ārpus Brewing Co.,8.0,IPA - Imperial / Double New England / Hazy,Can 440ml,440,13.64,IPA
Don Quichot,4.5,Netherlands,4.07,Brouwerij Kees,14.0,Barleywine - Other,330ml,330,13.64,Barleywine
Puhaste Midnight Giggle,4.5,Estonia,3.93,Pühaste Brewery,6.0,Sour - Fruited Gose,330ml,330,13.64,Sour
Is It Over?,6.0,Wales,3.82,Polly's Brew Co.,4.0,Pale Ale - XPA (Extra Pale),Can 440ml,440,13.64,Pale Ale
Mimosa Breeze,6.0,England,4.03,Cloudwater Brew Co.,4.5,Sour - Fruited,Can 440ml,440,13.64,Sour
Labyrinth,6.0,England,3.78,Drop Project,6.0,IPA - New England / Hazy,Can 440ml,440,13.64,IPA
Rothaus Tannenzäpfle Pils 50cl,4.5,Germany,3.47,Badische Staatsbrauerei Rothaus,5.1,Pilsner - German,330ml,330,13.64,Pilsner
Siluro,4.5,Spain,3.88,Cierzo Brewing Co.,10.0,Porter - Imperial / Double Baltic,330ml,330,13.64,Porter
Sorachi & Siracha - Export Porter,4.5,Netherlands,3.51,Brouwerij de Molen,8.0,Porter - Other,330ml,330,13.64,Porter
Legacy New England Pale Ale,4.5,France,3.6,Prizm Brewing Co.,5.0,Pale Ale - New England / Hazy,330ml,330,13.64,Pale Ale
Brugse Zot Bruin,4.5,Belgium,3.53,Brouwerij De Halve Maan,7.5,Belgian Dubbel,330ml,330,13.64,Belgian Dubbel
Turtles All The Way Down,6.0,England,3.81,Duration Brewing,5.5,IPA - American,Can 440ml,440,13.64,IPA
Sion Bockbier,4.5,Netherlands,3.57,Sion Kloosterbier,7.0,Bock - Single / Traditional,330ml,330,13.64,Bock
Faith and Jaipur X Thornbridge,6.0,England,3.8,Northern Monk,5.9,IPA - New England / Hazy,Can 440ml,440,13.64,IPA
Swerte Schaap,4.5,Netherlands,3.61,Brouwerij Durs,10.5,Belgian Quadrupel,330ml,330,13.64,Belgian Quadrupel
Barrel Aged IGA Barley W*ne,4.5,Italy,3.8,Birrificio della Granda,12.0,Grape Ale - Italian,330ml,330,13.64,Grape Ale
Kamehameha,4.5,Belgium,3.62,Brasserie Zythologist,7.0,IPA - New England / Hazy,330ml,330,13.64,IPA
Akamai,6.0,Belgium,3.58,Brasserie Zythologist,5.5,IPA - Belgian,Can 440ml,440,13.64,IPA
Laid Back,6.0,Luxembourg,3.23,Totenhopfen Brauhaus,0.5,Non-Alcoholic - Pale Ale,Can 440ml,440,13.64,Non-Alcoholic
Calm In Paradise Pineapple Passion Fruit And Ice Cream,4.5,Ukraine,4.03,Ten Men Brewery,5.0,Sour - Fruited,330ml,330,13.64,Sour
Flexure,6.0,Netherlands,3.91,Moersleutel Craft Brewery,8.5,IPA - Imperial / Double New England / Hazy,Can 440ml,440,13.64,IPA
Heading Up,4.5,Netherlands,3.36,Two Chefs Brewing,7.1,IPA - Red,330ml,330,13.64,IPA
Primeur Ltd,4.5,Netherlands,3.6,Sion Kloosterbier,7.5,Blonde / Golden Ale - Other,330ml,330,13.64,Blonde / Golden Ale
Not For Breakfast Strawberry Cheesecake,4.5,Ukraine,3.98,Ten Men Brewery,6.3,Sour - Smoothie / Pastry,330ml,330,13.64,Sour
Not For Breakfast Banana & Nutella,4.5,Ukraine,3.84,Ten Men Brewery,6.3,Sour - Smoothie / Pastry,330ml,330,13.64,Sour
Louder Than Bombs,6.0,England,3.83,Pentrich Brewing Co.,4.5,Pale Ale - American,Can 440ml,440,13.64,Pale Ale
Moms Pineapple Pie,6.0,Sweden,3.63,Fermenterarna,6.0,Sour - Fruited,Can 440ml,440,13.64,Sour
Cotton Candy Clouds- NEIPA,4.5,France,3.84,Blue Coast Brewing Company,6.0,IPA - New England / Hazy,330ml,330,13.64,IPA
Two Flints x Burning Sky Saison I,6.0,England,3.75,Two Flints Brewery,5.2,Farmhouse Ale - Saison,Can 440ml,440,13.64,Farmhouse Ale
Come Together,6.0,England,3.79,Track Brewing Company,4.5,Pale Ale - New England / Hazy,Can 440ml,440,13.64,Pale Ale
1H Du Malt,4.5,France,4.02,Brasserie La Malpolon,11.6,Stout - Imperial / Double,330ml,330,13.64,Stout
Anissa Bella - Pastis de Nice,4.5,France,3.27,Blue Coast Brewing Company,5.3,Blonde / Golden Ale - Other,330ml,330,13.64,Blonde / Golden Ale
Vliegende Hollander,4.5,Netherlands,3.46,Brouwerij Homeland,10.5,Stout - Oatmeal,330ml,330,13.64,Stout
Gleam,6.0,England,3.87,Track Brewing Company,5.0,Pale Ale - New England / Hazy,Can 440ml,440,13.64,Pale Ale
Zonnig Zeewit,4.5,Netherlands,3.19,Gebrouwen Door Vrouwen,3.8,Wheat Beer - Witbier / Blanche,330ml,330,13.64,Wheat Beer
Platypils,6.0,Denmark,3.32,Dry & Bitter Brewing Company,5.2,Pilsner - Other,Can 440ml,440,13.64,Pilsner
Siren Project Barista 2024 | Viva Patron,6.0,England,3.79,Siren Craft Brew,8.0,Dark Ale,Can 440ml,440,13.64,Dark Ale
Struise Black Albert,4.5,Belgium,4.1,De Struise Brouwers,13.0,Stout - Belgian,330ml,330,13.64,Stout
Millionaire,6.0,England,4.03,Yonder Brewing & Blending,5.0,Stout - Pastry,Can 440ml,440,13.64,Stout
Libertus 2 Rogge,4.5,Belgium,3.52,Braxatorium Parcensis,8.5,Belgian Tripel,330ml,330,13.64,Belgian Tripel
Orval Trappist Ale,4.5,Belgium,3.68,Brasserie d'Orval,6.2,Pale Ale - Belgian,Bottle 330ml,330,13.64,Pale Ale
Sincere,6.0,Wales,,Wilderness Brewery,5.9,Farmhouse Ale - Saison,Can 440ml,440,13.64,Farmhouse Ale
Rochefort Bierglas - (bokaal),4.5,Netherlands,3.63,Bierliefhebbers Beverwijk,9.0,Belgian Strong Dark Ale,330ml,330,13.64,Belgian Strong Dark Ale
Lubrow Polish Double IPA,4.5,Poland,3.64,Browar Trójmiejski Lubrow,7.8,IPA - Imperial / Double,330ml,330,13.64,IPA
St Bernardus Tripel,4.5,Belgium,3.75,Brouwerij St.Bernardus,8.0,Belgian Tripel,Bottle 330ml,330,13.64,Belgian Tripel
La Trappe Dubbel,4.5,Netherlands,3.63,Bierbrouwerij De Koningshoeven,6.5,Belgian Dubbel,330ml,330,13.64,Belgian Dubbel
Group E,6.0,Ukraine,3.61,Дідько Brewery,7.0,Sour - Fruited Gose,Can 440ml,440,13.64,Sour
Wittoria,4.5,Italy,,Birraformante,4.8,Wheat Beer - Witbier / Blanche,330ml,330,13.64,Wheat Beer
Nevel – Tezamen,4.5,Netherlands,3.63,Nevel Wild Ales,6.0,Wild Ale - Other,330ml,330,13.64,Wild Ale
Lübi Libre,6.0,Germany,3.19,Sudden Death Brewing Co.,0.5,Non-Alcoholic - Pale Ale,Can 440ml,440,13.64,Non-Alcoholic
Triple Tart Triangle,4.5,Netherlands,3.45,Dutch Bargain,6.0,Sour - Fruited,330ml,330,13.64,Sour
Casanova and The Rest is Fly,6.0,England,4.01,Pomona Island Brew Co.,6.5,Stout - Pastry,Can 440ml,440,13.64,Stout
Bruna Del Pirineu,4.5,Spain,3.69,Poch's Cervesa Artesana,10.2,Belgian Quadrupel,330ml,330,13.64,Belgian Quadrupel
Lagonda,4.5,England,3.68,Marble Beers Ltd,5.0,Pale Ale - English,330ml,330,13.64,Pale Ale
Outer Wild,4.5,France,3.71,Brasserie Iron,7.0,Wild Ale - Other,330ml,330,13.64,Wild Ale
Anspach & Hobday - The Pfeffernusse Stout,6.0,England,3.57,Anspach & Hobday,6.0,Stout - Pastry,Can 440ml,440,13.64,Stout
Tartarus x State Of Kind Saint Nick,6.0,England,3.87,Tartarus Beers,6.0,Stout - Other,Can 440ml,440,13.64,Stout
Zeerover,4.5,Netherlands,3.55,Brouwerij Homeland,6.8,IPA - Fruited,330ml,330,13.64,IPA
Pohjala Maple Banger,4.5,Estonia,3.92,Põhjala,12.5,Stout - Imperial / Double,330ml,330,13.64,Stout
90&apos;s Nostalgia   -  THT/BBE 09/24,6.0,Spain,3.79,Cervecera Península,7.7,IPA - American,Can 440ml,440,13.64,IPA
7 Year Anniversary QDH DIPA,6.0,Latvia,4.06,Ārpus Brewing Co.,8.0,IPA - Imperial / Double New England / Hazy,Can 440ml,440,13.64,IPA
Collab Piggy X Torr Penn,6.0,France,3.98,The Piggy Brewing Company,8.0,IPA - Imperial / Double New England / Hazy,Can 440ml,440,13.64,IPA
Mavka,6.0,England,4.09,Siren Craft Brew/ Varvar Brew,10.0,Porter - Imperial / Double,Can 440ml,440,13.64,Porter
Peach and Raspberry Pavlova,6.0,England,3.94,Yonder Brewing & Blending,7.5,Sour - Smoothie / Pastry,Can 440ml,440,13.64,Sour
Beans & Biscuits,4.5,Estonia,4.06,Pühaste Brewery,9.0,Stout - Imperial / Double Pastry,330ml,330,13.64,Stout
XVII,10.23,France,3.83,Kystin,4.0,Cider - Traditional / Apfelwein,Bottle 750ml,750,13.64,Cider
Supreme,4.5,Belgium,3.33,Stroom,4.2,Sour - Fruited Berliner Weisse,330ml,330,13.64,Sour
Stratocaster,6.0,Spain,3.84,Garage Beer Co.,7.0,IPA - American,Can 440ml,440,13.64,IPA
Experimental ´kust´ Blend,4.5,Netherlands,3.54,Dutch Bargain,9.0,Grape Ale - Other,330ml,330,13.64,Grape Ale
Muda,4.5,Estonia,4.07,Pühaste Brewery,11.0,Stout - Imperial / Double Pastry,330ml,330,13.64,Stout
Otherworld - Kelpie's Wrath - West Coast DIPA,6.0,Scotland,3.89,Otherworld Brewing,8.3,IPA - Imperial / Double,Can 440ml,440,13.64,IPA
Robust Porter,6.0,England,3.72,Burning Sky Brewery,5.8,Porter - English,Can 440ml,440,13.64,Porter
Acid Lust,4.5,Bulgaria,3.69,Sofia Electric Brewing,8.5,Sour - Smoothie / Pastry,330ml,330,13.64,Sour
Ich Bin Peach Berliner Weisse,4.5,Denmark,3.72,Mikkeller,3.7,Sour - Fruited Berliner Weisse,330ml,330,13.64,Sour
Pronka,4.5,Netherlands,3.73,De Grieze,10.4,Barleywine - Other,330ml,330,13.64,Barleywine
XXX Reserva Rye Bourbon barrel aged Vintage 2022,4.5,Belgium,3.99,De Struise Brouwers,10.0,Rye Beer,330ml,330,13.64,Rye Beer
Smoked Old Fashioned,6.0,Scotland,3.58,Otherworld Brewing,5.9,Smoked Beer,Can 440ml,440,13.64,Smoked Beer
Brugse Zot,4.5,Belgium,3.38,Huisbrouwerij De 3 Vaten,6.0,Belgian Tripel,Bottle 330ml,330,13.64,Belgian Tripel
Cone Head,6.0,England,3.79,Dark Revolution,5.4,Lager - Pale,Can 440ml,440,13.64,Lager
Slapshot,6.0,Germany,3.8,Sudden Death Brewing Co.,5.6,Pale Ale - American,Can 440ml,440,13.64,Pale Ale
Respect Your Elders,6.0,Sweden,3.67,Shapes & Objects Beer Co,7.2,IPA - Imperial / Double,Can 440ml,440,13.64,IPA
Pohjala Öö,4.5,Estonia,3.93,Põhjala,10.5,Porter - Imperial / Double Baltic,330ml,330,13.64,Porter
"Coffee Connaisseur, Moi? Winter '23/'24",4.5,Netherlands,3.93,Dutch Bargain,13.0,Stout - Imperial / Double Coffee,330ml,330,13.64,Stout
Pura Vida,6.0,Wales,4.01,Polly's Brew Co.,6.1,IPA - New Zealand,Can 440ml,440,13.64,IPA
Project Barista: Stompin' Grounds,6.0,England,3.66,Siren Craft Brew,6.3,Red Ale - Other,Can 440ml,440,13.64,Red Ale
Project Barista: Dry Bones,6.0,England,3.63,Siren Craft Brew,6.6,IPA - Brut,Can 440ml,440,13.64,IPA
Maniac Koper,6.0,Belgium,3.71,Brouwerij Vandijck,13.8,Belgian Strong Dark Ale,Can 440ml,440,13.64,Belgian Strong Dark Ale
Hype Bomb 2024,6.0,Netherlands,3.92,Moersleutel Craft Brewery,8.0,IPA - New England / Hazy,Can 440ml,440,13.64,IPA
Nunc,4.5,Italy,3.66,Ca' del Brado,4.5,Wild Ale - Other,330ml,330,13.64,Wild Ale
Maniac Blond,6.0,Belgium,3.95,Brouwerij Vandijck,13.5,Belgian Strong Golden Ale,Can 440ml,440,13.64,Belgian Strong Golden Ale
Todays Undertaking,6.0,England,3.97,Track Brewing Company,6.5,IPA - American,Can 440ml,440,13.64,IPA
"Twice Berry Blood Blackcurrant, Raspberry & Mango",4.5,Ukraine,3.89,Ten Men Brewery,6.8,Sour - Fruited,330ml,330,13.64,Sour
Liquid Love,4.5,Netherlands,3.58,Mister Hop,6.3,IPA - New England / Hazy,330ml,330,13.64,IPA
TDH Citra x Mosaic x Simcoe x Vic Secret DIPA,6.0,Latvia,3.96,Ārpus Brewing Co.,8.0,IPA - Imperial / Double New England / Hazy,Can 440ml,440,13.64,IPA
TDH Riwaka x Kohia Motueka SubZero Hop Kief DIPA,6.0,Latvia,4.03,Ārpus Brewing Co.,8.0,IPA - Imperial / Double New England / Hazy,Can 440ml,440,13.64,IPA
DDH Hopheart IPA,6.0,Latvia,3.8,Ārpus Brewing Co.,6.2,IPA - New England / Hazy,Can 440ml,440,13.64,IPA
King Queen Knave,6.0,England,3.88,Pressure Drop Brewing,5.2,Pale Ale - New England / Hazy,Can 440ml,440,13.64,Pale Ale
Toot Sweet,6.0,England,3.73,DMC Brewery,4.5,Hard Ginger Beer,Can 440ml,440,13.64,Hard Ginger Beer
Tartarus Thalia,6.0,England,3.67,Tartarus Beers,5.0,Sour - Fruited,Can 440ml,440,13.64,Sour
Gouden Carolus Whiskey Infused,4.5,Belgium,4.0,Brouwerij Het Anker,11.7,Belgian Strong Dark Ale,330ml,330,13.64,Belgian Strong Dark Ale
Torsion,6.0,Netherlands,3.85,Moersleutel Craft Brewery,8.0,IPA - New England / Hazy,Can 440ml,440,13.64,IPA
Spitsbergen Weissbier,4.5,Norway,3.4,Svalbard Bryggeri,5.5,Wheat Beer - Hefeweizen,330ml,330,13.64,Wheat Beer
Lervig Orange Velvet,4.5,Norway,3.74,LERVIG,5.5,IPA - Milkshake,330ml,330,13.64,IPA
BA Project 21.06,4.5,Netherlands,4.07,Brouwerij Kees,11.5,Barleywine - Other,330ml,330,13.64,Barleywine
Silly Moo Cider,4.5,England,3.56,Trenchmore Farm,4.8,Cider - Traditional / Apfelwein,Can 330ml,330,13.64,Cider
COLD WHITE PORCELAIN,6.0,Spain,3.79,Garage Beer Co.,4.6,Sour - Fruited Berliner Weisse,Can 440ml,440,13.64,Sour
Cosmo Forest,6.0,Wales,3.89,Polly's Brew Co.,6.0,IPA - New England / Hazy,Can 440ml,440,13.64,IPA
La Catrina,6.0,England,3.83,DMC Brewery,4.8,Pumpkin / Yam Beer,Can 440ml,440,13.64,Pumpkin / Yam Beer
Party Woods,6.0,Wales,3.89,Polly's Brew Co.,5.2,Pale Ale - New England / Hazy,Can 440ml,440,13.64,Pale Ale
Mocha The Weekend,6.0,England,3.89,Electric Bear Brewing Co,6.5,Stout - Coffee,Can 440ml,440,13.64,Stout
Connecting Anything,6.0,Wales,3.88,Polly's Brew Co.,5.0,Pale Ale - New England / Hazy,Can 440ml,440,13.64,Pale Ale
To Øl x Wylam Consonance 1019,6.0,Denmark,3.71,To Øl,5.5,Pale Ale - New England / Hazy,Can 440ml,440,13.64,Pale Ale
Groovy Tube,6.0,Wales,3.98,Polly's Brew Co.,6.1,IPA - American,Can 440ml,440,13.64,IPA
Double Stout,4.5,Netherlands,3.81,Rock City Brewing,11.0,Stout - Imperial / Double,330ml,330,13.64,Stout
Remade,6.0,Poland,3.46,WRCLW,7.4,Sour - Berliner Weisse,Can 440ml,440,13.64,Sour
Quad – Quadrupel,6.0,Netherlands,3.9,Moersleutel Craft Brewery,11.0,Belgian Quadrupel,Can 440ml,440,13.64,Belgian Quadrupel
Novel Stout,4.5,Netherlands,3.6,Beetles Beer,9.0,Stout - Belgian,330ml,330,13.64,Stout
Invisible Cities,6.0,England,3.84,North Brewing Co.,6.7,IPA - New England / Hazy,Can 440ml,440,13.64,IPA
Tricky Triple,4.5,Netherlands,3.51,Gebrouwen Door Vrouwen,7.8,Belgian Tripel,330ml,330,13.64,Belgian Tripel
Brett Barrel Aged Barrel Aged Selection Vat 4,4.5,Netherlands,3.56,Brouwerij De Leckere,10.0,Brett Beer,330ml,330,13.64,Brett Beer
La Soupe Aux Chaux,6.0,Poland,3.77,Browar Stu Mostów,8.0,IPA - Imperial / Double New England / Hazy,Can 440ml,440,13.64,IPA
Snublejuice,4.5,Denmark,3.5,To Øl,4.5,IPA - Session,Can 330ml,330,13.64,IPA
Hakuna Batatta DIPA,4.5,Netherlands,3.63,Dutch Bargain,8.0,IPA - Imperial / Double,330ml,330,13.64,IPA
Disko,4.5,Serbia,3.66,Kabinet Brewery,5.6,IPA - New England / Hazy,330ml,330,13.64,IPA
Inertia,6.0,Netherlands,3.72,Moersleutel Craft Brewery,6.0,IPA - New England / Hazy,Can 440ml,440,13.64,IPA
Marin,6.0,England,3.81,Elusive Brewing,5.6,IPA - American,Can 440ml,440,13.64,IPA
Barley Wine Special Edition 2024 Maple Syrup,4.5,Netherlands,3.75,Muifelbrouwerij,11.5,Barleywine - Other,330ml,330,13.64,Barleywine
Kinectics,6.0,Netherlands,3.82,Moersleutel Craft Brewery,6.0,IPA - New England / Hazy,Can 440ml,440,13.64,IPA
Arpus -TDH Peacharine x Riwaka x NZ Cascade IPA,6.0,Latvia,3.84,Ārpus Brewing Co.,6.5,Pale Ale - New England / Hazy,Can 440ml,440,13.64,Pale Ale
TDH Peacharine x Motueka DIPA,6.0,Latvia,4.05,Ārpus Brewing Co.,8.0,IPA - Imperial / Double New England / Hazy,Can 440ml,440,13.64,IPA
Siren Viva Patron (Project Barista),6.0,England,3.79,Siren Craft Brew,8.0,Dark Ale,Can 440ml,440,13.64,Dark Ale
Batcurrant (x The Hanging Bat),6.0,Scotland,,The Hanging Bat Brew Co,4.7,Sour - Fruited Gose,Can 440ml,440,13.64,Sour
Mongy Ambree,4.5,France,3.45,Brasserie Cambier,6.5,Farmhouse Ale - Bière de Garde,330ml,330,13.64,Farmhouse Ale
Swirl,4.5,Netherlands,4.02,ROTT. Brouwers,10.5,Stout - Imperial / Double Pastry,330ml,330,13.64,Stout
Fresh Hopped Chinook,4.5,Netherlands,3.64,Dutch Bargain,4.8,IPA - Other,330ml,330,13.64,IPA
Kenia,6.0,Spain,3.5,DÚA Sparkling Beer,4.2,Farmhouse Ale - Grisette,Can 440ml,440,13.64,Farmhouse Ale
Virtual Distorsion,4.5,Spain,3.71,La Calavera,4.0,Sour - Fruited Gose,330ml,330,13.64,Sour
It's a Sin,4.5,Netherlands,3.95,Brouwerij Kees,13.8,Stout - Imperial / Double,330ml,330,13.64,Stout
Kees / Frontaal / Dutch Bargain / Hoppy Brothers Below The Rivers,4.5,Netherlands,3.55,Brouwerij Kees,6.9,IPA - American,330ml,330,13.64,IPA
White Pony Pint,4.5,Italy,3.53,White Pony Microbrewery,13.5,Belgian Strong Golden Ale,330ml,330,13.64,Belgian Strong Golden Ale
Suikeroom,4.5,Netherlands,3.41,Brouwerij Allema,7.0,IPA - New England / Hazy,330ml,330,13.64,IPA
S Is For Strata,6.0,England,3.85,Phantom Brewing Co.,5.5,Pale Ale - New England / Hazy,Can 440ml,440,13.64,Pale Ale
Whisper,6.0,England,3.82,Floc.,5.5,Pale Ale - New England / Hazy,Can 440ml,440,13.64,Pale Ale
ROTT.droom,4.5,Netherlands,3.68,ROTT. Brouwers,6.0,IPA - American,Can 330ml,330,13.64,IPA
"Berry Smoothie Marshmallow, Blueberry, Blackberry, Banana, Coconut",4.5,Ukraine,3.94,Ten Men Brewery,6.8,Sour - Smoothie / Pastry,330ml,330,13.64,Sour
Stu Mostow x Kompaan x Morpheus,4.5,Belgium,3.8,Brouwerij Alvinne,5.5,Sour - Other,330ml,330,13.64,Sour
Vliegende Hollander,4.5,Netherlands,3.46,Brouwerij Homeland,7.5,Stout - Oatmeal,330ml,330,13.64,Stout
Winter Warmer,4.5,Sweden,3.4,Poppels Bryggeri,7.8,Winter Warmer,330ml,330,13.64,Winter Warmer
Hop Circles,4.5,Belgium,3.86,Fugu Brewing Co.,8.0,IPA - Imperial / Double,330ml,330,13.64,IPA
Whale Shark V8,4.5,Netherlands,3.94,De Kromme Haring,8.0,IPA - Imperial / Double,330ml,330,13.64,IPA
Peoleo (bbf: 02-11-25),4.5,Estonia,3.78,Pühaste Brewery,6.0,IPA - New England / Hazy,330ml,330,13.64,IPA
Dream Nelson Sauvin,6.0,Belgium,3.78,Brasserie Surréaliste,6.5,IPA - American,Can 440ml,440,13.64,IPA
Not For Breakfast Mango Cherry Cheesecake,4.5,Ukraine,3.92,Ten Men Brewery,6.0,Sour - Smoothie / Pastry,330ml,330,13.64,Sour
Calm In Paradise Mango Pineapple and Passion Fruit,4.5,Ukraine,4.13,Ten Men Brewery,6.1,Sour - Fruited,330ml,330,13.64,Sour
L'Ensemble,4.5,Belgium,3.94,Brouwerij De Dochter van de Korenaar,13.0,Barleywine - English,330ml,330,13.64,Barleywine
Hop Sucker,6.0,England,3.97,Dark Revolution,5.6,Pale Ale - New England / Hazy,Can 440ml,440,13.64,Pale Ale
Friends -NEIPA,4.5,Austria,3.79,Brauerei Hofstetten,10.5,Freeze-Distilled Beer,330ml,330,13.64,Freeze-Distilled Beer
Caramel Fudge Stout BA Grape Brandy,4.5,Netherlands,4.01,Brouwerij Kees,11.0,Stout - Imperial / Double Pastry,330ml,330,13.64,Stout
Guirlatxe,6.0,Spain,3.93,Gro Brewers,12.0,Stout - Imperial / Double,Can 440ml,440,13.64,Stout
Corpus Vitrae Omnom Nomine Patris,4.5,Netherlands,3.65,Mister Hop,9.8,Belgian Quadrupel,330ml,330,13.64,Belgian Quadrupel
Make my day,6.0,Spain,3.8,Caleya,7.7,IPA - Imperial / Double,Can 440ml,440,13.64,IPA
Vanilla x Maple x Salted Caramel - keykeg,273.3,Latvia,4.19,Ārpus Brewing Co.,12.0,Stout - Imperial / Double Pastry,20000ml,20000,13.66,Stout
India Pale Ale,4.51,Norway,3.7,Nøgne Ø,5.0,IPA - American,330ml,330,13.67,IPA
Death King – Ghost: 1293,10.25,United States,4.12,Adroit Theory,12.0,Stout - Russian Imperial,Bottle 750ml,750,13.67,Stout
Fruit Works Strawberry-Lime,6.02,Hungary,3.94,Brew Your Mind,5.5,Sour - Fruited,Can 440ml,440,13.68,Sour
Above the Unseen,6.02,Romania,3.99,Bereta Brewing Co.,7.7,IPA - Imperial / Double New England / Hazy,Can 440ml,440,13.68,IPA
Cuvée Theo,4.52,Belgium,3.67,Brouwerij Alvinne,9.0,Farmhouse Ale - Saison,330ml,330,13.7,Farmhouse Ale
Yummy Pineapple Papaya & Coconut,6.85,Czech Republic,4.13,Sibeeria,5.1,Sour - Smoothie / Pastry,Can 500ml,500,13.7,Sour
Yummy Blueberry Raspberry Chocolate & Maple Syrup,6.85,Czech Republic,4.15,Sibeeria,5.4,Sour - Smoothie / Pastry,Can 500ml,500,13.7,Sour
Citra Pale Ale,6.49,United States,3.73,El Segundo Brewing Company,5.5,Pale Ale - American,473ml,473,13.72,Pale Ale
Luminous 05,6.49,United States,4.2,Great Notion Brewing,5.9,IPA - Sour,473ml,473,13.72,IPA
Parting Glass,6.49,United States,3.84,Newgrass Brewing Co.,5.4,Porter - Other,473ml,473,13.72,Porter
Yummy Pink Guava Peach Passion Fruit & Vanilla,6.86,Czech Republic,4.13,Sibeeria,5.4,Sour - Smoothie / Pastry,Can 500ml,500,13.72,Sour
Moût de Raison,4.53,Belgium,3.36,Brasserie Atrium,8.0,Grape Ale - Other,330ml,330,13.73,Grape Ale
Bom Barley,4.53,Belgium,3.63,Tom's Brouwerij,10.5,Barleywine - Other,330ml,330,13.73,Barleywine
Verzet Oud Bruin Oak Leaf 2023,4.53,Belgium,3.75,Brouwerij 't Verzet,6.0,Sour - Flanders Oud Bruin,330ml,330,13.73,Sour
Oude Gueuze,5.15,Belgium,,Brewery John Martin & Brewery Timmermans,5.0,Lambic - Kriek,Bottle 375ml,375,13.73,Lambic
Cuvée De Ranke,10.3,Belgium,3.93,Brouwerij De Ranke,7.0,Sour - Other,Bottle 750ml,750,13.73,Sour
Common Roots Good Fortune,6.5,United States,4.05,Hoof Hearted Brewing,6.5,IPA - New England / Hazy,473ml,473,13.74,IPA
Wink Wink,6.5,United States,3.82,Aslin Beer Company/ Vibrissa Beer - Front Royal Brewing Company,7.0,IPA - American,473ml,473,13.74,IPA
Pomelos De Tramuntana,10.31,Spain,3.87,Cyclic Beer Farm,5.5,Sour - Other,Bottle 750ml,750,13.75,Sour
Hot Choc,4.54,Spain,3.83,Cervesa Espiga,11.5,Stout - Imperial / Double Pastry,330ml,330,13.76,Stout
Yummy Raspberry Blackberry & Vanilla,6.88,Czech Republic,4.08,Sibeeria,6.1,Sour - Smoothie / Pastry,Can 500ml,500,13.76,Sour
Sako Oude Geuze,5.16,Belgium,4.11,Brouwerij-Stokerij Sako,6.5,Lambic - Gueuze,Bottle 375ml,375,13.76,Lambic
Moriau Oude Gueuze,5.17,Belgium,3.81,Brouwerij Boon,7.0,Lambic - Gueuze,Bottle 375ml,375,13.79,Lambic
Caramel Fudge Stout Appelstroop,4.55,Netherlands,3.64,Brouwerij Kees,11.5,Stout - Imperial / Double Pastry,330ml,330,13.79,Stout
Sunfire Ol'Tanner's Kick & A Burn,4.55,Netherlands,3.54,Brouwerij IJssel,7.6,Belgian Strong Golden Ale,330ml,330,13.79,Belgian Strong Golden Ale
Tsjeesus: Reserva Port,4.55,Belgium,3.8,De Struise Brouwers,10.0,Winter Ale,330ml,330,13.79,Winter Ale
Pastry Train: Pecan Pie,4.55,Netherlands,3.87,Brouwerij Kees,13.1,Stout - Imperial / Double Pastry,330ml,330,13.79,Stout
Roulette Hop Series: HBC 1019 (bbf: 25-07-25),4.55,Estonia,3.88,Pühaste Brewery,6.9,IPA - New England / Hazy,330ml,330,13.79,IPA
Perfect Lunch - Tiramisu,6.07,Poland,3.96,Magic Road,11.5,Stout - Imperial / Double Pastry,Can 440ml,440,13.8,Stout
Más Agave Clásica Lime,4.9,United States,3.89,Founders Brewing Co.,10.0,Sour - Fruited Gose,355ml,355,13.8,Sour
Fuerst Wiacek Whistles,6.07,Germany,3.84,FUERST WIACEK,6.8,IPA - American,Can 440ml,440,13.8,IPA
To Some Extent,6.9,England,3.94,DEYA Brewing Company,6.8,IPA - Other,500ml,500,13.8,IPA
Michael (The Juicyville S01E04),6.9,Poland,3.95,Funky Fluid,8.1,IPA - Imperial / Double New England / Hazy,500ml,500,13.8,IPA
Lost Horizon Farm Foeder Helles,6.9,Germany,3.49,Buddelship Brauerei,6.0,Cider - Dry,500ml,500,13.8,Cider
Big Foam Nelson,6.9,Scotland,3.74,Donzoko Brewing Company,5.0,Lager - Pale,Can 500ml,500,13.8,Lager
Blackout / Propaganda – Sisyphus,6.9,Romania,3.75,Propaganda Brewery,8.3,Sour - Flanders Oud Bruin,500ml,500,13.8,Sour
Natural Bridge: Special Lager,6.49,United States,3.73,Eppig Brewing,5.8,Pilsner - Other,Can 470ml,470,13.81,Pilsner
Natural Bridge: Festbier,6.49,United States,3.75,Eppig Brewing,6.0,Festbier,Can 470ml,470,13.81,Festbier
Racines,10.37,Belgium,3.66,La Source Beer Co.,5.1,Sour - Fruited Gose,Bottle 750ml,750,13.83,Sour
Melange - Barrel Aged Cuvee,8.99,United States,4.16,Fremont Brewing,10.0,Strong Ale - Other,Bottle 650ml,650,13.83,Strong Ale
Ecorcha,10.37,Belgium,3.76,La Source Beer Co.,4.5,Grape Ale - Other,Bottle 750ml,750,13.83,Grape Ale
Juice Party vol.3,4.57,Italy,3.7,Ritual Lab,5.0,Sour - Fruited,Can 330ml,330,13.85,Sour
Verzet Oud Bruin Vineyard 2021,4.57,Belgium,3.69,Brouwerij 't Verzet,6.0,Sour - Flanders Oud Bruin,330ml,330,13.85,Sour
Pirate Haze,4.57,Hungary,3.7,SIMA brewing,5.8,IPA - New England / Hazy,330ml,330,13.85,IPA
Hoppy Xmas,4.57,Scotland,3.55,BrewDog,6.0,IPA - American,330ml,330,13.85,IPA
Pohjala Cosy Nights,4.57,Estonia,3.83,Põhjala,8.0,Porter - Other,330ml,330,13.85,Porter
Stroop,6.1,England,3.81,Double-Barrelled Brewery,6.0,Stout - Other,Can 440ml,440,13.86,Stout
Flow - IPA,6.1,Germany,3.98,Blech.Brut,6.8,IPA - New England / Hazy,Can 440ml,440,13.86,IPA
Friction –  Modern West Coast IPA,6.1,Netherlands,3.7,Moersleutel Craft Brewery,6.0,IPA - Other,Can 440ml,440,13.86,IPA
Flow,6.1,England,3.67,Drop Project,5.2,Pale Ale - American,Can 440ml,440,13.86,Pale Ale
Drone Logic (bbf: 04-05-25),6.1,Ireland,4.03,Whiplash,8.0,IPA - Imperial / Double,Can 440ml,440,13.86,IPA
TDH Mosaic x Citra DIPA,6.1,Latvia,3.97,Ārpus Brewing Co.,8.0,IPA - Imperial / Double New England / Hazy,Can 440ml,440,13.86,IPA
Collab Piggy X Dark Lab,6.1,Norway,3.7,LERVIG/ The Piggy Brewing Company,8.0,IPA - Imperial / Double,Can 440ml,440,13.86,IPA
Farmhouse St Perray 2022...,6.1,France,3.93,Independent House,6.1,Farmhouse Ale - Saison,Can 440ml,440,13.86,Farmhouse Ale
Godiva Save The King,6.1,France,3.88,Mogwaï Beer Company,4.7,Lager - Pale,Can 440ml,440,13.86,Lager
Hazy Nebula Neipa,6.1,Netherlands,3.73,Moersleutel Craft Brewery,6.0,IPA - New England / Hazy,Can 440ml,440,13.86,IPA
Eastern Triangle East Coast Ipa,6.1,Netherlands,3.59,Brouwerij Kees,6.2,IPA - American,Can 440ml,440,13.86,IPA
Hazy Vibes: Simcoe & El Dorado  - THT/BBE 09/24,6.1,Spain,3.83,Cervecera Península,7.0,IPA - New England / Hazy,Can 440ml,440,13.86,IPA
Fra Via Til,6.1,Denmark,3.61,Mikkeller,8.0,Porter - Baltic,Can 440ml,440,13.86,Porter
Fresh ‘n Fast Never Trust A Clown Belgian IPA,6.1,Netherlands,3.59,Uiltje Brewing Company,6.9,IPA - Belgian,Can 440ml,440,13.86,IPA
Neu Pilsner,6.1,Denmark,3.36,Bad Seed Brewing,5.0,Pilsner - German,Can 440ml,440,13.86,Pilsner
TDH Waimea DIPA,6.1,Latvia,3.99,Ārpus Brewing Co.,8.0,IPA - Imperial / Double New England / Hazy,Can 440ml,440,13.86,IPA
Neon Horizons - IPA,6.1,Germany,4.07,Blech.Brut,6.8,IPA - New England / Hazy,Can 440ml,440,13.86,IPA
Color Cascade- IPA,6.1,Germany,4.05,Blech.Brut,6.5,IPA - New England / Hazy,Can 440ml,440,13.86,IPA
Rebreather,6.1,Norway,4.16,Salikatt Bryggeri,8.0,IPA - Imperial / Double New England / Hazy,Can 440ml,440,13.86,IPA
Supercharged Leaf Blower,6.1,Netherlands,3.74,Moersleutel Craft Brewery,7.0,Bock - Single / Traditional,Can 440ml,440,13.86,Bock
Macaroon Machine Coconut Pastry Stout,6.1,Netherlands,3.91,Moersleutel Craft Brewery,10.0,Stout - Imperial / Double Pastry,Can 440ml,440,13.86,Stout
Here Comes the Sun Triple IPA,6.1,Netherlands,3.72,Brouwerij Kees,9.2,IPA - Triple,Can 440ml,440,13.86,IPA
"Smoothie Sequence #2: Mango, Raspberry & Blackberry Smoothie Sour",6.1,Netherlands,3.76,Folkingebrew,5.0,Sour - Smoothie / Pastry,Can 440ml,440,13.86,Sour
Hazy Vibes: Hallertau Blanc & Ella -  THT/BBE 08/24,6.1,Spain,3.85,Cervecera Península,6.1,IPA - New England / Hazy,Can 440ml,440,13.86,IPA
TDH Double 5 DIPA (BBF: 30-10-25),6.1,Latvia,4.03,Ārpus Brewing Co.,8.0,IPA - Imperial / Double New England / Hazy,Can 440ml,440,13.86,IPA
Hazy Vibes: Talus & Cashmere  - THT/BBE 09/24,6.1,Spain,3.95,Cervecera Península,8.0,IPA - Imperial / Double New England / Hazy,Can 440ml,440,13.86,IPA
Swift,6.1,England,3.74,Double-Barrelled Brewery,5.2,Pale Ale - New England / Hazy,Can 440ml,440,13.86,Pale Ale
Awakening,6.1,Finland,4.12,Revenant Brewing Project,8.0,IPA - Imperial / Double New England / Hazy,Can 440ml,440,13.86,IPA
Kung Fu Pandan,6.1,France,3.59,Mogwaï Beer Company,4.7,Lager - Other,Can 440ml,440,13.86,Lager
Milkshake,6.1,England,3.85,Wiper And True,5.6,Stout - Milk / Sweet,Can 440ml,440,13.86,Stout
TDH Motueka x Riwaka x Galaxy DIPA,6.1,Latvia,3.84,Ārpus Brewing Co.,8.0,IPA - New England / Hazy,Can 440ml,440,13.86,IPA
GroGro NO Coast IPA,6.1,Netherlands,3.53,Dutch Bargain,5.8,IPA - American,Can 440ml,440,13.86,IPA
Blackcurrant x Blueberry x Cherry x Vanilla Smoothie Sour Ale,6.1,Latvia,4.24,Ārpus Brewing Co.,5.0,Sour - Smoothie / Pastry,Can 440ml,440,13.86,Sour
Knives in the back,6.1,France,3.91,Prizm Brewing Co.,8.0,IPA - Imperial / Double New England / Hazy,Can 440ml,440,13.86,IPA
Mango x Raspberry x Vanilla Smoothie Sour Ale,6.1,Latvia,4.29,Ārpus Brewing Co.,5.0,Sour - Smoothie / Pastry,Can 440ml,440,13.86,Sour
CYCT - Torsion,6.1,Netherlands,3.85,Moersleutel Craft Brewery,8.0,IPA - New England / Hazy,Can 440ml,440,13.86,IPA
Coffee Grinder Coffee Stout,6.1,Netherlands,3.61,Moersleutel Craft Brewery,6.0,Stout - Coffee,Can 440ml,440,13.86,Stout
Raspberry Strawberry Coconut Ripple,6.1,Scotland,3.81,Vault City Brewing,6.0,Sour - Smoothie / Pastry,Can 440ml,440,13.86,Sour
Kriek (37.5cl),5.2,Belgium,3.53,Brouwerij Boon,4.0,Lambic - Kriek,Bottle 375ml,375,13.87,Lambic
Oude Gueuze Tilquin à l&apos;Ancienne  -  75cl incl. statiegeld,10.4,Belgium,4.0,Gueuzerie Tilquin,7.0,Lambic - Gueuze,Bottle 750ml,750,13.87,Lambic
WILD#21 Forest Blueberry & Basil Mix Fermentation Ale,10.4,Poland,3.99,Browar Stu Mostów,7.0,Wild Ale - Other,Bottle 750ml,750,13.87,Wild Ale
Italian Pilsner,6.11,Belgium,3.82,Misery Beer Co.,5.0,Pilsner - Italian,Can 440ml,440,13.89,Pilsner
Siren Project Barista 2024 - Mucha Mora Mocha,6.11,England,4.06,Siren Craft Brew,9.0,Stout - Imperial / Double Coffee,Can 440ml,440,13.89,Stout
Sidra Natural,6.95,Netherlands,3.67,Elegast Cidery,7.5,Cider - Traditional / Apfelwein,500ml,500,13.9,Cider
Pan IPAni Double Urodzinowe,6.95,Poland,4.03,Trzech Kumpli,6.7,IPA - Imperial / Double,500ml,500,13.9,IPA
Sibeeria I Love the Smell of HBC 1019 In the Morning,6.95,Czech Republic,3.98,Sibeeria,8.3,IPA - Imperial / Double New England / Hazy,500ml,500,13.9,IPA
Tripel Kruikje,6.95,Netherlands,3.64,Hertog Jan,8.5,Belgian Tripel,500ml,500,13.9,Belgian Tripel
"Blessed Beaver – Smoked Imperial Stout with Maple , Cocoa",6.95,Spain,3.79,La Calavera,10.7,Stout - Other,500ml,500,13.9,Stout
Mother-in-Law's Birthday,6.95,Czech Republic,3.74,Sibeeria,7.8,Stout - Other,500ml,500,13.9,Stout
Verzet Oud Bruin Peach 2021,4.59,Belgium,3.6,Brouwerij 't Verzet,6.0,Sour - Flanders Oud Bruin,330ml,330,13.91,Sour
Surrealiste Beatific Ecstasy,4.59,Belgium,3.6,Brasserie Surréaliste,4.7,Sour - Fruited Berliner Weisse,Can 330ml,330,13.91,Sour
Storm Shadow,6.12,England,3.87,Buxton Brewery,8.5,Stout - Imperial / Double,Can 440ml,440,13.91,Stout
Köbi Dominator Triple IPA,4.59,Germany,3.23,köbi – Königsbrunner Biermanufaktur,8.5,IPA - Triple,330ml,330,13.91,IPA
VandeStreek Tundra Tørst Kveik IPA,4.59,Netherlands,3.54,vandeStreek bier,5.0,IPA - Farmhouse,330ml,330,13.91,IPA
Æthelstan,4.59,Netherlands,3.77,Big Belly Brewing Company,10.0,Stout - Imperial / Double,330ml,330,13.91,Stout
ÜberQuell Cherry Sour,4.59,Germany,3.37,ÜberQuell Brauwerkstätten,6.9,Sour - Fruited,330ml,330,13.91,Sour
Cherry Red Risalamande,6.13,Hungary,4.16,Mad Scientist,5.1,Sour - Smoothie / Pastry,Can 440ml,440,13.93,Sour
Houblon Mc Chouffe,4.6,Belgium,3.67,Brasserie d'Achouffe,9.0,IPA - Belgian,330ml,330,13.94,IPA
Modern Mosaic,4.6,Italy,3.86,Ritual Lab,6.5,IPA - American,Can 330ml,330,13.94,IPA
Greyjoy,4.6,Hungary,3.86,Balkezes,9.0,IPA - Imperial / Double,Can 330ml,330,13.94,IPA
Beerskey Highly Peated Ale,4.6,Netherlands,3.45,Muifelbrouwerij,11.0,Smoked Beer,330ml,330,13.94,Smoked Beer
Galactic Pale Ale,4.6,England,3.45,Original Stormtrooper Beer/ Vocation Brewery,4.8,Pale Ale - American,330ml,330,13.94,Pale Ale
Black Tropical Beach,4.6,Netherlands,3.19,Dutch Bargain,8.0,Stout - Other,330ml,330,13.94,Stout
Bali New England IPA,4.6,France,3.8,Prizm Brewing Co.,5.7,IPA - New England / Hazy,330ml,330,13.94,IPA
Sint Amatus BA 2021,4.6,Belgium,4.06,De Struise Brouwers,10.5,Belgian Quad,330ml,330,13.94,Belgian Quad
Raspberry Rush Non-Alcoholic Beer,4.6,Denmark,3.18,Mikkeller,0.3,Non-Alcoholic - Other,330ml,330,13.94,Non-Alcoholic
Zodiac AF,4.6,Sweden,3.2,Omnipollo,0.3,Non-Alcoholic - IPA,Can 330ml,330,13.94,Non-Alcoholic
Kerel Kaishaku,4.6,Belgium,3.38,Siphon Brewing,15.0,Porter - American,330ml,330,13.94,Porter
Belgian Tripel,4.6,Belgium,3.73,Bières de Chimay,8.0,Belgian Tripel,330ml,330,13.94,Belgian Tripel
Old Zealand Finest,4.6,Netherlands,3.69,Dutch Bargain,8.0,IPA - New Zealand,330ml,330,13.94,IPA
ZENNEGASH,4.6,Belgium,3.56,Brasserie de la Senne,5.7,Wheat Beer - Other,330ml,330,13.94,Wheat Beer
Trop Trop,4.6,Scotland,3.7,Pilot,5.3,Sour - Fruited,Can 330ml,330,13.94,Sour
Houblon La Chouffe,4.6,Belgium,3.67,Brasserie d'Achouffe,9.0,IPA - Belgian,330ml,330,13.94,IPA
Beerskey,4.6,Netherlands,3.45,Muifelbrouwerij,11.0,Smoked Beer,330ml,330,13.94,Smoked Beer
Gimme Danger Glutenvrij / Glutenfree,4.6,Estonia,3.7,Põhjala,10.5,Gluten-Free,330ml,330,13.94,Gluten-Free
Zeus DIPA,4.6,Netherlands,3.65,Walhalla Brouwerij & Proeflokaal,8.0,IPA - Imperial / Double,Can 330ml,330,13.94,IPA
Dominion,4.6,Estonia,4.07,Pühaste Brewery,11.0,Stout - Imperial / Double,330ml,330,13.94,Stout
Ritual Lab / Todo Mundo - Pacific IPA,4.6,Italy,3.83,Ritual Lab,6.5,IPA - Other,Can 330ml,330,13.94,IPA
Brulee,4.6,Netherlands,4.05,ROTT. Brouwers,10.5,Stout - Imperial / Double Pastry,330ml,330,13.94,Stout
Kush,4.6,Italy,3.83,Ritual Lab,6.5,IPA - American,Can 330ml,330,13.94,IPA
Astro IPA,4.6,Italy,3.76,Ritual Lab,6.5,IPA - American,Can 330ml,330,13.94,IPA
Taras Boulba Organic Belgian Blonde,4.6,Belgium,3.35,Brasserie de la Senne,4.5,Belgian Blonde,330ml,330,13.94,Belgian Blonde
Père Noël Winter Ale,4.6,Belgium,3.45,Brouwerij De Ranke,7.0,Winter Ale,330ml,330,13.94,Winter Ale
Son of Hops,4.6,Canada,4.19,BreWskey,7.1,IPA - American,330ml,330,13.94,IPA
Night Vision Goggles,4.6,Netherlands,3.73,Dutch Bargain,9.0,Porter - Baltic,330ml,330,13.94,Porter
Lervig Supersonic,6.97,Norway,4.05,LERVIG,8.5,IPA - Imperial / Double,500ml,500,13.94,IPA
Indian Summer Doppelbock Maple Edition,4.6,Netherlands,3.46,Brouwerij Kees,8.9,Bock - Doppelbock,330ml,330,13.94,Bock
India Double Porter Mosaic Columbus,4.6,England,4.0,The Kernel Brewery,7.5,Porter - Imperial / Double,Bottle 330ml,330,13.94,Porter
Cuvée Delphine 2020,4.6,Belgium,4.13,De Struise Brouwers,13.0,Stout - Russian Imperial,330ml,330,13.94,Stout
Abbaye de Rochefort 6,4.6,Belgium,3.71,Abbaye Notre-Dame de Saint-Rémy,7.5,Belgian Dubbel,330ml,330,13.94,Belgian Dubbel
Wunderbar IPA,4.6,Ireland,3.53,Rascals Brewing Co,6.0,IPA - American,Can 330ml,330,13.94,IPA
Brouwerij de Klep / Muifel / LOC Unholy Solstice,4.6,Netherlands,3.51,Brouwerij De Klep,6.5,Lager - Dark,330ml,330,13.94,Lager
Coronado - Palm Sway Tropical IPA,6.6,United States,3.67,Coronado Brewing Company,6.5,IPA - American,473ml,473,13.95,IPA
Pigs On Two Legs (4-2025),6.14,Netherlands,3.96,White Dog Brewery,7.5,IPA - New England / Hazy,Can 440ml,440,13.95,IPA
Capitola Bright,6.6,United States,3.92,Sante Adairius Rustic Ales,4.2,Lager - American Light,473ml,473,13.95,Lager
Specks of Sand,6.6,United States,3.76,Fonta Flora Brewery,5.2,Roggenbier,473ml,473,13.95,Roggenbier
Pohjala Virmalised X,6.14,Estonia,3.72,Põhjala,8.0,IPA - Imperial / Double,Can 440ml,440,13.95,IPA
Geuze Extra,5.23,Belgium,4.23,Hanssens Artisanaal,6.0,Lambic - Gueuze,Bottle 375ml,375,13.95,Lambic
Maibock,6.6,United States,3.81,Fonta Flora Brewery,6.4,Bock - Hell / Maibock / Lentebock,473ml,473,13.95,Bock
Nebo Pilsner,6.6,United States,3.66,Fonta Flora Brewery,5.2,Pilsner - Other,473ml,473,13.95,Pilsner
Cyclic Beer Farm / Popihn Lavandina,10.47,Spain,3.7,Cyclic Beer Farm,4.0,Farmhouse Ale - Saison,Bottle 750ml,750,13.96,Farmhouse Ale
N'Ice Chouffe,10.47,Belgium,3.66,Brasserie d'Achouffe,10.0,Winter Ale,Bottle 750ml,750,13.96,Winter Ale
Elder,10.47,Spain,3.69,Cyclic Beer Farm,4.5,Farmhouse Ale - Saison,Bottle 750ml,750,13.96,Farmhouse Ale
Cuvée Théo Margaux BA,4.61,Belgium,3.65,Brouwerij Alvinne,9.0,Farmhouse Ale - Saison,330ml,330,13.97,Farmhouse Ale
Blanche De Namur Witbier MAGNUM,20.95,Belgium,3.4,Brasserie du Bocq,4.5,Wheat Beer - Witbier / Blanche,Bottle 1500ml,1500,13.97,Wheat Beer
Kees / Pühaste It's a Sin,4.61,Netherlands,3.95,Brouwerij Kees,13.8,Stout - Imperial / Double,330ml,330,13.97,Stout
Deya Starburst Galaxy,6.99,England,3.74,DEYA Brewing Company,4.5,Pale Ale - American,500ml,500,13.98,Pale Ale
The Big Crunch,6.99,Romania,3.78,Hop Hooligans,4.0,Sour - Fruited,500ml,500,13.98,Sour
Zichovec Juicy Lucy 15,6.99,Czech Republic,3.86,Rodinný Pivovar Zichovec,6.5,IPA - New England / Hazy,500ml,500,13.98,IPA
Dingus,6.15,Ireland,4.0,Whiplash,11.4,Stout - Imperial / Double,Can 440ml,440,13.98,Stout
Barren Magick DIPA,6.15,Sweden,4.05,Apex Brewing Company,8.0,IPA - Imperial / Double New England / Hazy,Can 440ml,440,13.98,IPA
Hyperboost,6.99,Poland,4.0,Funky Fluid,8.1,IPA - Imperial / Double New England / Hazy,500ml,500,13.98,IPA
Summer Mode Session IPA,6.99,Croatia,3.74,Nova Runda,4.1,IPA - Session,500ml,500,13.98,IPA
High Voltage Mountain IPA,6.99,Croatia,4.03,Nova Runda,6.5,IPA - American,500ml,500,13.98,IPA
I Love the Smell of Superdelic in the Morning,6.99,Czech Republic,4.03,Sibeeria,6.3,IPA - New England / Hazy,500ml,500,13.98,IPA
Hopzz_ Sublime,6.99,Poland,4.03,Browar PINTA,6.0,IPA - New England / Hazy,500ml,500,13.98,IPA
Clear Craze (bbf: 01-04-25),6.15,England,3.73,Azvex Brewing Company,5.6,IPA - American,Can 440ml,440,13.98,IPA
Dark Ritual,6.99,Czech Republic,4.17,Sibeeria,11.6,Stout - Imperial / Double,500ml,500,13.98,Stout
Goggle Sag,6.15,United States,4.24,Outer Range Brewing Co.,8.0,IPA - Imperial / Double New England / Hazy,Can 440ml,440,13.98,IPA
Iced Series 24 - Imperial Iced Dark Ale,6.99,Netherlands,3.42,Brouwerij Emelisse,15.7,Farmhouse Ale - Saison,500ml,500,13.98,Farmhouse Ale
I Love the Smell of HBC 1019 In the Morning,6.99,Czech Republic,3.98,Sibeeria,8.3,IPA - Imperial / Double New England / Hazy,500ml,500,13.98,IPA
Thick Stew,6.15,Ireland,3.93,Whiplash,8.0,IPA - Imperial / Double,Can 440ml,440,13.98,IPA
Duende,6.99,United States,4.23,Creature Comforts Brewing Company,8.0,IPA - Imperial / Double New England / Hazy,500ml,500,13.98,IPA
Epsilon,6.99,United States,3.82,Equilibrium Brewery,4.2,Porter - American,500ml,500,13.98,Porter
Hladovina Session IPA,6.99,Croatia,3.79,Nova Runda,4.3,IPA - Session,500ml,500,13.98,IPA
Hopzz_ Essential,6.99,Poland,4.02,Browar PINTA,6.0,IPA - New England / Hazy,500ml,500,13.98,IPA
Haze Of Base,6.15,France,3.91,Mogwaï Beer Company,6.2,IPA - New England / Hazy,Can 440ml,440,13.98,IPA
Bookworm DH Lager,6.99,Romania,3.86,Hop Hooligans,6.0,Lager - Other,500ml,500,13.98,Lager
Hop Hooligans/Metanoia Landlord Special Hazy Pale Ale,6.99,Romania,3.91,Hop Hooligans,5.0,Pale Ale - New England / Hazy,500ml,500,13.98,Pale Ale
Bloom Jasmine Green Tea New England IPA,6.99,Romania,3.91,Hop Hooligans,6.0,IPA - New England / Hazy,500ml,500,13.98,IPA
Dongus,6.15,Ireland,4.12,Whiplash,10.5,Stout - Imperial / Double Coffee,Can 440ml,440,13.98,Stout
Smoothie Bowl Tacsonia Pastry Sour,6.99,Poland,3.93,Browar Nepomucen,5.3,Sour - Smoothie / Pastry,500ml,500,13.98,Sour
Jan Yellow Bourbon Coffee FES Stout,6.99,Poland,3.62,Browar Nepomucen,4.7,Sour - Other,500ml,500,13.98,Sour
Death Hex DIPA,6.15,Sweden,4.15,Apex Brewing Company,8.0,IPA - Imperial / Double New England / Hazy,Can 440ml,440,13.98,IPA
Chongus,6.15,Ireland,4.17,Whiplash,10.8,Stout - Imperial / Double,Can 440ml,440,13.98,Stout
Emerald Eyes,10.49,United States,3.94,Cellarmaker Brewing Company,5.7,Pale Ale - American,Bottle 750ml,750,13.99,Pale Ale
Three Rules of Authentic Trappist,10.49,Netherlands,3.82,Bierbrouwerij De Koningshoeven,7.4,Belgian Dubbel,Bottle 750ml,750,13.99,Belgian Dubbel
American Wheat,7.0,Poland,3.17,Magic Road,4.5,Wheat Beer - American Pale Wheat,500ml,500,14.0,Wheat Beer
Free Fifty/Fifty,7.0,Poland,3.54,Magic Road,0.5,Non-Alcoholic - Sour,500ml,500,14.0,Non-Alcoholic
Your Ordinary APA,7.0,Poland,3.53,Magic Road,4.8,Pale Ale - American,500ml,500,14.0,Pale Ale
Winterbinkske Grand Cru 2023,10.5,Belgium,3.97,Brouwerij Kerkom,13.0,Belgian Strong Dark Ale,Bottle 750ml,750,14.0,Belgian Strong Dark Ale
Mariage Parfait Kriek,5.25,Belgium,3.83,Brouwerij Boon,8.0,Lambic - Kriek,Bottle 375ml,375,14.0,Lambic
Saison Des Agrumes,10.5,France,3.99,Les Danaïdes,5.2,Farmhouse Ale - Saison,Bottle 750ml,750,14.0,Farmhouse Ale
Pokal Thur,4.2,Poland,3.63,Browar Stu Mostów,5.1,Pale Ale - American,300ml,300,14.0,Pale Ale
Sarment,10.5,France,3.85,Sacrilège,5.3,Farmhouse Ale - Bière de Coupage,Bottle 750ml,750,14.0,Farmhouse Ale
Another Sunset - 75cl,10.5,Italy,3.7,Eastside Brewing,6.6,Grape Ale - Other,Bottle 750ml,750,14.0,Grape Ale
Cuvée Courson 2022,10.5,France,3.91,Sacrilège,5.6,Farmhouse Ale - Bière de Coupage,Bottle 750ml,750,14.0,Farmhouse Ale
12 Years Of Innovation,7.0,Czech Republic,4.01,Rodinný Pivovar Zichovec,6.5,Sour - Smoothie / Pastry,500ml,500,14.0,Sour
Meesterstuk 2021,10.5,Netherlands,3.84,Jopen,11.0,Stout - Imperial / Double Pastry,Bottle 750ml,750,14.0,Stout
Bistro Peach & Raspberry Crumble,10.5,United States,4.24,Energy City Brewing,6.5,Sour - Fruited Berliner Weisse,Bottle 750ml,750,14.0,Sour
Dead Phone Calling,7.0,Poland,4.05,Maltgarden/ Sudden Death Brewing Co.,10.0,Stout - Imperial / Double Pastry,500ml,500,14.0,Stout
Saison Dupont 75cl,10.5,Belgium,3.68,Brasserie Dupont,6.5,Farmhouse Ale - Saison,Bottle 750ml,750,14.0,Farmhouse Ale
Piccola Saison X LaTana,10.5,Italy,4.05,Siemàn,4.5,Farmhouse Ale - Bière de Coupage,Bottle 750ml,750,14.0,Farmhouse Ale
Stu Mostow TROPICAL Gose,7.0,Poland,3.89,Browar Stu Mostów,3.5,Sour - Fruited Gose,500ml,500,14.0,Sour
Ritual Lab / Demoersleutel - Four Brothers,4.62,Netherlands,3.77,Moersleutel Craft Brewery/ Ritual Lab,7.0,Porter - Baltic,330ml,330,14.0,Porter
Pale Ale,4.9,England,,Samuel Smith,5.0,Pale Ale - English,350ml,350,14.0,Pale Ale
Framboise Hibiscus- Lambicus,3.5,Belgium,3.56,Brewery John Martin & Brewery Timmermans,4.0,Lambic - Framboise,Bottle 250ml,250,14.0,Lambic
Cherry Sour,7.0,Poland,4.04,Funky Fluid,5.5,Sour - Smoothie / Pastry,500ml,500,14.0,Sour
Cuvée Courson 2023,10.5,France,3.77,Sacrilège,5.9,Grape Ale - Other,Bottle 750ml,750,14.0,Grape Ale
Péche Cardamome Lambicus,3.5,Belgium,3.56,Brewery John Martin & Brewery Timmermans,4.0,Lambic - Fruit,Bottle 250ml,250,14.0,Lambic
4th Anniversary,10.5,Poland,4.18,Funky Fluid,18.0,Stout - Imperial / Double,Bottle 750ml,750,14.0,Stout
Brush Set,6.63,United States,3.83,Phase Three Brewing,6.5,IPA - American,473ml,473,14.02,IPA
Morning Haze,6.63,United States,4.14,Equilibrium Brewery,8.0,IPA - Imperial / Double,473ml,473,14.02,IPA
Humulus² / Mortalis,6.63,United States,4.11,Equilibrium Brewery,8.5,IPA - Imperial / Double,473ml,473,14.02,IPA
Gouden Carolus Cuvée van de Keizer Imperial Blond,10.52,Belgium,3.92,Brouwerij Het Anker,10.0,Belgian Strong Golden Ale,Bottle 750ml,750,14.03,Belgian Strong Golden Ale
Oude Geuze,10.52,Belgium,4.06,Brouwerij 3 Fonteinen,6.0,Lambic - Gueuze,Bottle 750ml,750,14.03,Lambic
Frontaal / Arpus Lidmašīnas,6.18,Netherlands,3.3,Frontaal,10.0,Stout,Can 440ml,440,14.05,Stout
Hoptimum Edition 2024 Triple IPA,4.99,United States,3.95,Sierra Nevada Brewing Co.,11.0,IPA - Triple,355ml,355,14.06,IPA
Titan,4.99,United States,3.64,Great Divide Brewing Company,7.1,IPA - American,355ml,355,14.06,IPA
Coffee Dunkel / Untitled Art,4.99,United States,3.76,Crooked Stave Artisan Beer Project,5.2,Lager - Munich Dunkel,355ml,355,14.06,Lager
Non-Alc Hazy IPA,4.99,Canada,3.42,Harmon's Craft Brewing,0.5,Non-Alcoholic - IPA,355ml,355,14.06,Non-Alcoholic
Non-Alc Pale Ale,4.99,Canada,3.39,Harmon's Craft Brewing,0.5,Non-Alcoholic - Pale Ale,355ml,355,14.06,Non-Alcoholic
Scotch Barrel Aged Peated Scotch Ale,4.99,United States,3.73,Moody Tongue Brewing Company,11.8,Scotch Ale / Wee Heavy,355ml,355,14.06,Scotch Ale / Wee Heavy
Firestone Mind Haze Brain Melter Hazy Imperial IPA,4.99,United States,3.81,Firestone Walker Brewing Company,8.5,IPA - Imperial / Double New England / Hazy,355ml,355,14.06,IPA
Grapefruit Sculpin,4.99,United States,3.96,Ballast Point Brewing Company,7.0,IPA - Fruited,355ml,355,14.06,IPA
Dawn of the Red,4.99,United States,3.74,Ninkasi Brewing Company,7.0,Red Ale - Imperial / Double,355ml,355,14.06,Red Ale
Car Camper,4.99,United States,3.66,Great Divide Brewing Company,5.0,Pale Ale - New England / Hazy,355ml,355,14.06,Pale Ale
Citra IPA,4.99,United States,3.61,Jeremiah Johnson Brewing Co.,6.5,IPA - American,355ml,355,14.06,IPA
Colette,4.99,United States,3.6,Great Divide Brewing Company,6.5,Farmhouse Ale - Saison,355ml,355,14.06,Farmhouse Ale
Aloha Sculpin,4.99,United States,3.77,Ballast Point Brewing Company,7.0,IPA - American,355ml,355,14.06,IPA
Hazy Pale Ale,4.99,United States,3.68,Jeremiah Johnson Brewing Co.,5.0,Pale Ale - New England / Hazy,355ml,355,14.06,Pale Ale
Mountain Man,4.99,United States,3.83,Jeremiah Johnson Brewing Co.,6.5,Scotch Ale / Wee Heavy,355ml,355,14.06,Scotch Ale / Wee Heavy
Blonde Ale,4.99,United States,3.57,Jeremiah Johnson Brewing Co.,5.4,Blonde / Golden Ale - Other,355ml,355,14.06,Blonde / Golden Ale
Love & Lemons,4.99,United States,3.55,Great Divide Brewing Company,5.5,Fruit Beer,355ml,355,14.06,Fruit Beer
Brother David's Triple,4.99,United States,3.71,Anderson Valley Brewing Company,10.0,Belgian Tripel,355ml,355,14.06,Belgian Tripel
Tart 'n Juicy,4.99,United States,3.73,"Epic Brewing Co. (Utah, Colorado)",5.1,IPA - Sour,355ml,355,14.06,IPA
Hazy IPA,4.99,United States,3.72,Jeremiah Johnson Brewing Co.,7.3,IPA - New England / Hazy,355ml,355,14.06,IPA
State Wide,4.99,United States,3.8,4 Hands Brewing Company,5.5,Pale Ale - American,355ml,355,14.06,Pale Ale
A Little Sumpin' Sumpin' Ale,4.99,United States,3.78,Lagunitas Brewing Company,7.5,IPA - White / Wheat,355ml,355,14.06,IPA
Samuel Smith Organic Apricot,4.99,England,3.47,Melbourn Bros’ All Saints Brewery,5.1,Fruit Beer,355ml,355,14.06,Fruit Beer
Old No. 38 Stout,4.99,United States,3.63,North Coast Brewing Company,5.4,Stout - Irish Dry,355ml,355,14.06,Stout
Samuel Smith Organic Strawberry,4.99,England,3.71,Melbourn Bros’ All Saints Brewery,5.1,Fruit Beer,355ml,355,14.06,Fruit Beer
Samuel Smith Organic Cherry,4.99,England,3.71,Melbourn Bros’ All Saints Brewery,5.1,Fruit Beer,355ml,355,14.06,Fruit Beer
Firestone Mind Haze Cosmic Crusher Juicy Imperial IPA,4.99,United States,3.78,Firestone Walker Brewing Company,9.5,IPA - Imperial / Double,355ml,355,14.06,IPA
Firestone Hopnosis IPA,4.99,United States,3.75,Firestone Walker Brewing Company,6.7,IPA - Cold,355ml,355,14.06,IPA
Two Hearted IPA,4.99,United States,3.94,Bell's Brewery,7.0,IPA - American,355ml,355,14.06,IPA
Le Marc 2021 –  Cider,10.55,Germany,3.78,Kemker Kultuur (Brauerei J. Kemker),3.5,Cider - Perry / Poiré,Bottle 750ml,750,14.07,Cider
Iron Brew Modern Sour,6.19,Scotland,3.82,Vault City Brewing,5.5,Sour - Other,Can 440ml,440,14.07,Sour
Capri Crush Sour,6.19,Scotland,3.82,Vault City Brewing,4.3,Sour - Fruited,Can 440ml,440,14.07,Sour
DRIP,6.19,Netherlands,4.03,White Dog Brewery,6.0,IPA - American,Can 440ml,440,14.07,IPA
Citrus All Pro,5.0,United States,3.77,Columbia Craft Brewing Company,5.8,Pale Ale - American,Can 355ml,355,14.08,Pale Ale
Nut Brown Ale,5.0,United States,3.73,AleSmith Brewing Company,5.0,Brown Ale - English,Can 355ml,355,14.08,Brown Ale
Times Eleven 11th Anniversary,6.2,England,3.6,Siren Craft Brew,5.2,Lager - Helles,Can 440ml,440,14.09,Lager
Catching Rays,6.2,Norway,4.05,Salikatt Bryggeri,8.0,IPA - Imperial / Double New England / Hazy,Can 440ml,440,14.09,IPA
Tiny Rebel - The Hazlenut Cracker,6.2,Wales,3.98,Tiny Rebel Brewing Co,5.8,Stout - Milk / Sweet,Can 440ml,440,14.09,Stout
I'm Coming Over,6.2,England,3.84,Burning Sky Brewery,6.5,IPA - American,Can 440ml,440,14.09,IPA
Compass Points South,6.2,England,3.73,Burning Sky Brewery,5.5,Farmhouse Ale - Saison,Can 440ml,440,14.09,Farmhouse Ale
Hooglander DDH Double IPA,4.65,Netherlands,3.75,Hooglander Bier,8.0,IPA - Imperial / Double New England / Hazy,Can 330ml,330,14.09,IPA
Harvest Bier,6.2,England,3.66,Duration Brewing,5.5,Märzen,Can 440ml,440,14.09,Märzen
De Moersleutel Buckwheat Malt,6.2,Netherlands,3.93,Moersleutel Craft Brewery,11.0,Stout - Imperial / Double,Can 440ml,440,14.09,Stout
Party On,6.2,England,3.71,Good Chemistry Brewing,6.0,Farmhouse Ale - Saison,Can 440ml,440,14.09,Farmhouse Ale
Pulpe Fiction,6.2,France,3.84,Mogwaï Beer Company,2.9,Sour - Fruited Berliner Weisse,Can 440ml,440,14.09,Sour
Say What It Is IPA,6.2,Denmark,3.62,Seagrove Public,5.5,IPA - New England / Hazy,Can 440ml,440,14.09,IPA
Twin Cities: Nectaron & Simcoe,6.2,England,3.92,Left Handed Giant Brewing,5.2,Gluten-Free,Can 440ml,440,14.09,Gluten-Free
De Moersleutel 7 Year Anniversary Serie: Wrath,6.2,Netherlands,3.87,Moersleutel Craft Brewery,8.0,Porter - Baltic,Can 440ml,440,14.09,Porter
Moving Through the World of Other,6.2,England,4.1,Verdant Brewing Co,6.5,IPA - New England / Hazy,Can 440ml,440,14.09,IPA
Hell For Pleather,6.2,England,4.06,Verdant Brewing Co,6.5,IPA - New England / Hazy,Can 440ml,440,14.09,IPA
It's Showtime,6.2,England,3.78,Brew York,6.0,Sour - Fruited,Can 440ml,440,14.09,Sour
Sea Salt & Lime Gose,6.2,England,3.62,Anspach & Hobday,3.5,Sour - Fruited Gose,Can 440ml,440,14.09,Sour
Santa's Hop Sack IPA,6.2,Norway,3.53,Amundsen Brewery,5.3,IPA - New England / Hazy,Can 440ml,440,14.09,IPA
First Wave,6.2,England,3.87,Track Brewing Company,5.0,Pale Ale - New England / Hazy,Can 440ml,440,14.09,Pale Ale
Stingray,6.2,Norway,4.14,Salikatt Bryggeri,8.0,IPA - Imperial / Double New England / Hazy,Can 440ml,440,14.09,IPA
Make My Day,6.2,Spain,3.8,Caleya,7.7,IPA - Imperial / Double,Can 440ml,440,14.09,IPA
Plum Porter,4.65,Estonia,3.84,Põhjala,9.5,Porter - Imperial / Double Baltic,330ml,330,14.09,Porter
Walhalla Double Elixer IX,6.2,Netherlands,3.43,Walhalla Brouwerij & Proeflokaal,7.8,Sour - Fruited,Can 440ml,440,14.09,Sour
Fizz The Season Mimosa IPA,6.2,England,3.56,Vocation Brewery,7.0,IPA - New England / Hazy,Can 440ml,440,14.09,IPA
Hype Dream Raspberry & Blackberry,4.65,Norway,3.8,LERVIG,6.5,Sour - Smoothie / Pastry,330ml,330,14.09,Sour
Baltic Porter Day 2024,4.65,Estonia,4.04,Põhjala,10.0,Porter - Imperial / Double Baltic,330ml,330,14.09,Porter
Donker Sur Lie PX / Auchentoshan,4.65,Netherlands,3.61,Brouwerij In De Nacht,10.0,Belgian Quadrupel,330ml,330,14.09,Belgian Quadrupel
Raspberry Sour,6.2,Scotland,3.82,Vault City Brewing,5.0,Sour - Fruited,Can 440ml,440,14.09,Sour
Mango Lime Lassi,6.2,Scotland,3.94,Vault City Brewing,5.7,Sour - Fruited,Can 440ml,440,14.09,Sour
Dark Way,4.65,Spain,3.83,Cervesa Espiga,10.5,Stout - Imperial / Double,330ml,330,14.09,Stout
Wrapped In Mistletoe,6.2,England,3.93,Twisted Barrel Ale,6.0,IPA - New England / Hazy,Can 440ml,440,14.09,IPA
Burning Sky x Wildflower From The Farm,6.2,England,3.91,Burning Sky Brewery,5.4,Farmhouse Ale - Other,Can 440ml,440,14.09,Farmhouse Ale
Tiny Rebel - Hop Hut Winter Slam,6.2,Wales,3.66,Tiny Rebel Brewing Co,5.5,IPA - American,Can 440ml,440,14.09,IPA
Lipari,6.2,England,3.84,Track Brewing Company,5.0,Sour - Fruited Gose,Can 440ml,440,14.09,Sour
Black Potion,4.65,Netherlands,3.81,Brouwerij Kees,13.8,Stout - Pastry,330ml,330,14.09,Stout
Too Nerdy,4.65,Italy,3.93,Ritual Lab,8.0,IPA - Imperial / Double,Can 330ml,330,14.09,IPA
From Above,6.2,England,3.76,Track Brewing Company,4.1,Gluten-Free,Can 440ml,440,14.09,Gluten-Free
Twin Cities: Mosaic & Motueka,6.2,England,3.91,Left Handed Giant Brewing,5.2,Gluten-Free,Can 440ml,440,14.09,Gluten-Free
Come Together (Block Party Collab w/ BarthHaas),6.2,England,3.79,Track Brewing Company,4.5,Pale Ale - New England / Hazy,Can 440ml,440,14.09,Pale Ale
Love Spreads (x The Malt Miller),6.2,England,3.94,Track Brewing Company,5.0,Pale Ale - New England / Hazy,Can 440ml,440,14.09,Pale Ale
Perfection Pale Ale,6.2,France,3.79,Prizm Brewing Co.,5.0,Pale Ale - New England / Hazy,Can 440ml,440,14.09,Pale Ale
Looking Sharp,6.2,Portugal,3.88,Dois Corvos,8.0,IPA - New England / Hazy,Can 440ml,440,14.09,IPA
Astro Double IPA,4.65,Italy,3.81,Ritual Lab,8.0,IPA - Imperial / Double,Can 330ml,330,14.09,IPA
Tupamaros,4.65,Italy,3.85,Ritual Lab,8.0,IPA - Imperial / Double,Can 330ml,330,14.09,IPA
Ripple: Cherry Cinnamon,6.2,England,3.71,Pastore Brewing and Blending,4.0,Sour - Other,Can 440ml,440,14.09,Sour
La Primera Operadora,6.2,Netherlands,3.71,Stadsbrouwerij 013,10.0,Barleywine - Other,Can 440ml,440,14.09,Barleywine
DDVDK Maurice Outdoor Lambic,10.57,Belgium,3.45,Brouwerij De Dochter van de Korenaar,7.0,Lambic - Traditional,Bottle 750ml,750,14.09,Lambic
DDH Hops x Art #20 New England IPA,6.2,Latvia,3.96,Ārpus Brewing Co.,6.5,IPA - New England / Hazy,Can 440ml,440,14.09,IPA
Nightmare of Brew York 2024,6.2,England,4.02,Brew York,8.5,Stout - Imperial / Double Milk,Can 440ml,440,14.09,Stout
Pét 2022,10.58,Hungary,,BudaPrés Cider,6.7,Cider - Dry,Bottle 750ml,750,14.11,Cider
The Age of Lamb,7.06,Serbia,3.6,Dogma Brewery,5.0,Schwarzbier,500ml,500,14.12,Schwarzbier
Frontaal / Oldtimers Drop Bock,4.66,Netherlands,3.61,Brouwerij Frontaal,7.5,Bock - Doppelbock,330ml,330,14.12,Bock
Go Loko,4.66,Hungary,3.79,Mad Scientist,5.8,Sour - Fruited,330ml,330,14.12,Sour
Groen,4.66,Belgium,3.75,Bières de Chimay,10.0,Belgian Strong Golden Ale,330ml,330,14.12,Belgian Strong Golden Ale
Le Pic 2023,10.6,France,4.05,Sacrilège,7.2,Grape Ale - Other,Bottle 750ml,750,14.13,Grape Ale
"Oude Gueuze Tilquin à l&apos;Ancienne  -  37,5cl incl. statiegeld",5.3,United States,3.89,Sierra Nevada Brewing Co.,7.0,Belgian Tripel,Bottle 375ml,375,14.13,Belgian Tripel
Movie Night BA 2022,10.6,Denmark,3.86,To Øl,10.6,Brown Ale - Imperial / Double,Bottle 750ml,750,14.13,Brown Ale
Oude Kriek Mariage Parfait,5.3,Belgium,4.07,Brouwerij Boon,8.0,Lambic - Kriek,Bottle 375ml,375,14.13,Lambic
Photon,6.69,United States,3.99,Equilibrium Brewery,4.8,Pale Ale - American,473ml,473,14.14,Pale Ale
Donner Party Porter,6.69,United States,3.79,FiftyFifty Brewing Co.,7.2,Porter - American,473ml,473,14.14,Porter
Martian Dawn,6.69,United States,4.02,Burlington Beer Company,8.2,IPA - Imperial / Double New England / Hazy,473ml,473,14.14,IPA
Hüftgold,6.69,United States,3.74,El Segundo Brewing Company,5.8,Festbier,473ml,473,14.14,Festbier
Escape [it's your everyday West Coast IPA],6.69,United States,3.79,Offshoot Beer Co.,7.1,IPA - American,473ml,473,14.14,IPA
Passionfruit Mochi,6.69,United States,4.15,Great Notion Brewing,7.0,IPA - Milkshake,473ml,473,14.14,IPA
Corvo Negro,6.69,United States,3.8,Novo Brazil Brewing,11.0,Stout - Russian Imperial,473ml,473,14.14,Stout
Hof Ten Dormaal Framboos,4.67,Belgium,3.69,Brouwerij Hof ten Dormaal,6.5,Sour - Fruited,330ml,330,14.15,Sour
Hof Ten Dormaal Sloe,4.67,Belgium,3.66,Brouwerij Hof ten Dormaal,6.2,Sour - Fruited,330ml,330,14.15,Sour
Hof Ten Dormaal Stekelbees,4.67,Belgium,3.56,Brouwerij Hof ten Dormaal,6.0,Sour - Fruited,330ml,330,14.15,Sour
Cold IPA Krush / Simcoe,6.23,France,3.81,Popihn,6.5,IPA - Cold,Can 440ml,440,14.16,IPA
Framboos,5.31,Belgium,3.74,Hanssens Artisanaal,6.0,Lambic - Framboise,Bottle 375ml,375,14.16,Lambic
Fruit Works Blueberry-Strawberry-Lime,6.23,Hungary,3.92,Brew Your Mind,5.7,Sour - Fruited,Can 440ml,440,14.16,Sour
Coronado - Weekend Vibes IPA,6.7,United States,3.79,Coronado Brewing Company,6.8,IPA - American,473ml,473,14.16,IPA
Saison de Lis,6.7,United States,3.72,Perennial Artisan Ales,5.0,Farmhouse Ale - Saison,473ml,473,14.16,Farmhouse Ale
NEIPA DDH Talus / Simcoe / Sabro,6.23,France,4.02,Popihn,7.0,IPA - New England / Hazy,Can 440ml,440,14.16,IPA
Popihn / Dalons IPA DDH Citra,6.23,France,4.03,Popihn,7.2,IPA - New England / Hazy,Can 440ml,440,14.16,IPA
NEIPA DDH Krush,6.23,France,3.85,Popihn,6.5,IPA - New England / Hazy,Can 440ml,440,14.16,IPA
Candy Flip Cantaloupe,6.23,Hungary,3.82,Brew Your Mind,7.0,IPA - Milkshake,Can 440ml,440,14.16,IPA
Double Hazy Queen 2024,6.23,Hungary,3.83,HORIZONT Brewing,8.0,IPA - Imperial / Double New England / Hazy,Can 440ml,440,14.16,IPA
Drunk Tongue,6.23,Germany,3.81,FrauGruber Brewing,9.3,IPA - Triple New England / Hazy,Can 440ml,440,14.16,IPA
Momentum Blackcurrant,4.68,Estonia,4.01,Pühaste Brewery,12.0,Porter - Imperial / Double Baltic,Can 330ml,330,14.18,Porter
Horizont Sour Series Unicorn Magic,4.68,Hungary,3.79,HORIZONT Brewing,4.5,Sour - Smoothie / Pastry,Can 330ml,330,14.18,Sour
Choco Porter,4.68,Italy,3.87,Ritual Lab,9.2,Porter - Imperial / Double Baltic,Can 330ml,330,14.18,Porter
Lervig Tasty Juice DDH IPA,7.09,Norway,3.87,LERVIG,6.0,IPA - American,500ml,500,14.18,IPA
Solitary Sock – IPA,6.25,Germany,3.93,FUERST WIACEK,6.2,IPA - New England / Hazy,Can 440ml,440,14.2,IPA
No sleep till Brewklyn – New England IPA ( Tribute to Beastie Boys),6.25,Germany,3.94,Hopacabana Brewing,7.0,IPA - Other,Can 440ml,440,14.2,IPA
White Label: Imperial Stout Islay BA,6.25,Netherlands,4.03,Brouwerij Emelisse,11.0,Stout - Russian Imperial,Can 440ml,440,14.2,Stout
Thrust,6.25,Netherlands,3.93,Moersleutel Craft Brewery,8.0,IPA - Imperial / Double,Can 440ml,440,14.2,IPA
Don't Get Hit By Lightning,6.25,Germany,3.93,FUERST WIACEK,6.8,IPA - American,Can 440ml,440,14.2,IPA
High Ground,6.25,France,3.85,Prizm Brewing Co.,6.0,IPA - New England / Hazy,Can 440ml,440,14.2,IPA
Vampire Denture – New England IPA,6.25,Germany,4.03,Sudden Death Brewing Co.,7.1,IPA - New England / Hazy,Can 440ml,440,14.2,IPA
"David: Triple Gelato: Papaya, White Guava & Mango",7.1,Poland,4.11,Funky Fluid,8.0,Sour - Smoothie / Pastry,500ml,500,14.2,Sour
Cream of Cashmere,6.25,Spain,3.94,Basqueland Brewing,6.2,IPA - New England / Hazy,Can 440ml,440,14.2,IPA
De Ranke: Cuvee De Ranke 2022,10.65,Belgium,4.09,Brouwerij De Ranke,7.0,Sour - Other,Bottle 750ml,750,14.2,Sour
Color Television,6.25,Germany,3.94,FUERST WIACEK,6.8,IPA - New England / Hazy,Can 440ml,440,14.2,IPA
Intergalactic,6.25,Germany,3.82,FUERST WIACEK,6.8,IPA - New England / Hazy,Can 440ml,440,14.2,IPA
Damn House,6.25,Hungary,3.72,Mad Scientist,6.0,IPA - Fruited,Can 440ml,440,14.2,IPA
Extinction Is Forever!: Slow Loris,7.1,Austria,3.99,Brauhaus Bevog,6.3,IPA - New England / Hazy,500ml,500,14.2,IPA
Curt de Gambals – American IPA,6.25,Spain,3.76,La Calavera,5.6,IPA - American,Can 440ml,440,14.2,IPA
Stereo – DDH IPA,6.25,Germany,4.02,FUERST WIACEK,6.8,IPA - New England / Hazy,Can 440ml,440,14.2,IPA
Haze of the Tentacle – Hazy Doube Dry Hopped IPA,6.25,Germany,4.05,Hopacabana Brewing,6.2,IPA - American,Can 440ml,440,14.2,IPA
Clapsticks,6.25,Spain,3.8,Garage Beer Co.,7.0,IPA - Other,Can 440ml,440,14.2,IPA
Werewolf Grandma – DDH IPA,6.25,Germany,4.1,FUERST WIACEK,6.8,IPA - New England / Hazy,Can 440ml,440,14.2,IPA
Re-animator,6.25,Spain,3.9,Caleya,7.0,IPA - American,Can 440ml,440,14.2,IPA
Fuzzy Van Trip – India Pale Ale,6.25,Germany,4.0,Sudden Death Brewing Co.,6.3,IPA - New England / Hazy,Can 440ml,440,14.2,IPA
IR#09 - Farmhouse Ale Dryhopped,6.25,France,3.63,Noiseless,6.3,Farmhouse Ale - Saison,Can 440ml,440,14.2,Farmhouse Ale
First Series Imperial Stout,6.25,Germany,3.74,Yankee & Kraut,9.4,Stout - Imperial / Double,Can 440ml,440,14.2,Stout
Arpus TDH Peacharine x Motueka DIPA,6.25,Latvia,4.05,Ārpus Brewing Co.,8.0,IPA - Imperial / Double New England / Hazy,Can 440ml,440,14.2,IPA
Samplelicious – Double IPA,6.25,Germany,4.1,Schwarze Rose,7.5,IPA - Imperial / Double New England / Hazy,Can 440ml,440,14.2,IPA
Paradise Cove – India Pale Ale,6.25,Germany,3.83,FrauGruber Brewing,6.5,IPA - New England / Hazy,Can 440ml,440,14.2,IPA
60 / 60 Chance – Double IPA,6.25,Germany,3.72,FrauGruber Brewing,8.0,IPA - Imperial / Double New England / Hazy,Can 440ml,440,14.2,IPA
Press Button for Funk – IPA,6.25,Germany,3.91,FrauGruber Brewing,6.5,IPA - New England / Hazy,Can 440ml,440,14.2,IPA
Tiramisu,6.25,Spain,4.1,Basqueland Brewing,10.8,Stout - Imperial / Double Pastry,Can 440ml,440,14.2,Stout
Every Now And Then,6.25,Germany,4.13,FUERST WIACEK,6.8,IPA - New England / Hazy,Can 440ml,440,14.2,IPA
Model-K52,6.25,Spain,3.98,Garage Beer Co.,7.0,IPA - New England / Hazy,Can 440ml,440,14.2,IPA
Filibuster – New England IPA,6.25,Germany,4.05,Atelier der Braukünste,6.7,IPA - New England / Hazy,Can 440ml,440,14.2,IPA
Wind,6.25,Netherlands,4.07,Moersleutel Craft Brewery,12.0,Belgian Quadrupel,Can 440ml,440,14.2,Belgian Quadrupel
Heaven Crashers,6.25,Romania,4.1,Ignat Brewery (Bere Noah),7.0,IPA - New England / Hazy,Can 440ml,440,14.2,IPA
Papouilles & Pils (Pilsner Italian),6.25,France,3.71,Les Intenables - Craft Beer -,5.2,Pilsner - Italian,Can 440ml,440,14.2,Pilsner
Candy Kittens Eton Mess Strawberry & Vanilla – New England IPA,6.25,Scotland,3.1,BrewDog,6.0,IPA - Fruited,Can 440ml,440,14.2,IPA
Pie Eating Contest,6.25,Spain,4.11,Basqueland Brewing,11.2,Stout - Imperial / Double Pastry,Can 440ml,440,14.2,Stout
Shiny Horse – Fruited Sour mit Pfirsich und Sanddorn,6.25,Germany,3.47,Liquid Story Brewing Co.,4.5,Sour - Fruited,Can 440ml,440,14.2,Sour
All the Single Hops Centennial – New England IPA,6.25,Germany,3.85,FUERST WIACEK,6.8,IPA - New England / Hazy,Can 440ml,440,14.2,IPA
Alien By Choice,6.25,Sweden,4.04,Elmeleven,6.0,Sour - Smoothie / Pastry,Can 440ml,440,14.2,Sour
Pendulum DIPA (bbf: 16-07-25),6.25,Sweden,4.13,Apex Brewing Company,8.0,IPA - Imperial / Double New England / Hazy,Can 440ml,440,14.2,IPA
Hydrostatic Equilibrium (canned: 17-07-24),6.25,England,3.88,Azvex Brewing Company,5.2,IPA - New England / Hazy,Can 440ml,440,14.2,IPA
Die Bake Havenarbeiter Porter,4.69,Germany,3.44,Die Bake Braumanufaktur,4.6,Porter - English,330ml,330,14.21,Porter
Lummus,4.69,Estonia,3.97,Pühaste Brewery,11.5,Stout - Imperial / Double Milk,330ml,330,14.21,Stout
Nirvana DH Witbier,4.69,Netherlands,3.41,Van Moll,5.2,Wheat Beer - Witbier / Blanche,330ml,330,14.21,Wheat Beer
VandeStreek Frisky Everyday NEIPA,4.69,Netherlands,3.52,vandeStreek bier,4.4,IPA - New England / Hazy,330ml,330,14.21,IPA
Jokker Pale Ale Alkoholfrei,4.69,Estonia,3.35,Pühaste Brewery,0.5,Non-Alcoholic - Pale Ale,330ml,330,14.21,Non-Alcoholic
Raspberry Rush,4.69,Denmark,3.18,Mikkeller,0.3,Non-Alcoholic - Other,330ml,330,14.21,Non-Alcoholic
Double Dry Hopped Maz,4.69,Sweden,3.76,Omnipollo,5.6,Pale Ale - American,330ml,330,14.21,Pale Ale
Granda Alter Native Juicy IPA,4.69,Italy,3.58,Birrificio della Granda,6.7,IPA - American,330ml,330,14.21,IPA
Mango Bay Milkshake Pale Ale,4.69,Hungary,3.66,Mad Scientist,5.2,Pale Ale - Milkshake,330ml,330,14.21,Pale Ale
Surrealiste Opera Fantastico,4.69,Belgium,3.58,Brasserie Surréaliste,6.7,IPA - American,Can 330ml,330,14.21,IPA
Limbo Raspberry Vanilla,4.69,Denmark,3.78,Mikkeller,0.3,Non-Alcoholic - Sour,330ml,330,14.21,Non-Alcoholic
Vestkyst IPA,4.69,Norway,3.83,Kinn Bryggeri,7.0,IPA - American,330ml,330,14.21,IPA
STAY BRUTAL,4.69,Netherlands,3.59,JELSTER,10.0,Stout - Imperial / Double Pastry,330ml,330,14.21,Stout
Lervig Naughty & Nice,4.69,Norway,3.58,LERVIG,8.0,Bock - Doppelbock,330ml,330,14.21,Bock
Granda Looking Glass West Coast IPA,4.69,Italy,3.55,Birrificio della Granda,7.0,IPA - American,330ml,330,14.21,IPA
2014 - 10 Years of Brewski,4.69,Sweden,3.88,Brewski,6.0,Sour - Fruited Berliner Weisse,330ml,330,14.21,Sour
Lervig Naughty & Nice Doppelbock,4.69,Norway,3.58,LERVIG,8.0,Bock - Doppelbock,330ml,330,14.21,Bock
Langharig Tuig Hoppy Weizen,4.69,Netherlands,3.54,Van Moll,5.5,Wheat Beer - Hopfenweisse,330ml,330,14.21,Wheat Beer
Comfy Chair,6.69,United States,3.81,Eppig Brewing,5.0,Stout - Oatmeal,Can 470ml,470,14.23,Stout
Walhalla Daemon #20 Ragana,4.7,Netherlands,3.69,Walhalla Brouwerij & Proeflokaal,9.0,Porter - Baltic,330ml,330,14.24,Porter
Monyo x Rivington Joel's Journey,4.7,Hungary,3.64,MONYO Brewing Co.,5.5,IPA - New England / Hazy,330ml,330,14.24,IPA
Trappistes Rochefort - 6,4.7,Belgium,3.71,Abbaye Notre-Dame de Saint-Rémy,7.5,Belgian Dubbel,Bottle 330ml,330,14.24,Belgian Dubbel
First x Christiania Bryghus Crank it up,4.7,Hungary,,FIRST Craft Beer,7.0,Stout - Pastry,330ml,330,14.24,Stout
Blond,4.7,Belgium,3.83,Brasserie St-Feuillien,7.5,Belgian Blonde,330ml,330,14.24,Belgian Blonde
French Toast,4.7,Hungary,3.82,Mad Scientist,6.0,Sour - Smoothie / Pastry,330ml,330,14.24,Sour
Buzz,4.7,Austria,3.63,Brauhaus Bevog,5.7,IPA - New England / Hazy,330ml,330,14.24,IPA
Uffe Gluten Free IPA,4.7,Sweden,3.51,Brewski,5.9,IPA - American,330ml,330,14.24,IPA
Twenty Hounds Hoppy Danish Golden Strong Ale,4.7,Denmark,3.45,Copenhagen Commons,8.5,Belgian Strong Golden Ale,330ml,330,14.24,Belgian Strong Golden Ale
DDH Sabro Galaxy IPA,4.7,Scotland,3.46,BRULO,5.3,Non-Alcoholic - IPA,330ml,330,14.24,Non-Alcoholic
BLAK STOC Wild Tree Hoppy Cider,4.7,Austria,3.59,BlakStoc,4.5,Cider - Herbed / Spiced / Hopped,330ml,330,14.24,Cider
DDH Lust for Life IPA,4.7,Scotland,3.41,BRULO,5.3,Non-Alcoholic - IPA,330ml,330,14.24,Non-Alcoholic
Dead Wax,4.7,England,3.58,Orbit Beers,5.5,Porter - English,Bottle 330ml,330,14.24,Porter
Sörmanufaktúra Rusty 2024,4.7,Hungary,3.7,Uradalmi Brewery,5.9,IPA - New England / Hazy,330ml,330,14.24,IPA
Portal (FLOWER GRUIT),4.7,Belgium,3.66,La Source Beer Co.,6.9,Historical Beer - Gruit / Ancient Herbed Ale,330ml,330,14.24,Historical Beer
Sörmanufaktúra Misty 2024,4.7,Hungary,3.8,Uradalmi Brewery,6.0,IPA - New England / Hazy,330ml,330,14.24,IPA
Side Eyes,4.7,Denmark,3.48,Mikkeller,4.6,Pale Ale - American,330ml,330,14.24,Pale Ale
Woo Alkoholmentes,4.7,Austria,3.48,Brauhaus Bevog,0.3,Non-Alcoholic - IPA,330ml,330,14.24,Non-Alcoholic
LOTR - Dwarven Forge,4.7,Hungary,2.79,Mad Scientist,6.0,Stout - Oatmeal,330ml,330,14.24,Stout
LOTR - Elvenberry,4.7,Hungary,3.28,Mad Scientist,2.5,Sour - Fruited,330ml,330,14.24,Sour
Two Chefs One Dok (Two Chefs Brewing),4.7,Belgium,3.56,Dok Brewing Company,5.5,Stout - Irish Dry,330ml,330,14.24,Stout
Liquorice Lush,4.7,Hungary,3.28,Reketye Brewing Co.,3.3,Sour - Fruited,330ml,330,14.24,Sour
Kees x Menno Olivier x Poch's Don Quichot,4.7,Netherlands,4.07,Brouwerij Kees,14.0,Barleywine - Other,330ml,330,14.24,Barleywine
Weird Weather,4.7,Denmark,3.31,Mikkeller,0.3,Non-Alcoholic - IPA,330ml,330,14.24,Non-Alcoholic
First x Christiania Bryghus Mellow it Down,4.7,Hungary,,FIRST Craft Beer,8.0,Sour - Other,330ml,330,14.24,Sour
Boskeun,4.7,Belgium,3.7,Brouwerij De Dolle Brouwers,9.0,Belgian Strong Golden Ale,330ml,330,14.24,Belgian Strong Golden Ale
LOTR - White Tree Pale,4.7,Hungary,3.5,Mad Scientist,5.2,Pale Ale - New Zealand,330ml,330,14.24,Pale Ale
Iskold Xmas Classic,4.7,Denmark,3.31,Mikkeller,5.6,Lager - Vienna,330ml,330,14.24,Lager
Stereo Mono Mosaic,4.7,Denmark,3.78,To Øl,6.8,IPA - New England / Hazy,Can 330ml,330,14.24,IPA
Cat Soup,4.7,France,3.73,La Débauche,8.0,IPA - Imperial / Double,330ml,330,14.24,IPA
First Chocolate Vanilla 2024,4.7,Hungary,,FIRST Craft Beer,7.5,Stout - Imperial / Double,330ml,330,14.24,Stout
Green Gold,4.7,Denmark,3.77,Mikkeller,7.0,IPA - American,330ml,330,14.24,IPA
Hooglander New England IPA #07,4.7,Netherlands,3.83,Hooglander Bier,7.1,IPA - New England / Hazy,330ml,330,14.24,IPA
Félegyházi Blue Lagoon Gose,4.7,Hungary,3.4,Félegyházi Sörműhely,5.0,Sour - Fruited Gose,330ml,330,14.24,Sour
Quadrupel,4.7,Netherlands,3.68,Sion Kloosterbier,10.0,Belgian Quadrupel,330ml,330,14.24,Belgian Quadrupel
Brune,4.7,Belgium,3.51,Brasserie St-Feuillien,8.5,Belgian Dubbel,330ml,330,14.24,Belgian Dubbel
Rivers of Suggestion,6.74,United States,3.94,Saint Errant Brewing,6.5,IPA - American,473ml,473,14.25,IPA
AERoFAB Björnstorm,6.27,France,3.9,Aerofab,8.0,IPA - Imperial / Double,Can 440ml,440,14.25,IPA
Good Mr. Postman (Lager American Light),6.75,United States,3.76,Perennial Artisan Ales,4.2,Lager - American Light,473ml,473,14.27,Lager
Route des Épices (Rye Beer),6.75,Canada,3.59,Brasserie Dieu du Ciel!,5.3,Rye Beer,473ml,473,14.27,Rye Beer
Skittley Bittley Bop,6.75,United States,3.73,Hoof Hearted Brewing,4.5,Sour - Fruited,473ml,473,14.27,Sour
AERoFAB Tempête,4.71,France,3.96,Aerofab,5.0,Stout - Imperial / Double,330ml,330,14.27,Stout
Gueuze Mariage Parfait,10.7,Belgium,3.79,Brouwerij Boon,8.0,Lambic - Gueuze,Bottle 750ml,750,14.27,Lambic
Jerzy,6.75,United States,3.75,Celestial Beerworks,5.0,Lager - Pale,473ml,473,14.27,Lager
Busy Work,6.75,United States,3.91,Corporate Ladder Brewing Company,5.25,Lager - Munich Dunkel,473ml,473,14.27,Lager
Gold Tooth (Lager Leichtbier),6.75,United States,3.79,Perennial Artisan Ales,4.0,Lager - Leichtbier,473ml,473,14.27,Lager
TDH Double 5 DIPA,6.29,Latvia,4.03,Ārpus Brewing Co.,8.0,IPA - Imperial / Double New England / Hazy,Can 440ml,440,14.3,IPA
Long Player IPA,6.29,Germany,3.99,FrauGruber Brewing,6.5,IPA - New England / Hazy,Can 440ml,440,14.3,IPA
The Garden Brewery/Zmajska East Coast IPA,6.29,Croatia,3.92,The Garden Brewery,6.2,IPA - New England / Hazy,Can 440ml,440,14.3,IPA
Phaedra,6.29,England,3.82,Pomona Island Brew Co.,5.3,Pale Ale - New England / Hazy,Can 440ml,440,14.3,Pale Ale
Jolt,6.29,Spain,3.96,Garage Beer Co.,6.2,IPA - New England / Hazy,Can 440ml,440,14.3,IPA
Lillemor,6.29,Sweden,3.7,Stigbergets Bryggeri,7.0,IPA - American,Can 440ml,440,14.3,IPA
Caramel Mocha Latte,6.29,United States,3.87,Belching Beaver Brewery,6.0,Stout - White / Golden,Can 440ml,440,14.3,Stout
"Fresh From // Hop Focus // Pacific Sunrise, Belma, Strata",6.29,England,3.76,Northern Monk,5.3,IPA - American,Can 440ml,440,14.3,IPA
The Piña Colada Beer,6.29,England,3.61,Siren Craft Brew,6.0,Sour - Fruited,Can 440ml,440,14.3,Sour
NEIPA Mosaic El Dorado,6.29,Bulgaria,3.97,Blek Pine Brewery,6.0,IPA - New England / Hazy,Can 440ml,440,14.3,IPA
CITRA IN LOVE: RIWAKA,6.29,Sweden,3.94,Fermenterarna,8.0,IPA - Imperial / Double New England / Hazy,Can 440ml,440,14.3,IPA
Wasn't Me Hazy IPA,6.29,Germany,3.94,Liquid Story Brewing Co.,6.5,IPA - New England / Hazy,Can 440ml,440,14.3,IPA
DON'T QUOTE ME,6.29,Spain,4.06,SOMA Beer,6.0,IPA - New England / Hazy,Can 440ml,440,14.3,IPA
Nectaron Hornet,6.29,Germany,3.93,FrauGruber Brewing,8.0,IPA - Imperial / Double New England / Hazy,Can 440ml,440,14.3,IPA
Soon Never Comes,6.29,Ireland,4.01,Whiplash,8.5,IPA - Imperial / Double New England / Hazy,Can 440ml,440,14.3,IPA
Toucan Tropic DDH IPA,6.29,England,3.73,Vocation Brewery,6.7,IPA - American,Can 440ml,440,14.3,IPA
Empty Temples IPA,6.29,Germany,3.85,FrauGruber Brewing,6.5,IPA - New England / Hazy,Can 440ml,440,14.3,IPA
Bubble Island,6.29,England,3.64,Neon Raptor Brewing Co.,5.8,Stout - Pastry,Can 440ml,440,14.3,Stout
TDH Rakau X Galaxy DIPA,6.29,Latvia,3.93,Ārpus Brewing Co.,8.0,IPA - Imperial / Double New England / Hazy,Can 440ml,440,14.3,IPA
Maya,6.29,France,3.82,The Piggy Brewing Company,6.0,IPA - New England / Hazy,Can 440ml,440,14.3,IPA
"The Garden Brewery/Juguetes Perdidos Eclipse, Vic Secret & Sabro Hazy Double IPA",6.29,Croatia,3.81,The Garden Brewery,7.1,IPA - Imperial / Double New England / Hazy,Can 440ml,440,14.3,IPA
Rainbow,6.29,France,3.94,Prizm Brewing Co.,8.0,IPA - Imperial / Double,Can 440ml,440,14.3,IPA
The 4 Elements: Water,6.29,Netherlands,3.97,Moersleutel Craft Brewery,12.0,Barleywine - Other,Can 440ml,440,14.3,Barleywine
Predator Fruit,6.29,Spain,3.98,Caleya,5.5,Sour - Smoothie / Pastry,Can 440ml,440,14.3,Sour
Swarm,6.29,Spain,3.86,MALANDAR Craft Beer,8.0,IPA - Imperial / Double,Can 440ml,440,14.3,IPA
Puerto Moutere,6.29,France,3.95,The Piggy Brewing Company,8.0,IPA - Imperial / Double New England / Hazy,Can 440ml,440,14.3,IPA
Moersleutel CYCT: Vibration,6.29,Netherlands,3.73,Moersleutel Craft Brewery,6.5,IPA - New England / Hazy,Can 440ml,440,14.3,IPA
Jimmy the Man,6.29,Spain,3.93,Gross,6.5,IPA - New England / Hazy,Can 440ml,440,14.3,IPA
Chill'n'sour,7.15,Czech Republic,3.9,Pivovar Thrills Brewing,4.2,Sour - Fruited,500ml,500,14.3,Sour
Autumn Berry Maple Swirl,6.29,Scotland,3.99,Vault City Brewing,5.0,Sour - Smoothie / Pastry,Can 440ml,440,14.3,Sour
Shades of Marble,6.29,Ireland,4.0,Whiplash,8.0,IPA - Imperial / Double New England / Hazy,Can 440ml,440,14.3,IPA
Drone Logic,6.29,Ireland,4.03,Whiplash,8.0,IPA - Imperial / Double,Can 440ml,440,14.3,IPA
What Makes Larry Happy,6.29,England,3.76,Bang The Elephant Brewing Co,5.8,Pale Ale - New Zealand,Can 440ml,440,14.3,Pale Ale
ITS NOT ME. ITS I.B.U,6.29,England,3.47,Bang The Elephant Brewing Co,7.0,IPA - American,Can 440ml,440,14.3,IPA
Shellicious,6.29,France,3.98,La Superbe,6.2,IPA - New England / Hazy,Can 440ml,440,14.3,IPA
Sour Shit - Strawberry,6.29,Ukraine,3.77,Дідько Brewery,8.0,Sour - Fruited,Can 440ml,440,14.3,Sour
CLOUT,6.29,Spain,4.05,SOMA Beer,6.0,IPA - New England / Hazy,Can 440ml,440,14.3,IPA
Press Button For Funk IPA,6.29,Germany,3.91,FrauGruber Brewing,6.5,IPA - New England / Hazy,Can 440ml,440,14.3,IPA
CHILLIN,6.29,Spain,4.09,SOMA Beer,6.0,IPA - English,Can 440ml,440,14.3,IPA
Welcome Home From Prison Mom Imperial West Coast IPA,6.29,Germany,3.8,FrauGruber Brewing,8.6,IPA - Imperial / Double,Can 440ml,440,14.3,IPA
Dissolve Me,6.29,Spain,3.99,Little Rain Brewing Company,6.8,IPA - New England / Hazy,Can 440ml,440,14.3,IPA
Blueprint (Enigma),6.29,Netherlands,4.13,Folkingebrew,8.5,IPA - Imperial / Double New England / Hazy,Can 440ml,440,14.3,IPA
Fuerst Wiacek Sipping Sunny,6.29,Germany,3.79,FUERST WIACEK,4.7,IPA - Session,Can 440ml,440,14.3,IPA
Fuerst Wiacek Sipping Sunny Session IPA,6.29,Germany,3.79,FUERST WIACEK,4.7,IPA - Session,Can 440ml,440,14.3,IPA
Hercules,6.29,Spain,3.83,Oso Brew Co,4.8,Stout - English,Can 440ml,440,14.3,Stout
Pure Drinking Beer,6.29,France,3.77,Prizm Brewing Co.,5.7,IPA - New England / Hazy,Can 440ml,440,14.3,IPA
Zestoria,6.29,Spain,3.83,Garage Beer Co.,6.6,IPA - American,Can 440ml,440,14.3,IPA
Suburban Destiny,6.29,Germany,3.77,FrauGruber Brewing,8.4,IPA - Imperial / Double New England / Hazy,Can 440ml,440,14.3,IPA
Northern Monk x Pipeline Patrons Project 18.07 North Sea Sessions,6.3,England,3.85,Northern Monk,5.0,Pale Ale - New Zealand,Can 440ml,440,14.32,Pale Ale
Damnation IPA V4,6.3,Scotland,3.84,Holy Goat Brewing,6.2,IPA - New England / Hazy,Can 440ml,440,14.32,IPA
The Old Testament DIPA (bbf: 22-07-25),6.3,Sweden,4.1,Apex Brewing Company,8.0,IPA - Imperial / Double New England / Hazy,Can 440ml,440,14.32,IPA
Manor Detail,6.3,Wales,3.86,Polly's Brew Co.,5.1,Pale Ale - New England / Hazy,Can 440ml,440,14.32,Pale Ale
Tartarus Eunomia,6.3,England,3.86,Tartarus Beers,6.1,IPA - New England / Hazy,Can 440ml,440,14.32,IPA
On The Surface,6.3,Wales,3.59,Polly's Brew Co.,5.6,Pale Ale - American,Can 440ml,440,14.32,Pale Ale
Tartarus Eirene,6.3,England,3.87,Tartarus Beers,6.1,IPA - New England / Hazy,Can 440ml,440,14.32,IPA
Arpus Brewing Co. Tonka X Coffee X Vanilla Imperial Stout,6.3,Latvia,4.14,Ārpus Brewing Co.,12.0,Stout - Imperial / Double,Can 440ml,440,14.32,Stout
Slushasaurus Pineapple & Grapefruit,6.3,England,3.72,Neon Raptor Brewing Co.,5.0,Sour - Fruited,Can 440ml,440,14.32,Sour
The Same Creative,6.3,Wales,3.66,Polly's Brew Co.,5.0,Sour - Fruited,Can 440ml,440,14.32,Sour
Tartarus Dike,6.3,England,3.85,Tartarus Beers,6.1,IPA - New England / Hazy,Can 440ml,440,14.32,IPA
Magic Spiral,6.3,England,3.7,Floc.,5.2,Pale Ale - New England / Hazy,Can 440ml,440,14.32,Pale Ale
Entropy (New Version),6.3,Wales,3.98,Dark Element Brew Co,6.5,IPA - New England / Hazy,Can 440ml,440,14.32,IPA
Mini M*rs,6.3,Scotland,4.01,Vault City Brewing,6.2,Stout - Milk / Sweet,Can 440ml,440,14.32,Stout
"Denim, Denim, Denim",6.3,England,3.99,Neon Raptor Brewing Co.,6.2,IPA - New England / Hazy,Can 440ml,440,14.32,IPA
Hoppy Pop,6.3,France,4.08,La Superbe,5.7,Lager - IPL (India Pale Lager),Can 440ml,440,14.32,Lager
K-52 (BBE 12/12/24),6.3,Spain,3.98,Garage Beer Co.,7.0,IPA - New England / Hazy,Can 440ml,440,14.32,IPA
Obi Wan Cannoli,6.3,England,3.93,Brew York,7.5,Stout - Milk / Sweet,Can 440ml,440,14.32,Stout
Milson,6.3,England,3.84,Sureshot Brewing,5.2,Pale Ale - New England / Hazy,Can 440ml,440,14.32,Pale Ale
Straw Man Fallacy - NEIPA,6.3,Germany,4.06,Atelier der Braukünste,6.5,IPA - New England / Hazy,Can 440ml,440,14.32,IPA
Tartarus Lachesis,6.3,England,3.92,Tartarus Beers,8.0,Belgian Tripel,Can 440ml,440,14.32,Belgian Tripel
Midnight Mischief,6.3,Ireland,3.84,Whiplash,5.8,Märzen,Can 440ml,440,14.32,Märzen
Triple Gelato: Crunchy Berries,7.16,Poland,4.12,Funky Fluid,7.0,Sour - Smoothie / Pastry,500ml,500,14.32,Sour
Triple Gelato: Mango Sticky Rice,7.16,Poland,4.04,Funky Fluid,7.5,Sour - Smoothie / Pastry,500ml,500,14.32,Sour
Lady Lust,6.3,Bulgaria,3.84,Metalhead,6.0,IPA - Milkshake,Can 440ml,440,14.32,IPA
Funky Fluid / One Drop All Out King,7.16,Poland,3.91,Funky Fluid,8.0,Sour - Smoothie / Pastry,500ml,500,14.32,Sour
Here Comes The Sun,6.3,Netherlands,3.72,Brouwerij Kees,9.2,IPA - Triple,Can 440ml,440,14.32,IPA
Tartarus Clotho,6.3,England,3.9,Tartarus Beers,7.0,Belgian Dubbel,Can 440ml,440,14.32,Belgian Dubbel
He Gets On Base,6.3,England,3.79,Sureshot Brewing,6.5,IPA - American,Can 440ml,440,14.32,IPA
Cats & Frogs,6.3,England,4.03,Left Handed Giant Brewing,6.5,IPA - New England / Hazy,Can 440ml,440,14.32,IPA
Isolate Your Mind,6.3,England,3.78,Disruption is Brewing,4.5,IPA - New England / Hazy,Can 440ml,440,14.32,IPA
Lowkey Lately,6.3,Wales,3.86,Polly's Brew Co.,5.3,Pale Ale - New England / Hazy,Can 440ml,440,14.32,Pale Ale
Brewing / Brew York - Super Red,6.3,England,3.91,Elusive Brewing,8.5,IPA - Red,Can 440ml,440,14.32,IPA
Nordic Punch,6.3,France,3.84,Les Intenables - Craft Beer -,6.5,IPA - Farmhouse,Can 440ml,440,14.32,IPA
Starlit,6.3,England,3.82,Track Brewing Company,7.2,IPA - American,Can 440ml,440,14.32,IPA
Santa's Hop Sack,6.3,Norway,3.53,Amundsen Brewery,5.3,IPA - New England / Hazy,Can 440ml,440,14.32,IPA
Pastore Raspberry & Strawberry Waterbeach Weisse,6.3,England,3.85,Pastore Brewing and Blending,3.4,Sour - Fruited Berliner Weisse,Can 440ml,440,14.32,Sour
Pastore Citra Waterbeach Weisse,6.3,England,3.86,Pastore Brewing and Blending,3.4,Sour - Berliner Weisse,Can 440ml,440,14.32,Sour
Alesmith - Party Tricks,6.3,United States,3.76,AleSmith Brewing Company,6.8,IPA - American,Can 440ml,440,14.32,IPA
Floc Easier,6.3,England,3.9,Floc.,5.5,Pale Ale - New England / Hazy,Can 440ml,440,14.32,Pale Ale
"Friend, It's Still You",6.3,England,3.79,Carnival Brewing Company,6.6,IPA - New England / Hazy,Can 440ml,440,14.32,IPA
Glasshouse Gummy,6.3,England,3.97,GlassHouse Beer Co,5.2,Pale Ale - New England / Hazy,Can 440ml,440,14.32,Pale Ale
Orange Creamsicle,6.3,Scotland,4.03,Vault City Brewing,4.8,Sour - Smoothie / Pastry,Can 440ml,440,14.32,Sour
Very Strawberry,6.3,Portugal,3.72,Dois Corvos,4.3,Sour - Other,Can 440ml,440,14.32,Sour
Shrimps & Bananas,6.3,England,3.8,Yonder Brewing & Blending,5.0,Sour - Fruited,Can 440ml,440,14.32,Sour
Cherry Fist,6.3,Germany,3.64,Blech.Brut,9.2,Sour - Fruited,Can 440ml,440,14.32,Sour
Pomona Island x Rivington Infinity DDH Pale,6.3,England,4.04,Pomona Island Brew Co.,5.4,Pale Ale - New England / Hazy,Can 440ml,440,14.32,Pale Ale
Flatbeat - keg K,286.6,Switzerland,3.97,Hoppy People,8.0,IPA - Imperial / Double New England / Hazy,20000ml,20000,14.33,IPA
SLUSHY XXL Blueberry Tabernak,6.74,United States,4.11,450 North Brewing Company,5.3,Sour - Fruited,Can 470ml,470,14.34,Sour
Big Lies,6.32,Hungary,4.27,Brew Your Mind,9.5,IPA - Triple,Can 440ml,440,14.36,IPA
Unsessionable,6.79,United States,4.05,Revolution Brewing Company,10.0,IPA - Imperial / Double,473ml,473,14.36,IPA
Chasing Ghosts,6.79,United States,3.96,"Epic Brewing Co. (Utah, Colorado)",10.3,IPA - Imperial / Double New England / Hazy,473ml,473,14.36,IPA
Sugar and Spoon,6.32,Romania,3.83,Bereta Brewing Co.,3.5,Sour - Smoothie / Pastry,Can 440ml,440,14.36,Sour
Tarot NOIR Strong Fruit Beer,3.59,Belgium,3.55,Brouwerij Lindemans,8.0,Fruit Beer,Bottle 250ml,250,14.36,Fruit Beer
Brew for the Crew,6.79,United States,3.65,Perennial Artisan Ales,5.5,Lager - Other,473ml,473,14.36,Lager
Harvester of Science,6.79,United States,4.24,Equilibrium Brewery,8.5,IPA - Imperial / Double,473ml,473,14.36,IPA
St. Louis Premium Framboise,3.59,Belgium,3.73,Kasteel Brouwerij Vanhonsebrouck,2.8,Lambic - Framboise,Bottle 250ml,250,14.36,Lambic
Tarot D'OR Strong Fruit Beer,3.59,Belgium,3.42,Brouwerij Lindemans,8.0,Fruit Beer,Bottle 250ml,250,14.36,Fruit Beer
Mass Shadow,6.79,United States,4.02,Drekker Brewing Company,7.0,IPA - New England / Hazy,473ml,473,14.36,IPA
Gold Tooth,6.8,United States,3.79,Perennial Artisan Ales,4.0,Lager - Leichtbier,473ml,473,14.38,Lager
Bistro Peach & Apricot Crumble,6.8,United States,4.11,Energy City Brewing,6.5,Sour - Fruited Berliner Weisse,473ml,473,14.38,Sour
Cocoloco – Imperial Stout,4.75,Germany,3.56,Munich Brew Mafia,9.0,Stout - Imperial / Double,330ml,330,14.39,Stout
Wing Walker,4.75,Netherlands,3.74,Two Chefs Brewing,8.0,IPA - Imperial / Double New England / Hazy,330ml,330,14.39,IPA
Rood-Wit-Blauw,4.75,Netherlands,3.5,Mister Hop,7.5,Belgian Tripel,330ml,330,14.39,Belgian Tripel
Falso Mestre Whisky BA,4.75,Belgium,3.92,Brewery De Meester,9.0,Porter - Imperial / Double,330ml,330,14.39,Porter
Spitsbergen IPA,4.75,Norway,3.61,Svalbard Bryggeri,7.0,IPA - American,330ml,330,14.39,IPA
Trappistes Rochefort 10 – Belgisches Quadrupel,4.75,Belgium,4.05,Abbaye Notre-Dame de Saint-Rémy,11.3,Belgian Quadrupel,330ml,330,14.39,Belgian Quadrupel
Cyber Rabbit,4.75,Hungary,3.66,MONYO Brewing Co.,5.8,IPA - New England / Hazy,330ml,330,14.39,IPA
"LULUU LU – Fruited Gose mit Apriokse , Pfirsich , Kirsche und Seesalz",4.75,Estonia,3.62,Pühaste Brewery,3.5,Sour - Fruited Gose,330ml,330,14.39,Sour
Daily Dose – Forest Fruit Sour,4.75,Netherlands,3.49,Two Chefs Brewing,7.2,Sour - Fruited,330ml,330,14.39,Sour
Triple A,4.75,Netherlands,3.6,Mister Hop,8.5,Belgian Tripel,330ml,330,14.39,Belgian Tripel
Puhaste Dekadents,4.75,Estonia,4.08,Pühaste Brewery,11.2,Stout - Imperial / Double,330ml,330,14.39,Stout
Galea Antwerp,4.75,Belgium,3.92,Galea Craft Beers,14.0,Stout - Russian Imperial,330ml,330,14.39,Stout
Tuotsnav,4.75,Sweden,3.96,Brewski,11.0,Stout - Russian Imperial,330ml,330,14.39,Stout
Puhaste Waking Fantasy,4.75,Estonia,3.96,Pühaste Brewery,12.0,Stout - Imperial / Double,330ml,330,14.39,Stout
Painted Black Imperial Stout,4.75,Netherlands,3.73,POPHOP,10.0,Stout - Imperial / Double,330ml,330,14.39,Stout
ROTT.royale,4.75,Netherlands,3.94,ROTT. Brouwers,11.2,Barleywine - Other,330ml,330,14.39,Barleywine
Pastry Train Schwarzwälder Kirsch Pastry Stout,4.75,Netherlands,3.92,Brouwerij Kees,12.9,Stout - Imperial / Double Pastry,Can 330ml,330,14.39,Stout
Finisterra Imperial Porter,4.75,Portugal,3.6,Dois Corvos,8.5,Porter - Imperial / Double,330ml,330,14.39,Porter
Caramel Fudge Stout Grape Brandy,4.75,Netherlands,4.01,Brouwerij Kees,11.0,Stout - Imperial / Double Pastry,330ml,330,14.39,Stout
Jacques Holy Quadrupel,4.75,Netherlands,3.78,Big Belly Brewing Company,11.0,Belgian Quadrupel,Can 330ml,330,14.39,Belgian Quadrupel
Blonde - Fruity Basil,4.75,Netherlands,3.41,FYB Beer,5.0,Blonde / Golden Ale - Other,330ml,330,14.39,Blonde / Golden Ale
'n Diquen Blueberry Chocolate Stout,4.75,Netherlands,3.61,Fightstreet Brewery,9.0,Stout - Russian Imperial,330ml,330,14.39,Stout
Caramel Fudge Stout Cognac,4.75,Netherlands,3.95,Brouwerij Kees,11.0,Stout - Imperial / Double Pastry,330ml,330,14.39,Stout
Caramel Fudge Stout Appelstroop,4.75,Netherlands,3.88,Brouwerij Kees,11.5,Stout - Imperial / Double,330ml,330,14.39,Stout
The Kernel Foeder Beer Mosaic,4.75,England,3.77,The Kernel Brewery,4.7,Farmhouse Ale - Other,330ml,330,14.39,Farmhouse Ale
Spitsbergen White IPA,4.75,Norway,3.26,Svalbard Bryggeri,6.0,IPA - White / Wheat,330ml,330,14.39,IPA
Masterblend Special Batch,4.75,Belgium,3.59,Brewery De Meester,9.0,Barleywine - Other,330ml,330,14.39,Barleywine
Dark Season,4.75,Norway,3.54,Svalbard Bryggeri,6.5,Brown Ale - English,330ml,330,14.39,Brown Ale
Scare the mash – Adambier  – Collab Totenhopfen – Gorillas,4.75,Germany,2.98,Gorilla Cervecería Berlin,5.0,Historical Beer - Adambier,330ml,330,14.39,Historical Beer
Spebi Glimi,4.75,Netherlands,3.62,Mister Hop,6.2,IPA - New England / Hazy,330ml,330,14.39,IPA
Zibi Stardust,4.75,Netherlands,3.58,Dutch Bargain,7.8,IPA - Imperial / Double,330ml,330,14.39,IPA
Through The Trees,7.2,England,3.94,Baron Brewing,6.7,IPA - New England / Hazy,Can 500ml,500,14.4,IPA
Space Soda | Strawberry & Redcurrant,7.2,England,3.93,Makemake,5.0,Sour - Fruited,Can 500ml,500,14.4,Sour
Festbier 2024,7.2,Scotland,3.76,Donzoko Brewing Company,5.6,Festbier,Can 500ml,500,14.4,Festbier
Deya Unchartered Waters,7.2,England,3.85,DEYA Brewing Company,5.5,Pale Ale - American,Can 500ml,500,14.4,Pale Ale
Lervig Tasty Juice,7.2,Norway,3.87,LERVIG,6.0,IPA - American,500ml,500,14.4,IPA
Das Schwarze,7.2,Italy,3.97,Brasseria Della Fonte,5.4,Schwarzbier,500ml,500,14.4,Schwarzbier
Towards The Glowing Sky,7.2,England,3.99,Makemake,6.0,IPA - Sour,500ml,500,14.4,IPA
Pine Barrens,7.2,England,3.98,Baron Brewing,6.5,IPA - American,Can 500ml,500,14.4,IPA
Oude Geuze,10.81,Belgium,3.74,Brouwerij Eylenbosch,5.8,Lambic - Gueuze,Bottle 750ml,750,14.41,Lambic
Rituals Ville vol.21,4.76,Italy,3.9,Ritual Lab,6.5,IPA - American,Can 330ml,330,14.42,IPA
Zwarte Snorre - Vat #35 - Pinot Noir,4.76,Netherlands,4.08,Berghoeve Brouwerij,11.0,Stout - Russian Imperial,330ml,330,14.42,Stout
Dr. Banghard,4.76,Hungary,4.04,Reketye Brewing Co.,11.0,Porter - Imperial / Double,330ml,330,14.42,Porter
Moersleutel De Kracht van Eenvoud,6.35,Netherlands,3.68,Moersleutel Craft Brewery,7.0,Stout - Other,Can 440ml,440,14.43,Stout
Dark Night,6.35,Netherlands,4.0,Moersleutel Craft Brewery,11.0,Stout - Imperial / Double Coffee,Can 440ml,440,14.43,Stout
Moersleutel Cyct: Velocity,6.35,Netherlands,3.69,Moersleutel Craft Brewery,6.5,IPA - New England / Hazy,Can 440ml,440,14.43,IPA
Coco Chango,6.35,Spain,3.89,Basqueland Brewing,11.0,Stout - Other,Can 440ml,440,14.43,Stout
Synth Wave,6.35,Denmark,3.85,Alefarm Brewing,7.4,IPA - Imperial / Double,Can 440ml,440,14.43,IPA
Grave Encounters,6.35,Germany,4.08,Sudden Death Brewing Co.,6.2,IPA - New England / Hazy,Can 440ml,440,14.43,IPA
Death Luxury,6.35,Germany,4.14,Sudden Death Brewing Co.,6.5,IPA - New England / Hazy,Can 440ml,440,14.43,IPA
Kingslayer – Fruited Sour with Cherry and Raspberry,6.35,Spain,3.91,La Calavera,4.7,Sour - Fruited,Can 440ml,440,14.43,Sour
Butterscotch Foundry,6.35,Netherlands,4.04,Moersleutel Craft Brewery,13.0,Stout - Imperial / Double Pastry,Can 440ml,440,14.43,Stout
Sequoia,6.36,Denmark,3.69,Alefarm Brewing,8.0,IPA - Imperial / Double,Can 440ml,440,14.45,IPA
Monolith,6.36,Denmark,4.01,Alefarm Brewing,8.0,IPA - Imperial / Double,Can 440ml,440,14.45,IPA
Afterglow,6.36,Denmark,3.85,Alefarm Brewing,8.0,IPA - Imperial / Double,Can 440ml,440,14.45,IPA
Internal Sunshine,6.36,Denmark,3.76,Alefarm Brewing,8.0,IPA - Imperial / Double,Can 440ml,440,14.45,IPA
Alefarm A Matter Of Perspective,6.36,Denmark,3.98,Alefarm Brewing,7.8,IPA - Imperial / Double,Can 440ml,440,14.45,IPA
Apple Of The God,4.77,Hungary,3.75,Etyeki Sörmanufaktúra,6.0,Sour - Fruited,330ml,330,14.45,Sour
Hof Ten Dormaal Zure van Tildonk - Lambiek Barbera,4.77,Belgium,3.71,Brouwerij Hof ten Dormaal,7.5,Sour - Fruited,330ml,330,14.45,Sour
Barrel Project 20.07,4.77,Netherlands,3.77,Brouwerij Kees,9.8,Porter - Imperial / Double,330ml,330,14.45,Porter
Hof Ten Dormaal Zure van Tildonk - Lambiek Vlierbloesem,4.77,Belgium,3.7,Brouwerij Hof ten Dormaal,6.0,Sour - Other,330ml,330,14.45,Sour
SigPhi Blackcurrant / Zwarte Bes,4.77,Belgium,3.84,Brouwerij Alvinne,8.0,Sour - Fruited,330ml,330,14.45,Sour
Deal With The Devil,4.77,Hungary,3.24,Etyeki Sörmanufaktúra,5.0,Stout - Milk / Sweet,330ml,330,14.45,Stout
Ahhhromantic,4.77,Hungary,3.78,SIMA brewing,8.5,IPA - Imperial / Double New England / Hazy,330ml,330,14.45,IPA
Frutti di Bosco,6.37,Sweden,3.67,Stigbergets Bryggeri,6.0,Sour - Fruited,Can 440ml,440,14.48,Sour
Juicy & Wild Soleille,10.87,Belgium,3.84,Lambiek Fabriek,8.7,Lambic - Fruit,Bottle 750ml,750,14.49,Lambic
Juicy & Wild Blue-Belle,10.87,Belgium,3.85,Lambiek Fabriek,8.0,Lambic - Fruit,Bottle 750ml,750,14.49,Lambic
Oude Schaarbeekse Kriek Schar-Elle,10.87,Belgium,4.07,Lambiek Fabriek,6.2,Lambic - Kriek,Bottle 750ml,750,14.49,Lambic
Pompeii,7.25,United States,4.04,Toppling Goliath Brewing Co.,6.3,IPA - American,500ml,500,14.5,IPA
Sinister and Sweet,6.38,Bulgaria,3.74,Metalhead,6.5,Stout - Pastry,Can 440ml,440,14.5,Stout
What We Leave Behind,6.38,Denmark,3.92,Alefarm Brewing,8.5,IPA - Imperial / Double,Can 440ml,440,14.5,IPA
Space Hopera,4.79,England,3.68,Original Stormtrooper Beer,6.6,Pale Ale - New England / Hazy,330ml,330,14.52,Pale Ale
Brewing Voyage en Abricot,6.39,France,3.76,The Piggy Brewing Company,4.7,Sour - Smoothie / Pastry,Can 440ml,440,14.52,Sour
Shangri Lager,4.79,Sweden,3.37,Stigbergets Bryggeri,5.0,Lager - Helles,330ml,330,14.52,Lager
Silk Screen,6.39,Netherlands,3.96,Floem,7.7,IPA - Imperial / Double New England / Hazy,Can 440ml,440,14.52,IPA
Metro Land Tokyo Session IPA,4.79,England,3.41,Two Tribes,4.0,IPA - Session,330ml,330,14.52,IPA
BA23.03 (St. Philips Barrel Society & Club),4.79,Netherlands,4.03,Baxbier,11.2,Stout - Imperial / Double Pastry,330ml,330,14.52,Stout
Triple Hyperactive Moon,6.39,Spain,4.11,Cervesa Espiga,10.0,IPA - Triple New England / Hazy,Can 440ml,440,14.52,IPA
Power Plant Premium Pilsner,4.79,England,3.26,Two Tribes,4.5,Gluten-Free,330ml,330,14.52,Gluten-Free
Huyghe Delirium Delirio Alkoholfrei,4.79,Belgium,3.05,Delirium - Huyghe Brewery,0.3,Non-Alcoholic - Other,330ml,330,14.52,Non-Alcoholic
Ghost Note,4.79,Hungary,3.77,Mad Scientist,8.4,Sour - Other,330ml,330,14.52,Sour
Christmas Morning,4.79,Norway,3.37,Amundsen Brewery,4.7,Stout - Pastry,330ml,330,14.52,Stout
Pillow Talk,4.79,Norway,3.84,LERVIG,6.6,IPA - New England / Hazy,330ml,330,14.52,IPA
Caramel Fudge Appelstroop,4.79,Netherlands,3.64,Brouwerij Kees,11.5,Stout - Imperial / Double Pastry,330ml,330,14.52,Stout
A Modern Classic,6.39,Wales,3.81,Polly's Brew Co.,5.9,Stout - American,Can 440ml,440,14.52,Stout
Cidre Divona,4.79,France,3.6,Domaine Johanna Cecillon,6.5,Cider - Traditional / Apfelwein,330ml,330,14.52,Cider
"MANA – Strawberry, Banana & Coconut",6.39,England,4.04,Azvex Brewing Company,6.0,Sour - Smoothie / Pastry,Can 440ml,440,14.52,Sour
Colossus Imperial Stout,4.79,Spain,3.74,Cierzo Brewing Co.,10.0,Stout - Imperial / Double,330ml,330,14.52,Stout
Guerrilla,4.79,Italy,3.72,CRAK Brewery,5.8,IPA - American,330ml,330,14.52,IPA
Hof Ten Dormaal Lost Bunker,4.79,Belgium,3.68,Brouwerij Hof ten Dormaal,12.0,Belgian Strong Golden Ale,330ml,330,14.52,Belgian Strong Golden Ale
Endless Staircase,4.79,England,3.94,Azvex Brewing Company,5.2,Pale Ale - New England / Hazy,330ml,330,14.52,Pale Ale
Pêcheresse,3.63,Belgium,3.57,Brouwerij Lindemans,2.5,Lambic - Fruit,Bottle 250ml,250,14.52,Lambic
"The Garden Brewery/La Pirata Imperial Chocolate, Carob & Blackberry Stout",6.39,Croatia,3.82,The Garden Brewery,8.9,Stout - Imperial / Double Pastry,Can 440ml,440,14.52,Stout
Et Tu Broote,4.79,Slovenia,3.56,Lobik,7.0,IPA - American,330ml,330,14.52,IPA
Fuerst Wiacek Roaring Forties,6.39,Germany,3.99,FUERST WIACEK,6.2,IPA - New England / Hazy,Can 440ml,440,14.52,IPA
Lucky Jack Grapefruit,4.79,Norway,3.42,LERVIG,4.7,Pale Ale - Fruited,330ml,330,14.52,Pale Ale
Buddelship x Sakiškės Jasmine IPA,4.79,Lithuania,3.38,Sakiškės Brewery// Sakiškių Alus,5.4,Lager - Amber / Red,330ml,330,14.52,Lager
Brewprofen,4.79,Bulgaria,3.98,Sofia Electric Brewing,5.0,Sour - Fruited,330ml,330,14.52,Sour
Saison De Condrieu,10.9,France,4.13,Les Danaïdes,7.0,Grape Ale - Other,Bottle 750ml,750,14.53,Grape Ale
Evolved St Georges,10.9,Belgium,3.82,Brouwerij Rodenbach,6.7,Sour - Other,Bottle 750ml,750,14.53,Sour
Cuvée De Ranke 2023,10.9,Belgium,4.22,Brouwerij De Ranke,7.0,Sour - Other,Bottle 750ml,750,14.53,Sour
Cuvée Guilloire 2021,10.9,France,4.12,Brasserie La Malpolon,4.3,Farmhouse Ale - Grisette,Bottle 750ml,750,14.53,Farmhouse Ale
Girardin: Oude Geuze Fond 2023,5.45,Belgium,4.0,Brouwerij Girardin,5.0,Lambic - Gueuze,Bottle 375ml,375,14.53,Lambic
Mariage Parfait Geuze,5.45,Belgium,3.79,Brouwerij Boon,8.0,Lambic - Gueuze,Bottle 375ml,375,14.53,Lambic
Super Suki,4.8,Belgium,3.38,Man & Brouw,5.5,Koji / Ginjo Beer,330ml,330,14.55,Koji / Ginjo Beer
Plum Depths,4.8,Poland,4.04,Browar Stu Mostów,9.0,Porter - Baltic,Bottle 330ml,330,14.55,Porter
PANETTONE - 33cl,4.8,France,3.81,Brasserie La Malpolon,7.8,Farmhouse Ale - Other,330ml,330,14.55,Farmhouse Ale
Pastels (bbf: 04-25),6.4,United States,4.12,Outer Range Brewing Co.,6.9,IPA - New England / Hazy,Can 440ml,440,14.55,IPA
Mana,4.8,Netherlands,3.82,Walhalla Brouwerij & Proeflokaal,7.5,IPA - Imperial / Double New England / Hazy,330ml,330,14.55,IPA
Mucha Mora Mocha (Project Barista 24),6.4,England,4.06,Siren Craft Brew,9.0,Stout - Imperial / Double Coffee,Can 440ml,440,14.55,Stout
The Feeler Sunrise,6.4,Wales,3.63,Polly's Brew Co.,4.8,Sour - Fruited,Can 440ml,440,14.55,Sour
Love Spreads,6.4,England,3.94,Track Brewing Company,5.0,Pale Ale - New England / Hazy,Can 440ml,440,14.55,Pale Ale
Libertus 900,4.8,Belgium,3.67,Braxatorium Parcensis,9.0,Grape Ale - Other,330ml,330,14.55,Grape Ale
Here's Johnny,6.4,England,3.78,Brew York,5.0,Sour - Fruited,Can 440ml,440,14.55,Sour
Oaked Vintermust Sour,4.8,Sweden,3.28,Omnipollo,0.3,Non-Alcoholic - Sour,Can 330ml,330,14.55,Non-Alcoholic
"Hertl Marvin, der 13. Pumpkin Ale 0,33 L",4.8,Germany,2.92,Braumanufaktur Hertl,5.4,Pumpkin / Yam Beer,330ml,330,14.55,Pumpkin / Yam Beer
Beyond Void,4.8,Estonia,4.0,Pühaste Brewery,11.5,Porter - Imperial / Double,330ml,330,14.55,Porter
Mister Peanut,6.4,England,3.99,Yonder Brewing & Blending,5.0,Stout - Pastry,Can 440ml,440,14.55,Stout
Esthajnal 2024,4.8,Hungary,,Szent András Sörfőzde,5.6,Lager - Winter,330ml,330,14.55,Lager
Green Manufaktur (Hopfenweisse),6.4,France,3.69,Les Intenables - Craft Beer -,6.5,Wheat Beer - Hopfenweisse,Can 440ml,440,14.55,Wheat Beer
Andere Anna,4.8,Belgium,3.5,Man & Brouw,4.0,Sour - Other,330ml,330,14.55,Sour
Hic,4.8,Italy,3.66,Ca' del Brado,4.5,Wild Ale - Other,330ml,330,14.55,Wild Ale
"The Kernel - Grisette, Nelson Sauvin",4.8,England,3.72,The Kernel Brewery,4.9,Farmhouse Ale - Grisette,330ml,330,14.55,Farmhouse Ale
Passionfeber,4.8,Sweden,3.71,Brewski,6.5,IPA - American,330ml,330,14.55,IPA
Classic Organic Vienna Lager,6.4,Denmark,3.37,Bad Seed Brewing,5.0,Lager - Vienna,Can 440ml,440,14.55,Lager
Don Quichot,4.8,Nederland,3.69,Brouwerij Kees collab Menno Olivier Brewing,14.0,Barleywine,330ml,330,14.55,Barleywine
Baubas,4.8,Netherlands,3.98,Kaapse Brouwers,13.0,Porter - Baltic,330ml,330,14.55,Porter
FIVE - Thai Basil Smash Sour,4.8,Belgium,3.75,La Source Beer Co.,6.1,Sour - Fruited,330ml,330,14.55,Sour
Bubbles,6.4,Wales,4.0,Dark Element Brew Co,6.0,IPA - New England / Hazy,Can 440ml,440,14.55,IPA
Holy Beans,4.8,Poland,4.01,Browar Stu Mostów,9.0,Porter - Imperial / Double Baltic,Bottle 330ml,330,14.55,Porter
Sleight of Hand,6.4,United States,4.17,Outer Range Brewing Co.,6.9,IPA - New England / Hazy,Can 440ml,440,14.55,IPA
Wairua,4.8,Estonia,3.91,Pühaste Brewery,8.0,IPA - Imperial / Double New England / Hazy,330ml,330,14.55,IPA
Black & Lekker,4.8,Belgium,3.6,Dok Brewing Company,6.5,IPA - Black / Cascadian Dark Ale,330ml,330,14.55,IPA
Bramble On,6.4,Spanje,3.69,Basqueland Brewing collab/ Ārpus Brewing Co.,5.7,Sour - Fruited,Can 440ml,440,14.55,Sour
Constructing Crimson,6.4,Wales,3.7,Polly's Brew Co.,5.4,Red Ale - Other,Can 440ml,440,14.55,Red Ale
The Kernel Bière de Saison | Sabro,4.8,England,3.93,The Kernel Brewery,5.8,Farmhouse Ale - Saison,Bottle 330ml,330,14.55,Farmhouse Ale
Misthoorn,4.8,Netherlands,3.34,Nevel,6.3,Belgian Blonde,330ml,330,14.55,Belgian Blonde
TDH Mosaic x Citra Dipa (BBF: 30-08-25),6.4,Latvia,3.91,Ārpus Brewing Co.,8.0,IPA - Imperial / Double New England / Hazy,Can 440ml,440,14.55,IPA
Good Behavior,6.4,Romania,3.82,Bereta Brewing Co.,6.4,IPA - New England / Hazy,Can 440ml,440,14.55,IPA
Winter,4.8,Belgium,3.47,Abbaye de Leffe,6.0,Winter Ale,330ml,330,14.55,Winter Ale
Delirium Red,4.8,Belgium,3.58,Delirium - Huyghe Brewery,8.5,Fruit Beer,330ml,330,14.55,Fruit Beer
Omega Kriek Framboos,4.8,Belgium,3.97,Brouwerij Alvinne,6.0,Sour - Fruited,330ml,330,14.55,Sour
Planetarium,4.8,Belgium,3.84,Brasserie Atrium,9.2,Stout - Imperial / Double,330ml,330,14.55,Stout
Dear Santa,4.8,Belgium,3.8,Brasserie Atrium,12.0,Stout - Imperial / Double,330ml,330,14.55,Stout
Return of the Pack,6.4,England,3.88,Left Handed Giant Brewing,6.2,IPA - New England / Hazy,Can 440ml,440,14.55,IPA
Torsion NEDIPA,6.4,Netherlands,3.85,Moersleutel Craft Brewery,8.0,IPA - New England / Hazy,Can 440ml,440,14.55,IPA
Rotation – NEIPA,6.4,Netherlands,3.83,Moersleutel Craft Brewery,6.5,IPA - New England / Hazy,Can 440ml,440,14.55,IPA
Blend,4.8,France,3.61,Brasserie Iron,5.8,Other,330ml,330,14.55,Other
Day Zero,6.4,Sweden,3.96,Stigbergets Bryggeri,12.5,Stout - Imperial / Double,Can 440ml,440,14.55,Stout
Motor Oil Imperial Stout,6.4,Netherlands,3.79,Moersleutel Craft Brewery,12.0,Stout - Russian Imperial,Can 440ml,440,14.55,Stout
Stouterik,4.8,Belgium,3.37,Brasserie de la Senne,5.0,Stout - Belgian,Bottle 330ml,330,14.55,Stout
Alexander,4.8,Belgium,3.95,Brouwerij Rodenbach,6.0,Sour - Flanders Red Ale,Bottle 330ml,330,14.55,Sour
Fate Loves the Fearless,4.8,Netherlands,3.91,Brouwerij Kees,14.8,Barleywine - American,330ml,330,14.55,Barleywine
Sip Sip,4.8,Italy,3.71,Ca' del Brado,4.5,Wild Ale - American,330ml,330,14.55,Wild Ale
Hooglander #Out Of This World,6.4,Netherlands,3.86,Hooglander Bier,8.0,IPA - Imperial / Double New England / Hazy,Can 440ml,440,14.55,IPA
Fuerst Wiacek After Party,6.4,Germany,3.76,FUERST WIACEK,5.0,Pale Ale - New England / Hazy,Can 440ml,440,14.55,Pale Ale
Make My Day (bbf: 19-09-25),6.4,Spain,3.8,Caleya,7.7,IPA - Imperial / Double,Can 440ml,440,14.55,IPA
Hop On the Cake,6.4,France,4.14,Les Intenables - Craft Beer -,6.2,IPA - New England / Hazy,Can 440ml,440,14.55,IPA
Zing,4.8,Italy,3.6,Ca' del Brado,4.5,Wild Ale - Other,330ml,330,14.55,Wild Ale
H-Hour 003,6.4,England,3.83,Bayonet Brewing,6.8,IPA - New England / Hazy,Can 440ml,440,14.55,IPA
Nice Rice,7.28,Serbia,3.66,Dogma Brewery,4.5,Lager - Japanese Rice,500ml,500,14.56,Lager
Ton Up,7.28,Czech Republic,3.88,Pivovar Thrills Brewing,5.8,IPA - New England / Hazy,500ml,500,14.56,IPA
Fest Coast,7.28,Czech Republic,3.76,Pivovar Thrills Brewing,5.0,IPA - Other,500ml,500,14.56,IPA
Hazbury,6.41,Belgium,3.68,Misery Beer Co.,5.5,Pale Ale - American,Can 440ml,440,14.57,Pale Ale
Torpedo,5.1,United States,3.99,Sierra Nevada Brewing Co.,7.2,IPA - Imperial / Double,350ml,350,14.57,IPA
Embrace the Funk Saison de Bois,5.39,United States,3.81,Yazoo Brewing Company,5.7,Farmhouse Ale - Saison,Bottle 370ml,370,14.57,Farmhouse Ale
Zichovec Nectar Of Happiness 17,7.29,Czech Republic,4.0,Rodinný Pivovar Zichovec,7.0,IPA - New England / Hazy,500ml,500,14.58,IPA
CCBA Brewers Collaboration,6.9,United States,4.06,Sante Adairius Rustic Ales,4.2,IPA - American,473ml,473,14.59,IPA
The Green Council,6.42,Hungary,3.51,Mad Scientist,6.3,Mead - Braggot,Can 440ml,440,14.59,Mead
Gouden Carolus Cuvee Van De Keizer Imperial Dark Blauw,10.95,Belgium,4.05,Brouwerij Het Anker,11.0,Belgian Strong Dark Ale,Bottle 750ml,750,14.6,Belgian Strong Dark Ale
Plum Blond Sour Ale - keykeg,291.9,Belgium,3.84,Brouwerij Alvinne,5.0,Sour - Other,20000ml,20000,14.6,Sour
Gouden Carolus Imperial Dark 2021,10.95,Belgium,4.06,Brouwerij Het Anker,11.0,Belgian Strong Dark Ale,Bottle 750ml,750,14.6,Belgian Strong Dark Ale
Oak Aged Blond Sour Ale - keykeg,291.9,Belgium,3.84,Brouwerij Alvinne,5.0,Sour - Other,20000ml,20000,14.6,Sour
Piraat Special Reserve Aged In Rum Barrels,10.95,Belgium,3.63,Brouwerij Van Steenberge,10.5,Belgian Strong Golden Ale,Bottle 750ml,750,14.6,Belgian Strong Golden Ale
Lambiek Fabriek: Sporty Geuze Origin-Elle 2023,10.95,Belgium,3.89,Lambiek Fabriek,6.5,Lambic - Gueuze,Bottle 750ml,750,14.6,Lambic
Oud Beersel: Oude Geuze 2022,10.95,Belgium,3.94,Brouwerij Boon,6.5,Lambic - Gueuze,Bottle 750ml,750,14.6,Lambic
Tusk Hunter,7.3,Greece,3.92,Alea Brewing Co.,7.2,IPA - Rye,Can 500ml,500,14.6,IPA
Fireside Brewing Barkbecue,10.95,Netherlands,3.82,Mister Hop,10.0,Belgian Quadrupel,Bottle 750ml,750,14.6,Belgian Quadrupel
La Demi Sec Cuveé Claude Biologisch,10.95,France,,Domaine des Cinq Autels,4.5,Cider - Other Fruit,Bottle 750ml,750,14.6,Cider
Oude Geuze Boon Black Label Edition No. 9,10.95,Belgium,3.79,Brouwerij Boon,7.0,Lambic - Gueuze,Bottle 750ml,750,14.6,Lambic
Vintage 2021,10.95,Belgium,3.99,Brouwerij Rodenbach,7.0,Sour - Flanders Red Ale,Bottle 750ml,750,14.6,Sour
Wilde Kerst,10.95,Netherlands,3.32,Hert Bier,6.5,Bock - Single / Traditional,Bottle 750ml,750,14.6,Bock
Flinta Feest – Stripdagen Haarlem 2024,10.95,Netherlands,3.54,Jopen,6.5,Belgian Blonde,Bottle 750ml,750,14.6,Belgian Blonde
Dark Goat – Dark Sour Barrelblend,10.95,Netherlands,3.33,Brouwerij de Natte Gijt,10.8,Sour - Other,Bottle 750ml,750,14.6,Sour
Kofi - Colombian Coffee,4.82,Belgium,3.81,Brasserie Atrium,8.0,Stout - Coffee,330ml,330,14.61,Stout
Chimère,10.97,Belgium,4.02,La Source Beer Co.,4.9,Grape Ale - Other,Bottle 750ml,750,14.63,Grape Ale
Jazzmina,10.97,Spain,3.91,Cyclic Beer Farm,5.5,Sour - Fruited Berliner Weisse,Bottle 750ml,750,14.63,Sour
Van Aert Gueuze Artisanale,10.97,Belgium,4.05,Belgoo,6.2,Lambic - Gueuze,Bottle 750ml,750,14.63,Lambic
Deugniet Strong Golden Ale  MAGNUM,21.95,Belgium,3.53,Brasserie du Bocq,7.5,Belgian Strong Golden Ale,Bottle 1500ml,1500,14.63,Belgian Strong Golden Ale
Alesmith - .394 Pale Ale,5.2,United States,3.78,AleSmith Brewing Company,6.0,Pale Ale - American,355ml,355,14.65,Pale Ale
Geuze Mariage Parfait Brewing year 2016,10.99,Belgium,3.91,Brouwerij Boon,8.0,Lambic - Gueuze,Bottle 750ml,750,14.65,Lambic
Wieninger x Grassl Enzian Fassl No 48 Heller Bock,10.99,Germany,3.01,Privatbrauerei M.C. Wieninger,7.0,Bock - Hell / Maibock / Lentebock,Bottle 750ml,750,14.65,Bock
Maui - Pineapple Mana Wheat,5.2,United States,3.64,Maui Brewing Company,5.5,Wheat Beer - Fruited,355ml,355,14.65,Wheat Beer
Cuvée van de Keizer Imperial Dark,10.99,Belgium,4.05,Brouwerij Het Anker,11.0,Belgian Strong Dark Ale,Bottle 750ml,750,14.65,Belgian Strong Dark Ale
ÜberQuell Julebryg Spiced Lager 2024,10.99,Denmark,3.53,The Man Behind/ ÜberQuell Brauwerkstätten,6.2,Winter Warmer,Bottle 750ml,750,14.65,Winter Warmer
Oude Geuze new label 07/02/2020 Blend 36 19|20,10.99,Belgium,4.24,Brouwerij 3 Fonteinen,6.0,Lambic - Gueuze,Bottle 750ml,750,14.65,Lambic
Alesmith - Hazy .394,5.2,United States,3.71,AleSmith Brewing Company,6.0,Pale Ale - New England / Hazy,355ml,355,14.65,Pale Ale
Moriau Oude Geuze 31/10/2038,10.99,Belgium,3.79,Geuzestekerij Moriau,7.0,Lambic - Gueuze,Bottle 750ml,750,14.65,Lambic
Moriau Oude Geuze 21/03/2038,10.99,Belgium,3.79,Geuzestekerij Moriau,7.0,Lambic - Gueuze,Bottle 750ml,750,14.65,Lambic
Oude Geuze 2020 06/04/2020,10.99,Belgium,4.07,Oud Beersel,6.5,Lambic - Gueuze,Bottle 750ml,750,14.65,Lambic
Grapevine Montepulciano,10.99,Belgium,3.88,Brouwerij De Ranke,6.5,Lambic - Fruit,Bottle 750ml,750,14.65,Lambic
TDH Riwaka X Kohia Motueka SubZero Hop Kief DIPA,6.45,Latvia,4.03,Ārpus Brewing Co.,8.0,IPA - Imperial / Double New England / Hazy,Can 440ml,440,14.66,IPA
"Moersleutel  Perssure  Passionfruit,Grapefruit,Smooth Neipa",6.45,Netherlands,3.82,Moersleutel Craft Brewery,7.0,IPA - New England / Hazy,Can 440ml,440,14.66,IPA
Fudgesicle,6.45,Spain,4.14,Basqueland Brewing,11.6,Stout - Imperial / Double Pastry,Can 440ml,440,14.66,Stout
Alien Love Call – Imperial West Coast Pale Lager – Collab First Craft Beer,6.45,Hungary,3.74,FIRST Craft Beer,8.0,Lager - Other,Can 440ml,440,14.66,Lager
Amour Sweetheart,6.45,Latvia,3.85,Nurme,6.0,IPA - New England / Hazy,Can 440ml,440,14.66,IPA
Nebula Burst,6.45,Germany,4.15,Sudden Death Brewing Co.,7.1,IPA - New England / Hazy,Can 440ml,440,14.66,IPA
Grill On Fire,6.45,Norway,3.81,Salikatt Bryggeri,6.0,IPA - American,Can 440ml,440,14.66,IPA
Retro Futurism – New England IPA,6.45,Germany,3.74,FrauGruber Brewing,5.5,IPA - New England / Hazy,Can 440ml,440,14.66,IPA
New England Christmas 2024,6.45,Norway,3.98,Salikatt Bryggeri,7.0,IPA - New England / Hazy,Can 440ml,440,14.66,IPA
Queen Cream Sour – Fruited Sour,6.45,Finland,3.68,Salama Brewing Company,5.5,Sour - Fruited,Can 440ml,440,14.66,Sour
Drip,6.45,Netherlands,4.03,White Dog Brewery,6.0,IPA - American,Can 440ml,440,14.66,IPA
TDH Wiamea x Riwaka DIPA (bbf: 30-09-25),6.45,Latvia,3.99,Ārpus Brewing Co.,8.0,IPA - Imperial / Double New England / Hazy,Can 440ml,440,14.66,IPA
Carpe Noctem – Double IPA,6.45,Germany,4.06,Sudden Death Brewing Co.,7.9,IPA - New England / Hazy,Can 440ml,440,14.66,IPA
Currents – Fruited Sour,6.45,Germany,3.69,Schwarze Rose,6.0,Sour - Fruited,Can 440ml,440,14.66,Sour
TDH Mosaic X Citra X Galaxy DIPA,6.45,Latvia,3.96,Ārpus Brewing Co.,8.0,IPA - Imperial / Double New England / Hazy,Can 440ml,440,14.66,IPA
Give Me Shelter –  DDH IPA,6.45,Germany,4.0,Sudden Death Brewing Co.,7.0,IPA - New England / Hazy,Can 440ml,440,14.66,IPA
Survival Kit – Double New England IPA,6.45,Germany,4.05,Sudden Death Brewing Co.,9.2,IPA - Imperial / Double New England / Hazy,Can 440ml,440,14.66,IPA
BASED,6.45,Spain,4.15,SOMA Beer,8.0,IPA - Imperial / Double New England / Hazy,Can 440ml,440,14.66,IPA
Sudden Death's Grindhouse (2024) – American IPA,6.45,Germany,3.97,Sudden Death Brewing Co.,6.5,IPA - American,Can 440ml,440,14.66,IPA
WHOOP,6.45,Spain,4.13,SOMA Beer,8.0,IPA - Imperial / Double New England / Hazy,Can 440ml,440,14.66,IPA
New Dogs new Tricks – Imperial IPA,6.45,Germany,3.84,FrauGruber Brewing,8.4,IPA - Imperial / Double New England / Hazy,Can 440ml,440,14.66,IPA
Pink Buster – Double IPA,6.45,Germany,3.73,FrauGruber Brewing,8.2,IPA - Imperial / Double,Can 440ml,440,14.66,IPA
FRUIT SALAD,6.45,Spain,4.16,SOMA Beer,8.0,IPA - Imperial / Double,Can 440ml,440,14.66,IPA
Dr. Juice,6.45,United States,3.9,Parish Brewing Co.,6.0,IPA - New England / Hazy,Can 440ml,440,14.66,IPA
Hahn Solo 4.0 – Last Cock in the Space – West Coast IPA,6.45,Germany,4.06,BierBoutique Konstanz,6.6,IPA - Other,Can 440ml,440,14.66,IPA
ATE – DDH IPA – Collab Muted Horn,6.45,Germany,4.19,FUERST WIACEK,8.0,IPA - Imperial / Double New England / Hazy,Can 440ml,440,14.66,IPA
Suburban Density – Double IPA,6.45,Germany,3.77,FrauGruber Brewing,8.4,IPA - Imperial / Double New England / Hazy,Can 440ml,440,14.66,IPA
TDH Rakau x Galaxy DIPA (bbf: 30-09-25),6.45,Latvia,4.02,Ārpus Brewing Co.,8.0,IPA - Imperial / Double New England / Hazy,Can 440ml,440,14.66,IPA
Hubris Malum,11.0,France,3.95,Brasserie Tempérance,4.25,Grape Ale - Other,Bottle 750ml,750,14.67,Grape Ale
Iron Cage,11.0,United States,3.98,Nightmare Brewing Company,6.2,Bock - Hell / Maibock / Lentebock,Bottle 750ml,750,14.67,Bock
Kriek De Ranke,11.0,Belgium,3.93,Brouwerij De Ranke,7.0,Sour - Fruited,Bottle 750ml,750,14.67,Sour
Kriek 37.5cl,5.5,Belgium,3.57,Brouwerij Lindemans,3.5,Lambic - Kriek,Bottle 375ml,375,14.67,Lambic
Rusticus uva tempore,11.0,France,4.11,The Chubby Brewing Company,6.5,Farmhouse Ale - Saison,Bottle 750ml,750,14.67,Farmhouse Ale
Urashima Tarō,11.0,France,3.9,Hoppy Road,5.2,Wild Ale - Other,Bottle 750ml,750,14.67,Wild Ale
Oud Beersel: Framboise 2021,5.5,Belgium,3.56,Oud Beersel,5.0,Lambic - Framboise,Bottle 375ml,375,14.67,Lambic
Rusticus tempore,11.0,France,,The Chubby Brewing Company,6.3,Farmhouse Ale - Saison,Bottle 750ml,750,14.67,Farmhouse Ale
Thing Fish,11.0,Netherlands,3.45,De Kromme Haring,4.2,Farmhouse Ale - Saison,Bottle 750ml,750,14.67,Farmhouse Ale
Oude Geuze Brett Elle,11.0,Belgium,4.01,Lambiek Fabriek,5.5,Lambic - Gueuze,Bottle 750ml,750,14.67,Lambic
Good Bread,5.5,Brazil,2.6,Cervejaria Prada,6.0,Pilsner - Other,Bottle 375ml,375,14.67,Pilsner
Balnibarbi,11.0,France,3.9,Hoppy Road,4.8,Wild Ale - Other,Bottle 750ml,750,14.67,Wild Ale
La Combe 2022,11.0,France,3.87,Sacrilège,5.6,Grape Ale - Other,Bottle 750ml,750,14.67,Grape Ale
Lait de Poule,5.5,France,3.97,Fauve,6.5,Sour - Smoothie / Pastry,Bottle 375ml,375,14.67,Sour
HORAL Oude Geuze Megablend 2024,11.02,Belgium,3.93,Brouwerij Boon,7.0,Lambic - Gueuze,Bottle 750ml,750,14.69,Lambic
ÜberQuell x Moon Lark Holy Circus Hazy Pale Ale,6.47,Poland,3.85,Moon Lark Brewery,5.8,Pale Ale - New England / Hazy,Can 440ml,440,14.7,Pale Ale
Cuvee Freddy – Red Wine Barrel Aged Dark Fruit Sour Ale with Blueberrys,4.85,Belgium,3.84,Brouwerij Alvinne,8.0,Sour - Fruited,330ml,330,14.7,Sour
Dr. IPA,4.85,Slovenia,3.72,Lobik,8.0,IPA - Imperial / Double,330ml,330,14.7,IPA
Get Comfortable,6.48,Wales,3.73,Polly's Brew Co.,5.6,Stout - Oatmeal,Can 440ml,440,14.73,Stout
Aglow,6.49,England,3.75,Cloudwater Brew Co.,5.8,IPA - American,Can 440ml,440,14.75,IPA
New Dogs New Tricks Imperial IPA,6.49,Germany,3.84,FrauGruber Brewing,8.4,IPA - Imperial / Double New England / Hazy,Can 440ml,440,14.75,IPA
472 Requiem,6.49,France,4.04,The Piggy Brewing Company,8.0,IPA - Imperial / Double New England / Hazy,Can 440ml,440,14.75,IPA
Double Impact,6.49,France,4.06,The Piggy Brewing Company,8.0,IPA - Imperial / Double New England / Hazy,Can 440ml,440,14.75,IPA
The Garden Brewery/BBOP Imperial Coffee & Coconut Stout,6.49,Croatia,3.67,The Garden Brewery,7.1,Stout - Imperial / Double Coffee,Can 440ml,440,14.75,Stout
Creamy Caramel Choco Stout,6.49,Netherlands,3.65,Rolo1977 Beers,9.0,Stout - Milk / Sweet,Can 440ml,440,14.75,Stout
Lush Blossom Punch,6.49,Germany,4.2,Sudden Death Brewing Co.,5.0,Sour - Smoothie / Pastry,Can 440ml,440,14.75,Sour
"Fuerst Wiacek Acid House Bluebeery, Raspberry & Blackcurrant Fruited Sour",6.49,Germany,4.0,FUERST WIACEK,5.0,Sour - Fruited,Can 440ml,440,14.75,Sour
Fruity Summer Ride,6.49,Sweden,3.75,Fermenterarna,5.6,Sour - Fruited,Can 440ml,440,14.75,Sour
Fuerst Wiacek Exploding Rainbows IPA ( 24),6.49,Germany,3.88,FUERST WIACEK,7.0,IPA - American,Can 440ml,440,14.75,IPA
The Garden Brewery/Barona Hazy IPA: Talus & Idaho 7,6.49,Croatia,3.81,The Garden Brewery,6.1,IPA - New England / Hazy,Can 440ml,440,14.75,IPA
60/60 Chance DIPA,6.49,Germany,3.72,FrauGruber Brewing,8.0,IPA - Imperial / Double New England / Hazy,Can 440ml,440,14.75,IPA
Dragon Slayer,6.49,Greece,4.07,Seven Island Brewery,8.0,IPA - Imperial / Double New England / Hazy,Can 440ml,440,14.75,IPA
Swift Driftin,6.49,Germany,3.94,FrauGruber Brewing,7.8,IPA - Imperial / Double New England / Hazy,Can 440ml,440,14.75,IPA
Long Tooth (2024),6.49,Germany,4.03,FUERST WIACEK,6.8,IPA - New England / Hazy,Can 440ml,440,14.75,IPA
Wind-Up Bird (2024),6.49,Germany,3.99,FUERST WIACEK,6.8,IPA - New England / Hazy,Can 440ml,440,14.75,IPA
Sahara Dust,6.49,England,3.99,Pentrich Brewing Co.,8.0,IPA - Imperial / Double,Can 440ml,440,14.75,IPA
Celestine,6.49,Poland,4.01,Browar Stu Mostów,7.7,IPA - Imperial / Double New England / Hazy,Can 440ml,440,14.75,IPA
Bandwagon 431,6.49,Netherlands,3.98,Baxbier,8.5,IPA - Imperial / Double New England / Hazy,Can 440ml,440,14.75,IPA
Fuerst Wiacek Crowdsurfer IPA,6.49,Germany,3.85,FUERST WIACEK,6.2,IPA - New England / Hazy,Can 440ml,440,14.75,IPA
Earth,6.49,Netherlands,3.71,Moersleutel Craft Brewery,8.0,Stout - Other,Can 440ml,440,14.75,Stout
Copenhague,6.49,Spain,4.03,Little Rain Brewing Company,7.9,IPA - Imperial / Double New England / Hazy,Can 440ml,440,14.75,IPA
Buddelship x Brouwerij Poesiat & Kater Hunky Dory Cold IPA,6.49,Netherlands,3.72,Brouwerij Poesiat & Kater,6.5,IPA - Cold,Can 440ml,440,14.75,IPA
Second Hand Emotion,6.49,Germany,3.93,FrauGruber Brewing,8.0,IPA - Imperial / Double New England / Hazy,Can 440ml,440,14.75,IPA
Tecktonik,6.49,Spain,3.91,Gross,6.3,IPA - New England / Hazy,Can 440ml,440,14.75,IPA
Clusters,6.49,England,3.89,Neon Raptor Brewing Co.,5.2,Stout - Milk / Sweet,Can 440ml,440,14.75,Stout
Bonito Del Norte,6.49,Spain,3.96,Basqueland Brewing,6.2,IPA - New England / Hazy,Can 440ml,440,14.75,IPA
Cymatic Sand,6.49,England,3.91,Azvex Brewing Company,6.5,IPA - New England / Hazy,Can 440ml,440,14.75,IPA
Maas Baas,6.49,Netherlands,3.69,Zuyd Craft,6.5,IPA - New England / Hazy,Can 440ml,440,14.75,IPA
Superdelic DIPA,6.49,Germany,3.74,FrauGruber Brewing,7.8,IPA - Imperial / Double New England / Hazy,Can 440ml,440,14.75,IPA
Day of the Tentacle Hazy DDH IPA,6.49,Germany,4.18,Hopacabana Brewing,4.7,IPA - Session,Can 440ml,440,14.75,IPA
Lime Drop,6.49,Spain,3.68,Garage Beer Co.,4.4,Sour - Berliner Weisse,Can 440ml,440,14.75,Sour
Lollipop Guava Strawberry & Pineapple,6.49,Latvia,3.74,Hopalaa,8.0,Sour - Fruited Berliner Weisse,Can 440ml,440,14.75,Sour
Fuerst Wiacek Jejune Batch 249 IPA,6.49,Germany,4.13,FUERST WIACEK,6.8,IPA - New England / Hazy,Can 440ml,440,14.75,IPA
Duster Buster Imperial IPA,6.49,Germany,3.75,FrauGruber Brewing,8.0,IPA - Imperial / Double New England / Hazy,Can 440ml,440,14.75,IPA
Fuerst Wiacek Parklife (Batch 24) IPA,6.49,Germany,3.93,FUERST WIACEK,6.8,IPA - American,Can 440ml,440,14.75,IPA
Wyrm Reaper,6.49,Greece,4.06,Seven Island Brewery,8.0,IPA - Imperial / Double New England / Hazy,Can 440ml,440,14.75,IPA
Amager/Titletown Demon Juice NEIPA,6.49,Denmark,3.82,Amager Bryghus/ Titletown Brewing Company,7.0,IPA - New England / Hazy,Can 440ml,440,14.75,IPA
Twerking In the Moshpit,6.49,Netherlands,3.67,Baxbier,8.0,Sour - Fruited,Can 440ml,440,14.75,Sour
Beach Dream,6.49,Romania,3.46,Bere Noah,5.0,Sour - Fruited,Can 440ml,440,14.75,Sour
West Coast IPA #005 Waimea/Idaho 7/Mosaic,6.49,Sweden,3.69,Fermenterarna,6.8,IPA - American,Can 440ml,440,14.75,IPA
Shiny Horse Fruited Sour Ale,6.49,Germany,3.47,Liquid Story Brewing Co.,4.5,Sour - Fruited,Can 440ml,440,14.75,Sour
Fuerst Wiacek Wind-Up Bird,6.49,Germany,3.88,FUERST WIACEK,6.8,IPA - New England / Hazy,Can 440ml,440,14.75,IPA
Fuerst Wiacek Long Tooth (Batch 24) IPA,6.49,Germany,4.12,FUERST WIACEK,6.8,IPA - New England / Hazy,Can 440ml,440,14.75,IPA
Winter in Bangalore DH Winter IPA,6.49,Denmark,3.66,Amager Bryghus,6.0,IPA - American,Can 440ml,440,14.75,IPA
Cloudscape,6.49,Norway,3.94,Salikatt Bryggeri,7.0,IPA - New England / Hazy,Can 440ml,440,14.75,IPA
Mellow Midnight,6.49,Sweden,3.81,Fermenterarna,6.2,IPA - New England / Hazy,Can 440ml,440,14.75,IPA
Les Rocheuses,6.49,United States,4.13,Outer Range Brewing Co.,6.2,IPA - American,Can 440ml,440,14.75,IPA
Second Hand Emotion DIPA,6.49,Germany,3.93,FrauGruber Brewing,8.0,IPA - Imperial / Double New England / Hazy,Can 440ml,440,14.75,IPA
Peruvian Chocolate Stout,6.49,Scotland,3.67,Holy Goat Brewing,5.8,Stout - Foreign / Export,Can 440ml,440,14.75,Stout
Wretched World DIPA,6.49,Sweden,4.03,Apex Brewing Company,8.0,IPA - Imperial / Double New England / Hazy,Can 440ml,440,14.75,IPA
HULA HOOP / WEST COAST DIPA,6.49,Latvia,3.88,Hopalaa,9.0,IPA - Imperial / Double,Can 440ml,440,14.75,IPA
Damnation IPA V3,6.49,Scotland,3.84,Holy Goat Brewing,6.2,IPA - New England / Hazy,Can 440ml,440,14.75,IPA
It's Complicated (2024),6.49,Germany,4.02,FUERST WIACEK,6.8,IPA - New England / Hazy,Can 440ml,440,14.75,IPA
Bandwagon 430,6.49,Netherlands,3.96,Baxbier,7.5,IPA - New England / Hazy,Can 440ml,440,14.75,IPA
Firepit,6.49,Norway,3.82,Salikatt Bryggeri,6.0,IPA - American,Can 440ml,440,14.75,IPA
Patrons Project 18.07 // Sandy Kerr // North Sea Sessions // Pipeline Brewing,6.49,England,3.85,Northern Monk,5.0,Pale Ale - New Zealand,Can 440ml,440,14.75,Pale Ale
RAOUL DUKE,6.49,Spain,3.91,Garage Beer Co.,7.4,IPA - American,Can 440ml,440,14.75,IPA
Early Retirement,6.49,Germany,3.95,FUERST WIACEK,6.8,IPA - New England / Hazy,Can 440ml,440,14.75,IPA
Peninsula Plenty IPA,6.49,Spain,3.69,Cervecera Península,6.2,IPA - American,Can 440ml,440,14.75,IPA
TDH Peacharine X Motueka DIPA,6.49,Latvia,4.05,Ārpus Brewing Co.,8.0,IPA - Imperial / Double New England / Hazy,Can 440ml,440,14.75,IPA
Rosemary Aranciata,6.49,Finland,3.55,CoolHead Brew,5.0,Sour - Fruited,Can 440ml,440,14.75,Sour
Swamp,6.49,Ukraine,3.83,Дідько Brewery,11.0,Stout - Imperial / Double,Can 440ml,440,14.75,Stout
All the Single Hops: Centennial,6.49,Germany,3.85,FUERST WIACEK,6.8,IPA - New England / Hazy,Can 440ml,440,14.75,IPA
Don't Get Hit By Lightning (2024),6.49,Germany,3.94,FUERST WIACEK,6.8,IPA - New England / Hazy,Can 440ml,440,14.75,IPA
Blackcurrant Trifle Junior Fruited Gose,6.49,Hungary,3.83,Mad Scientist,6.7,Sour - Fruited Gose,Can 440ml,440,14.75,Sour
Waldi Geröllheimer West Coast IPA,6.49,Germany,3.77,Lieber Waldi,6.8,IPA - American,Can 440ml,440,14.75,IPA
Metz (2024),6.49,Germany,4.01,FUERST WIACEK,6.8,IPA - New England / Hazy,Can 440ml,440,14.75,IPA
Weirdo (2024),6.49,Romania,3.9,Blackout Brewing,6.0,IPA - New England / Hazy,Can 440ml,440,14.75,IPA
Swift Driftin Imperial IPA,6.49,Germany,3.94,FrauGruber Brewing,7.8,IPA - Imperial / Double New England / Hazy,Can 440ml,440,14.75,IPA
Creepshow,6.49,France,4.02,Game Over Brewing Co.,8.0,IPA - Imperial / Double,Can 440ml,440,14.75,IPA
Salmiac Licorice Cherry Sour,6.49,Finland,3.71,CoolHead Brew,5.0,Sour - Fruited,Can 440ml,440,14.75,Sour
Brewing King Of Bones Hazy DIPA,6.49,Germany,3.87,Black Rebel Brewing Company,7.2,IPA - Imperial / Double New England / Hazy,Can 440ml,440,14.75,IPA
Automatic IPA,6.49,United States,3.92,Creature Comforts Brewing Company,5.5,Pale Ale - American,Can 440ml,440,14.75,Pale Ale
Singletrack Nelson,6.49,Norway,4.09,Salikatt Bryggeri,8.0,IPA - Imperial / Double New England / Hazy,Can 440ml,440,14.75,IPA
Atelier Vrai Tell your Mom I am in Town Session IPA,6.49,Germany,3.83,Atelier der Braukünste,5.1,IPA - Session,Can 440ml,440,14.75,IPA
Camel Up!,6.49,Norway,4.19,Salikatt Bryggeri,8.0,IPA - Imperial / Double New England / Hazy,Can 440ml,440,14.75,IPA
Crossfader,6.49,Germany,4.01,FUERST WIACEK,6.8,IPA - New England / Hazy,Can 440ml,440,14.75,IPA
Dreamy Eyes,6.49,Estonia,3.84,Põhjala,6.7,IPA - New England / Hazy,Can 440ml,440,14.75,IPA
Take It Easy New Zealand Pale Ale,6.49,Spain,3.72,Cierzo Brewing Co.,4.9,Pale Ale - New Zealand,Can 440ml,440,14.75,Pale Ale
Farmhouse Sour  4 - Apricot/Abrikoos,4.87,Belgium,3.67,Brouwerij Alvinne,8.0,Sour - Fruited,330ml,330,14.76,Sour
FIVE - DIPA,4.87,Belgium,3.82,La Source Beer Co.,8.0,IPA - Imperial / Double New England / Hazy,330ml,330,14.76,IPA
Vieille Provision,11.07,Belgium,3.76,Brouwerij De Ranke,7.5,Sour - Other,Bottle 750ml,750,14.76,Sour
Halderbergs Quadrupel,3.69,Netherlands,3.53,Brouwerij 't Meuleneind,12.5,Belgian Quadrupel,Bottle 250ml,250,14.76,Belgian Quadrupel
Cuvée Freddy Bosbes (Blueberries),4.87,Belgium,3.84,Brouwerij Alvinne,8.0,Sour - Fruited,Bottle 330ml,330,14.76,Sour
'Verno 20,4.87,Belgium,3.61,Brasserie Atrium,10.5,Winter Ale,330ml,330,14.76,Winter Ale
Fuerst Wiacek Intergalactic (2024),6.5,Germany,3.94,FUERST WIACEK,6.8,IPA - New England / Hazy,Can 440ml,440,14.77,IPA
Malandar DIAGONAL,6.5,Spain,3.86,MALANDAR Craft Beer,8.0,IPA - Imperial / Double,Can 440ml,440,14.77,IPA
AMPLIFIER,6.5,Latvia,3.97,Hopalaa,8.6,IPA - Imperial / Double New England / Hazy,Can 440ml,440,14.77,IPA
Apricot x Cherry x Vanilla Smoothie Sour Ale,6.5,Latvia,4.19,Ārpus Brewing Co.,4.5,Sour - Smoothie / Pastry,Can 440ml,440,14.77,Sour
Fuerst Wiacek x Pühaste Permafrost,6.5,Germany,3.83,FUERST WIACEK,7.5,Porter - Baltic,Can 440ml,440,14.77,Porter
Phase Shifter,6.5,Denmark,4.01,Alefarm Brewing,8.0,IPA - Imperial / Double,Can 440ml,440,14.77,IPA
Man on the Moon,6.5,Spain,4.08,Little Rain Brewing Company,8.5,Stout - Imperial / Double,Can 440ml,440,14.77,Stout
Malandar SWARM,6.5,Spain,3.86,MALANDAR Craft Beer,8.0,IPA - Imperial / Double,Can 440ml,440,14.77,IPA
Vanilla & Tonka,6.5,Netherlands,4.07,White Dog Brewery,12.0,Stout - Imperial / Double Milk,Can 440ml,440,14.77,Stout
Rocky Road,6.5,Netherlands,4.08,White Dog Brewery,12.0,Stout - Imperial / Double Milk,Can 440ml,440,14.77,Stout
Cyct Torsion,6.5,Netherlands,3.85,Moersleutel Craft Brewery,8.0,IPA - New England / Hazy,Can 440ml,440,14.77,IPA
Slippery Slope,6.5,Netherlands,3.87,Moersleutel Craft Brewery,12.0,Stout - Imperial / Double Oatmeal,Can 440ml,440,14.77,Stout
Sun City Tropical Fruit Sour,6.5,Estonia,3.53,Põhjala,5.0,Sour - Fruited Berliner Weisse,Can 440ml,440,14.77,Sour
"Strata / Nectaron / Citra | 6,5%",6.5,France,4.08,Popihn,6.5,IPA - New England / Hazy,Can 440ml,440,14.77,IPA
Silly Sipper,6.5,Netherlands,4.05,Floem,7.8,IPA - Imperial / Double New England / Hazy,Can 440ml,440,14.77,IPA
Cyct Pressure,6.5,Netherlands,3.82,Moersleutel Craft Brewery,7.0,IPA - New England / Hazy,Can 440ml,440,14.77,IPA
Kracht Van Eenvoud,6.5,Netherlands,3.68,Moersleutel Craft Brewery,7.0,Stout - Other,Can 440ml,440,14.77,Stout
Lucky Tonka Orange Peel,6.5,Netherlands,3.92,Moersleutel Craft Brewery,11.0,Stout - Imperial / Double,Can 440ml,440,14.77,Stout
CYCT - Flexure,6.5,Netherlands,3.91,Moersleutel Craft Brewery,8.5,IPA - Imperial / Double New England / Hazy,Can 440ml,440,14.77,IPA
Puzzled,6.5,Spain,3.97,SOMA Beer,8.0,IPA - Imperial / Double New England / Hazy,Can 440ml,440,14.77,IPA
Which Pendant?,6.5,Wales,3.86,Polly's Brew Co.,6.6,IPA - Black / Cascadian Dark Ale,Can 440ml,440,14.77,IPA
Django Juice,6.5,Norway,3.86,Cervisiam,8.5,IPA - Imperial / Double New England / Hazy,Can 440ml,440,14.77,IPA
Jungle Juice Beast Mode,6.5,Norway,3.93,Cervisiam,8.0,IPA - Imperial / Double New England / Hazy,Can 440ml,440,14.77,IPA
Freewheelin',6.5,Finland,3.95,Factory Brewing,7.0,IPA - New England / Hazy,Can 440ml,440,14.77,IPA
Your Favourite Reference,6.5,England,3.63,Sureshot Brewing,4.5,Sour - Fruited,Can 440ml,440,14.77,Sour
I Caught My First Tube This Morning... Sir,6.5,England,3.85,Pomona Island Brew Co.,5.6,Pale Ale - American,Can 440ml,440,14.77,Pale Ale
Nut Oil Rigger,6.5,Netherlands,4.02,Moersleutel Craft Brewery,11.0,Stout - Imperial / Double,Can 440ml,440,14.77,Stout
Vault City - Mulled Apple Sour,6.5,Scotland,3.86,Vault City Brewing,5.0,Sour - Fruited,Can 440ml,440,14.77,Sour
Space Age,6.5,England,3.67,Phantom Brewing Co.,5.5,IPA - Red,Can 440ml,440,14.77,IPA
Mango Smoothie,6.5,Norway,3.97,Salikatt Bryggeri,5.5,Sour - Smoothie / Pastry,Can 440ml,440,14.77,Sour
Our Woods,6.5,Wales,3.89,Polly's Brew Co.,5.4,Pale Ale - New England / Hazy,Can 440ml,440,14.77,Pale Ale
Taranaki,6.5,England,4.09,Vocation Brewery,8.4,IPA - Imperial / Double,Can 440ml,440,14.77,IPA
Halloween Night,6.5,France,3.7,Game Over Brewing Co.,6.5,IPA - American,Can 440ml,440,14.77,IPA
DDH Hopchest DIPA,6.5,Latvia,3.87,Ārpus Brewing Co.,7.5,IPA - Imperial / Double New England / Hazy,Can 440ml,440,14.77,IPA
Pohjala Dreamy Eyes,6.5,Estonia,3.84,Põhjala,6.7,IPA - New England / Hazy,Can 440ml,440,14.77,IPA
Razzle Dazzle,6.5,Wales,3.84,Polly's Brew Co.,5.6,Pale Ale - New England / Hazy,Can 440ml,440,14.77,Pale Ale
Brewing / Hop Hooligans Hive Mind,6.5,Belgium,3.95,Norm Brewing,7.0,IPA - New Zealand,Can 440ml,440,14.77,IPA
High Ground IPA,6.5,France,3.85,Prizm Brewing Co.,6.0,IPA - New England / Hazy,Can 440ml,440,14.77,IPA
Põhjala / Garage Beer Spikes,6.5,Estonia,3.69,Põhjala,8.0,IPA - American,Can 440ml,440,14.77,IPA
New England Christmas 2024 (bbf:14-04-25),6.5,Norway,3.98,Salikatt Bryggeri,7.0,IPA - New England / Hazy,Can 440ml,440,14.77,IPA
Motor Oil Double Hopped,6.5,Netherlands,3.94,Moersleutel Craft Brewery,11.0,Stout - Imperial / Double,Can 440ml,440,14.77,Stout
The Piggy 472 Requiem,6.5,France,4.04,The Piggy Brewing Company,8.0,IPA - Imperial / Double New England / Hazy,Can 440ml,440,14.77,IPA
The Piggy Double Impact,6.5,France,4.06,The Piggy Brewing Company,8.0,IPA - Imperial / Double New England / Hazy,Can 440ml,440,14.77,IPA
"Gazpatxo (La Quince x Meta collab, 9th anniversary)",6.5,Spain,3.67,Basqueland Brewing,6.2,Lager - IPL (India Pale Lager),Can 440ml,440,14.77,Lager
"Krush | 6,5%",6.5,France,3.85,Popihn,6.5,IPA - New England / Hazy,Can 440ml,440,14.77,IPA
Passion Fruit Lemon Sorbet,6.5,Scotland,3.88,Vault City Brewing,5.9,Sour - Fruited,Can 440ml,440,14.77,Sour
FRUIT OF HELL – Heavy Metal Series IV,6.5,Germany,3.69,Schwarze Rose,9.0,Stout - Imperial / Double Pastry,Can 440ml,440,14.77,Stout
DEATH WINGS – Heavy Metal Series II,6.5,Germany,3.77,Schwarze Rose,6.0,IPA - Black / Cascadian Dark Ale,Can 440ml,440,14.77,IPA
Heavy Metal Jacket,6.5,England,4.11,Pentrich Brewing Co.,8.0,IPA - Imperial / Double,Can 440ml,440,14.77,IPA
Roulette Interdite,6.5,France,3.81,Mogwaï Beer Company,5.8,Pale Ale - New Zealand,Can 440ml,440,14.77,Pale Ale
Cold Flame,6.5,England,3.83,Two Flints Brewery,6.0,IPA - New England / Hazy,Can 440ml,440,14.77,IPA
Mountain Brew,6.5,Scotland,3.74,Vault City Brewing,4.5,Sour - Fruited,Can 440ml,440,14.77,Sour
DDH Citra,6.5,England,3.85,Two Flints Brewery,6.0,IPA - New England / Hazy,Can 440ml,440,14.77,IPA
De Moersleutel Cake Break,6.5,Netherlands,3.97,Moersleutel Craft Brewery,10.0,Stout - Pastry,Can 440ml,440,14.77,Stout
Nelson LM20,6.5,Romania,4.3,Bereta Brewing Co.,6.1,IPA - New England / Hazy,Can 440ml,440,14.77,IPA
Austerity IPA,6.5,France,3.84,Prizm Brewing Co.,7.0,IPA - New England / Hazy,Can 440ml,440,14.77,IPA
Temporality IPA,6.5,France,3.83,Prizm Brewing Co.,7.0,IPA - New England / Hazy,Can 440ml,440,14.77,IPA
WRDST,6.5,Romania,,Blackout Brewing,8.0,IPA - Imperial / Double New England / Hazy,Can 440ml,440,14.77,IPA
Nelson QM15,6.5,Romania,4.14,Bereta Brewing Co.,6.1,IPA - New England / Hazy,Can 440ml,440,14.77,IPA
Got Any IPA's Pal?,6.5,England,3.98,Pentrich Brewing Co.,6.2,IPA - American,Can 440ml,440,14.77,IPA
Trivial ABV,6.5,Romania,4.02,Bereta Brewing Co.,9.0,IPA - Triple New England / Hazy,Can 440ml,440,14.77,IPA
Arpus TDH Rakau X Galaxy DIPA,6.5,Latvia,3.93,Ārpus Brewing Co.,8.0,IPA - Imperial / Double New England / Hazy,Can 440ml,440,14.77,IPA
Hooglander #BackInBlack,6.5,Netherlands,3.72,Hooglander Bier,8.0,IPA - Imperial / Double Black,Can 440ml,440,14.77,IPA
Chocolate Dipped Strawberries,6.5,Scotland,3.93,Vault City Brewing,4.5,Sour - Smoothie / Pastry,Can 440ml,440,14.77,Sour
Juicy Table Beer,6.5,France,3.81,Brasserie Cambier,3.0,Table Beer,Can 440ml,440,14.77,Table Beer
Bere Noah HEAVEN CRASHERS,6.5,Romania,4.1,Ignat Brewery (Bere Noah),7.0,IPA - New England / Hazy,Can 440ml,440,14.77,IPA
"Cascade / Simcoe / Centennial | 6,7%",6.5,France,3.96,Popihn,6.7,IPA - American,Can 440ml,440,14.77,IPA
Fuerst Wiacek All the Single Hops - Centennial,6.5,Germany,3.85,FUERST WIACEK,6.8,IPA - New England / Hazy,Can 440ml,440,14.77,IPA
Sobremesa,6.5,Spain,4.11,Basqueland Brewing,12.0,Stout - Imperial / Double Pastry,Can 440ml,440,14.77,Stout
Txuleton,6.5,Spain,4.12,Basqueland Brewing,8.0,IPA - Imperial / Double,Can 440ml,440,14.77,IPA
Vivid Dreams,6.5,Luxembourg,3.64,Totenhopfen Brauhaus,4.9,Gluten-Free,Can 440ml,440,14.77,Gluten-Free
Water,6.5,Netherlands,3.97,Moersleutel Craft Brewery,11.0,Barleywine - Other,Can 440ml,440,14.77,Barleywine
Santas Hop Sack,6.5,Norway,3.53,Amundsen Brewery,5.3,IPA - New England / Hazy,Can 440ml,440,14.77,IPA
Breeze Shadows,6.5,Wales,3.91,Polly's Brew Co.,5.5,Pale Ale - New England / Hazy,Can 440ml,440,14.77,Pale Ale
Sureshot x Bundobust His Girl Friday,6.5,England,3.82,Sureshot Brewing,4.5,Sour - Fruited,Can 440ml,440,14.77,Sour
Clean Green,6.5,Wales,3.92,Polly's Brew Co.,6.7,IPA - American,Can 440ml,440,14.77,IPA
Press Button For Funk,6.5,Germany,3.91,FrauGruber Brewing,6.5,IPA - New England / Hazy,Can 440ml,440,14.77,IPA
Stacked Azacca,6.5,Wales,3.91,Polly's Brew Co.,5.7,Pale Ale - New England / Hazy,Can 440ml,440,14.77,Pale Ale
Flora Theory,6.5,Wales,3.8,Polly's Brew Co.,5.5,Pale Ale - New England / Hazy,Can 440ml,440,14.77,Pale Ale
De Moersleutel 4 Elements: Wind,6.5,Netherlands,3.97,Moersleutel Craft Brewery,12.0,Barleywine - Other,Can 440ml,440,14.77,Barleywine
"Citra | 6,3%",6.5,France,3.87,Popihn,6.3,IPA - New England / Hazy,Can 440ml,440,14.77,IPA
Black Damnation 24 Octopussy,6.5,Belgium,4.03,De Struise Brouwers,13.0,Stout - Russian Imperial,Can 440ml,440,14.77,Stout
Radial Lines,6.5,England,3.88,Burnt Mill Brewery,4.6,Pale Ale - New England / Hazy,Can 440ml,440,14.77,Pale Ale
Winter In Bangalore IPA,6.5,Denmark,3.66,Amager Bryghus,6.0,IPA - American,Can 440ml,440,14.77,IPA
Belching Beaver - Deftones Phantom Bride,6.5,United States,3.87,Belching Beaver Brewery,7.1,IPA - American,Can 440ml,440,14.77,IPA
Juice comme ca - DDH Pale Ale,6.5,France,3.81,Gekko Brewing Company,5.2,Pale Ale - New England / Hazy,Can 440ml,440,14.77,Pale Ale
Boltzmann Brain,6.5,England,3.92,Azvex Brewing Company,6.4,IPA - New England / Hazy,Can 440ml,440,14.77,IPA
Mucho Mucho Mosaic,6.5,Spain,4.0,Basqueland Brewing,8.0,IPA - Imperial / Double New England / Hazy,Can 440ml,440,14.77,IPA
Koyo,6.5,England,3.73,Track Brewing Company,6.0,IPA - Red,Can 440ml,440,14.77,IPA
Foggy Haze Organic Session IPA x Kølster,6.5,Denmark,3.65,Mikkeller,5.0,IPA - Brett,Can 440ml,440,14.77,IPA
Big Boy Sandwich,6.5,England,3.97,Pressure Drop Brewing,6.4,IPA - New England / Hazy,Can 440ml,440,14.77,IPA
Cherry x Raspberry x Maple Smoothie Sour,6.5,Latvia,4.17,Ārpus Brewing Co.,3.5,Sour - Smoothie / Pastry,Can 440ml,440,14.77,Sour
Crisp Trees,6.99,United States,3.77,Beer Tree Brew,4.5,Pilsner - Other,473ml,473,14.78,Pilsner
Baby Kittens: Motueka,6.99,United States,4.0,Fat Orange Cat Brew Co.,6.5,IPA - New England / Hazy,473ml,473,14.78,IPA
SIPS: Pineapple Riesling,6.99,United States,3.87,Parish Brewing Co.,5.0,Sour - Fruited Berliner Weisse,473ml,473,14.78,Sour
Hurry On Daylight,6.99,United States,3.8,Perennial Artisan Ales,6.2,IPA - New England / Hazy,473ml,473,14.78,IPA
IPA Blanche,6.99,Canada,3.76,LTM - Les Trois Mousquetaires,6.0,IPA - White / Wheat,473ml,473,14.78,IPA
Absence of Light Peanut Butter Chocolate Milk Stout,6.99,United States,4.07,4 Hands Brewing Company,7.1,Stout - Milk / Sweet,473ml,473,14.78,Stout
Brewing Co. x Basqueland Krema,6.99,United States,4.1,3 Sons Brewing Co.,8.0,IPA - Imperial / Double New England / Hazy,473ml,473,14.78,IPA
Working Man,6.99,United States,3.6,Revolution Brewing Company,3.8,Mild - Dark,473ml,473,14.78,Mild
City Wide Stout,6.99,United States,3.75,4 Hands Brewing Company,4.5,Stout - Irish Dry,473ml,473,14.78,Stout
Lite Crispy Bois,6.99,United States,3.68,3 Sons Brewing Co.,4.2,Lager - American Light,473ml,473,14.78,Lager
Chocolate Milk Stout,6.99,United States,3.93,4 Hands Brewing Company,5.5,Stout - Milk / Sweet,473ml,473,14.78,Stout
Ocean Park Pils,6.99,United States,3.69,3 Sons Brewing Co.,5.0,Pilsner - Other,473ml,473,14.78,Pilsner
Mopeds In Milan,6.99,United States,3.76,The Lost Abbey,5.0,Pilsner - Italian,473ml,473,14.78,Pilsner
Winter Wizard,7.39,Denmark,3.78,Amager Bryghus,12.0,Stout - Imperial / Double Pastry,500ml,500,14.78,Stout
Marmalade,6.99,United States,4.1,Phase Three Brewing,6.5,IPA - New England / Hazy,473ml,473,14.78,IPA
PC Cream Ale,6.99,United States,3.66,Prison City Pub & Brewery,5.0,Cream Ale,473ml,473,14.78,Cream Ale
IPA,6.99,Canada,3.97,LTM - Les Trois Mousquetaires,6.0,IPA - American,473ml,473,14.78,IPA
Lost Tooth,6.99,United States,4.0,Perennial Artisan Ales,5.0,Lager - Dark,473ml,473,14.78,Lager
Moon River Rock (Lager Japanise Rice),6.99,United States,3.81,Long Live Beerworks,4.5,Lager - Japanese Rice,473ml,473,14.78,Lager
Once Forgotten,6.99,United States,3.97,Perennial Artisan Ales,5.0,Lager - Světlé (Czech Pale),473ml,473,14.78,Lager
Van Beer,6.99,United States,4.04,Great Notion Brewing,7.2,IPA - New England / Hazy,473ml,473,14.78,IPA
Juice Invader,6.99,United States,4.1,Great Notion Brewing,7.0,IPA - New England / Hazy,473ml,473,14.78,IPA
North Sky [ can],6.99,United States,3.76,Allagash Brewing Company,7.5,Stout - Belgian,473ml,473,14.78,Stout
It's Showtime,6.99,United States,4.07,Tripping Animals Brewing Co.,6.0,Sour - Fruited Berliner Weisse,473ml,473,14.78,Sour
Churro Stand,6.99,United States,3.69,Castellum Ciders,5.5,Cider - Sweet,473ml,473,14.78,Cider
Extase,4.88,Belgium,3.68,Brouwerij De Dochter van de Korenaar,8.5,IPA - Imperial / Double,330ml,330,14.79,IPA
Non-Alcoholic Speedway Stout,5.25,United States,3.13,AleSmith Brewing Company,0.4,Non-Alcoholic - Porter / Stout,355ml,355,14.79,Non-Alcoholic
Stig Noir,4.88,Sweden,3.5,Stigbergets Bryggeri,6.5,IPA - Black / Cascadian Dark Ale,330ml,330,14.79,IPA
Szilvás Gombóc Double Cinnamon EDT,4.88,Hungary,3.84,Mad Scientist,10.0,Sour - Smoothie / Pastry,330ml,330,14.79,Sour
Chai - Gourgas Pomace 2021,11.1,France,4.04,Brasserie La Malpolon,5.4,Wild Ale - Other,Bottle 750ml,750,14.8,Wild Ale
10 Years of Innovation,7.4,Czech Republic,3.97,Rodinný Pivovar Zichovec,6.0,Sour - Smoothie / Pastry,500ml,500,14.8,Sour
Oude Kriek,5.55,Belgium,4.02,Oud Beersel,6.0,Lambic - Kriek,Bottle 375ml,375,14.8,Lambic
Sour 12 Passion Fruit,7.4,Czech Republic,3.75,Rodinný Pivovar Zichovec,5.1,Sour - Fruited,500ml,500,14.8,Sour
Fluffier Bunny,7.4,Northern Ireland,3.82,Beer Hut Brewing Co.,10.0,Stout - Imperial / Double,500ml,500,14.8,Stout
Tilquin Rullquin,11.11,Belgium,3.84,Brasserie Artisanale de Rulles/ Gueuzerie Tilquin,7.0,Sour - Other,Bottle 750ml,750,14.81,Sour
Meerts Airelle Sauvage - keykeg,296.2,Belgium,4.02,Gueuzerie Tilquin,5.8,Lambic - Fruit,20000ml,20000,14.81,Lambic
Orange Monk Sanddorn Saison,4.89,Germany,3.17,Munich Brew Mafia,9.5,Farmhouse Ale - Saison,330ml,330,14.82,Farmhouse Ale
Pink Monk Himbeer Tripel,4.89,Germany,3.43,Munich Brew Mafia,9.5,Belgian Tripel,330ml,330,14.82,Belgian Tripel
Lervig King Rufus,4.89,Norway,3.77,LERVIG,15.5,Barleywine - English,330ml,330,14.82,Barleywine
Quetsche - keykeg,296.4,Belgium,4.17,Gueuzerie Tilquin,6.4,Lambic - Fruit,20000ml,20000,14.82,Lambic
BRUTALiSTiC Tree,4.89,Netherlands,3.82,Goede Kant van het Spoor,12.7,Barleywine - English,330ml,330,14.82,Barleywine
Neid Heller Bock,4.89,Germany,3.57,Munich Brew Mafia,6.7,Bock - Hell / Maibock / Lentebock,330ml,330,14.82,Bock
BRLO x Kyrö Did You Finnish? Belgian Strong Ale,4.89,Germany,,BRLO,5.0,Festbier,330ml,330,14.82,Festbier
Völlerei Rauchbock mit Senf,4.89,Germany,3.03,Munich Brew Mafia,6.5,Bock - Single / Traditional,330ml,330,14.82,Bock
Black Ale Chilli Black IPA,4.89,Sweden,3.45,Beerbliotek,7.6,IPA - Black / Cascadian Dark Ale,330ml,330,14.82,IPA
Orca Brau Whats Your Name? Pumpkin Spiced Latte Smoothie Imperial IPA,4.89,Germany,3.69,orca brau,8.5,Pumpkin / Yam Beer,330ml,330,14.82,Pumpkin / Yam Beer
"Orca Brau Anders! Modern IPA Nelson Sauvin, Cashmere & Mosaic",4.89,Germany,3.89,orca brau,6.8,IPA - American,330ml,330,14.82,IPA
Buddelship x Sakiškės Elderflower IPA,4.89,Lithuania,3.56,Sakiškės Brewery// Sakiškių Alus,4.5,IPA - New England / Hazy,330ml,330,14.82,IPA
Paon du Jour,4.89,Belgium,3.78,La Source Beer Co.,4.9,Historical Beer - Gruit / Ancient Herbed Ale,Can 330ml,330,14.82,Historical Beer
Oude Geuze Black Label B9,11.12,Belgium,3.74,Brouwerij Boon,7.0,Lambic - Gueuze,Bottle 750ml,750,14.83,Lambic
Black Forest Gateau,6.53,England,3.94,Vocation Brewery,10.0,Stout - Imperial / Double,Can 440ml,440,14.84,Stout
Pokal Duvel,4.9,Belgium,3.72,Duvel Moortgat,8.5,Belgian Strong Golden Ale,330ml,330,14.85,Belgian Strong Golden Ale
Tropic & Phantasm NEIPA,4.9,Netherlands,3.17,Brouwerij de Molen,7.5,IPA - New England / Hazy,330ml,330,14.85,IPA
Nibbled To Death By Ducks,4.9,Netherlands,3.67,Klere Boght,6.0,Farmhouse Ale - Saison,330ml,330,14.85,Farmhouse Ale
Funky Saison: Except The Little Fish,4.9,Netherlands,3.46,De Kromme Haring,3.0,Farmhouse Ale - Saison,Bottle 330ml,330,14.85,Farmhouse Ale
Roman Rendez-Brew Grape Ale,4.9,Netherlands,3.1,Uiltje Brewing Company,5.9,Grape Ale - Other,330ml,330,14.85,Grape Ale
Are You Not Entertained? NEIPA,4.9,Slovenia,3.54,Lobik,6.5,IPA - New England / Hazy,Can 330ml,330,14.85,IPA
Helge Gluten Free Pale Ale,4.9,Estonia,3.55,Põhjala,5.0,Gluten-Free,330ml,330,14.85,Gluten-Free
The Snow King Cold IPA,4.9,Sweden,3.62,Brewski,6.6,IPA - Cold,330ml,330,14.85,IPA
Rebel Monk 2,4.9,France,3.79,The Piggy Brewing Company,5.6,Farmhouse Ale - Saison,330ml,330,14.85,Farmhouse Ale
ROTT.shadow,4.9,Netherlands,3.92,ROTT. Brouwers,11.1,Stout - Imperial / Double,Can 330ml,330,14.85,Stout
Zwier Gitaarbrouw  Butterscotch Blond Met Telecaster,4.9,Netherlands,3.34,Zwiergitaarbrouw,6.5,Blonde / Golden Ale - Other,330ml,330,14.85,Blonde / Golden Ale
F*ck the christmas tree is on fire,4.9,Netherlands,3.58,Uiltje Brewing Company,10.0,Stout - Imperial / Double Oatmeal,330ml,330,14.85,Stout
Morpheus,4.9,Belgium,3.38,Brouwerij Alvinne,7.0,Farmhouse Ale - Saison,Bottle 330ml,330,14.85,Farmhouse Ale
Zoet & Hout Peated Porter,4.9,Netherlands,3.55,Brouwerij de Molen,8.0,Porter - Smoked,330ml,330,14.85,Porter
Imperial Stout 12 Mois BA,4.9,France,4.02,Brasserie Iron,11.0,Stout - Imperial / Double,330ml,330,14.85,Stout
Perennial,4.9,Finland,4.04,Revenant Brewing Project,7.5,IPA - New England / Hazy,330ml,330,14.85,IPA
Grand Cru Belgian Red Ale,4.9,Belgium,3.65,Brouwerij Rodenbach,6.0,Sour - Flanders Red Ale,330ml,330,14.85,Sour
Xmas,4.9,Belgium,3.68,Brouwerij Corsendonk,8.1,Winter Ale,330ml,330,14.85,Winter Ale
Cosy Days Red Ale,4.9,Estonia,3.5,Põhjala,6.0,Red Ale - American Amber / Red,330ml,330,14.85,Red Ale
Walter,4.9,Germany,3.56,Schneeeule,3.5,Sour - Berliner Weisse,330ml,330,14.85,Sour
Freddy meets Johnny,4.9,Belgium,3.88,Brouwerij Alvinne,6.5,Sour - Flanders Oud Bruin,330ml,330,14.85,Sour
Black Damnation 19 - Maestro,4.9,Belgium,4.13,De Struise Brouwers,13.0,Stout - Belgian,330ml,330,14.85,Stout
Black Damnation 01 - Blackberry Albert (2022),4.9,Belgium,4.03,De Struise Brouwers,13.0,Stout - Imperial / Double,330ml,330,14.85,Stout
Piece of Cake #3,4.9,Netherlands,3.98,Brouwerij Frontaal,10.0,Stout - Imperial / Double Pastry,330ml,330,14.85,Stout
Cuvee Delphine Vintage 2020,4.9,Belgium,4.23,De Struise Brouwers,13.0,Stout - Russian Imperial,330ml,330,14.85,Stout
3 Bean Stout,4.9,Norway,4.09,LERVIG/ Way Beer,12.0,Stout - Imperial / Double,330ml,330,14.85,Stout
First Juggler DIPA,4.9,Hungary,3.52,FIRST Craft Beer,8.0,IPA - Imperial / Double,330ml,330,14.85,IPA
Douce France,4.9,France,3.64,Fauve,5.0,Lager - Helles,330ml,330,14.85,Lager
Fate Loves The Fearless,4.9,Netherlands,3.91,Brouwerij Kees,14.8,Barleywine - American,330ml,330,14.85,Barleywine
Gemini,4.9,Hungary,,Fehér Nyúl,8.0,IPA - Imperial / Double,330ml,330,14.85,IPA
Aethelstan Peated Imperial Stout,4.9,Netherlands,3.77,Big Belly Brewing Company,10.0,Stout - Imperial / Double,Can 330ml,330,14.85,Stout
Walhalla Daemon #21 Draugr,4.9,Netherlands,3.7,Walhalla Brouwerij & Proeflokaal,8.0,Brown Ale - Imperial / Double,330ml,330,14.85,Brown Ale
Eclaircie,4.9,France,3.64,Sacrilège,7.0,Stout - Foreign / Export,Bottle 330ml,330,14.85,Stout
Flou De FaFa,4.9,France,3.92,VIF,6.5,IPA - New England / Hazy,330ml,330,14.85,IPA
Bulgarian Affair,4.9,Portugal,3.8,Barona Brewing Company,11.2,Stout - Imperial / Double,330ml,330,14.85,Stout
De La Senne Schieve X-Mas,4.9,Belgium,3.64,Brasserie de la Senne,8.0,Winter Ale,330ml,330,14.85,Winter Ale
Scotch Ale,4.9,Germany,3.53,BRLO,10.0,Scotch Ale / Wee Heavy,330ml,330,14.85,Scotch Ale / Wee Heavy
Even More Piggy,4.9,France,3.58,The Piggy Brewing Company,6.8,Smoked Beer,330ml,330,14.85,Smoked Beer
Abbaye de Rochefort Triple Extra,4.9,Belgium,3.76,Abbaye Notre-Dame de Saint-Rémy,8.1,Belgian Tripel,330ml,330,14.85,Belgian Tripel
Kuusk IPA,4.9,Estonia,3.64,Põhjala,6.0,IPA - American,330ml,330,14.85,IPA
Black Pope - Peru El Palto Coffee And Tahitian Vanilla Beans,4.9,Belgium,3.97,Galea Craft Beers,11.5,Stout - Imperial / Double Coffee,330ml,330,14.85,Stout
DE DOLLE – ARABIER,4.9,Belgium,3.47,Brouwerij De Dolle Brouwers,8.0,Belgian Strong Golden Ale,330ml,330,14.85,Belgian Strong Golden Ale
47 - West Coast IPA w/ Tarhon,6.54,Romania,3.03,OneTwo,5.0,IPA - American,Can 440ml,440,14.86,IPA
Sidekick IPA,6.54,Ireland,3.58,Rascals Brewing Co,5.3,IPA - American,Can 440ml,440,14.86,IPA
Happy Days Session Pale Ale,6.54,Ireland,3.52,Rascals Brewing Co,4.1,Pale Ale - American,Can 440ml,440,14.86,Pale Ale
Pink Lemonade,6.54,Ireland,3.34,Rascals Brewing Co,4.2,Sour - Fruited,Can 440ml,440,14.86,Sour
Loopy,6.54,Latvia,3.79,Nurme,8.0,IPA - Imperial / Double New England / Hazy,Can 440ml,440,14.86,IPA
45 - Raspberry Mint Vanilla Sour,6.54,Romania,3.83,OneTwo,5.0,Sour - Fruited,Can 440ml,440,14.86,Sour
24 - Kiwi Lime Mint Sour,6.54,Romania,3.83,OneTwo,5.0,Sour - Fruited,Can 440ml,440,14.86,Sour
04 - Mango Habanero Sour,6.54,Romania,3.79,OneTwo,5.5,Sour - Fruited,Can 440ml,440,14.86,Sour
"Dock 91: Motueka, Riwaka & Southern Cross (10-2-24)",11.15,Canada,4.33,Le Ketch,6.5,IPA - New England / Hazy,Bottle 750ml,750,14.87,IPA
Dock 2024: Motueka (Canned: 13-9-24),11.15,Canada,4.38,Le Ketch,6.5,IPA - New England / Hazy,Bottle 750ml,750,14.87,IPA
Glitz And Glam,6.99,United States,3.77,Eppig Brewing,4.1,Sour - Fruited Berliner Weisse,Can 470ml,470,14.87,Sour
West Coast IPA,6.99,United States,3.78,Mason Ale Works,7.2,IPA - American,Can 470ml,470,14.87,IPA
iPOP! Tropical / Seek Beer,6.99,United States,3.73,Mason Ale Works,5.0,Fruit Beer,Can 470ml,470,14.87,Fruit Beer
10:45 to Denver,6.99,United States,3.81,Eppig Brewing,7.0,IPA - American,Can 470ml,470,14.87,IPA
Passing Shadows,11.15,Canada,4.31,Third Moon Brewing Company,8.0,IPA - Imperial / Double New England / Hazy,Bottle 750ml,750,14.87,IPA
Dock 2024: Nelson Sauvin (Canned: 19-9-24),11.15,Canada,4.35,Le Ketch,6.5,IPA - New England / Hazy,Bottle 750ml,750,14.87,IPA
"Dock 92: Motueka, Nelson Sauvin & Rakau (Canned: 12-9-24)",11.15,Canada,4.35,Le Ketch,6.5,IPA - New England / Hazy,Bottle 750ml,750,14.87,IPA
Zwarte Bes Blackcurrant,11.16,Belgium,3.81,Brouwerij Kestemont,5.5,Lambic - Fruit,Bottle 750ml,750,14.88,Lambic
Make West Coast Ipa Great Again,4.91,Italy,3.83,Ritual Lab,6.2,IPA - American,Can 330ml,330,14.88,IPA
Knock Out Blows,6.55,England,4.05,Neon Raptor Brewing Co.,8.4,IPA - Imperial / Double New England / Hazy,Can 440ml,440,14.89,IPA
Frau Gruber Paradise Cove,6.55,Germany,3.83,FrauGruber Brewing,6.5,IPA - New England / Hazy,Can 440ml,440,14.89,IPA
Trombolese,6.55,England,3.98,Neon Raptor Brewing Co.,8.0,IPA - Imperial / Double New England / Hazy,Can 440ml,440,14.89,IPA
"Blood & Ink (Blackberry, Cherry, Plum & Squid Ink Sour)",6.55,Scotland,3.85,Vault City Brewing,4.9,Sour - Fruited Gose,Can 440ml,440,14.89,Sour
Mirakel,11.17,Belgium,3.8,Brouwerij De Ranke,5.5,Lambic - Gueuze,Bottle 750ml,750,14.89,Lambic
Even Sharks Need Water (ESNW),6.55,England,4.08,Verdant Brewing Co,6.5,IPA - New England / Hazy,Can 440ml,440,14.89,IPA
Speed Medium,6.55,England,3.85,Neon Raptor Brewing Co.,6.0,IPA - New England / Hazy,Can 440ml,440,14.89,IPA
Hazy Hearted IPA,4.99,United States,3.83,Bell's Brewery,7.5,IPA - New England / Hazy,335ml,335,14.9,IPA
Cosmic Crown Belgian Style Strong Golden Ale,5.29,United States,3.7,Cigar City Brewing,9.0,Belgian Strong Golden Ale,355ml,355,14.9,Belgian Strong Golden Ale
Voodoo Ranger Hardcharged Tea - Lemon,4.99,United States,3.5,New Belgium Brewing Company,7.0,Flavored Malt Beverage,335ml,335,14.9,Flavored Malt Beverage
Coffee Baltic Porter,5.29,United States,3.91,Crooked Stave Artisan Beer Project,7.8,Porter - Coffee,355ml,355,14.9,Porter
Sour Rosé,5.29,United States,3.83,Crooked Stave Artisan Beer Project,4.5,Wild Ale - American,355ml,355,14.9,Wild Ale
Hazy Blues Juicy IPA,5.29,United States,3.78,Oskar Blues Brewery,7.0,IPA - New England / Hazy,355ml,355,14.9,IPA
Dale's American Double IPA,5.29,United States,3.77,Oskar Blues Brewery,9.0,IPA - Imperial / Double,355ml,355,14.9,IPA
Voodoo Ranger Peach Force,4.99,United States,3.7,New Belgium Brewing Company,9.5,IPA - Fruited,335ml,335,14.9,IPA
Hop Sour,4.99,United States,3.5,Hop Lark,7.0,Flavored Malt Beverage,335ml,335,14.9,Flavored Malt Beverage
Voodoo Ranger Tropic Force,4.99,United States,3.72,New Belgium Brewing Company,9.5,IPA - Imperial / Double,335ml,335,14.9,IPA
Change of Heart,4.99,United States,3.74,Bell's Brewery,7.0,IPA - Black / Cascadian Dark Ale,335ml,335,14.9,IPA
Fancy Papers Hazy IPA,5.29,United States,3.78,Cigar City Brewing,6.5,IPA - New England / Hazy,355ml,355,14.9,IPA
Guayabera Citra Pale Ale,5.29,United States,3.71,Cigar City Brewing,5.5,Pale Ale - American,355ml,355,14.9,Pale Ale
Wake Up Dead,5.29,United States,3.91,Left Hand Brewing Company,10.2,Stout - Russian Imperial,355ml,355,14.9,Stout
Dale's American Pale Ale,5.29,United States,3.37,Oskar Blues Brewery,4.2,Lager - American Light,355ml,355,14.9,Lager
Struise XXX Rye Reserva Bourbon Barrel Aged 2022,4.92,Belgium,4.01,De Struise Brouwers,10.0,Rye Wine,330ml,330,14.91,Rye Wine
Lager Beer,5.3,Canada,3.7,Sonnen Hill Brewing,4.8,Lager - Helles,Can 355ml,355,14.93,Lager
Heart Lake Pils,5.3,Canada,3.82,Sonnen Hill Brewing,4.5,Pilsner - Other,Can 355ml,355,14.93,Pilsner
Oude Kriek,5.6,Belgium,3.65,Brouwerij Boon,25.0,Lambic - Kriek,Bottle 375ml,375,14.93,Lambic
Ale,5.3,Canada,3.76,Sonnen Hill Brewing,4.2,Lager - Pale,Can 355ml,355,14.93,Lager
Velvet Rush (2021),5.3,United States,4.06,Founders Brewing Co.,11.1,Brown Ale - Imperial / Double,355ml,355,14.93,Brown Ale
Aoltbeer Amarone,11.2,Germany,3.9,Kemker Kultuur (Brauerei J. Kemker),6.0,Sour - Other,Bottle 750ml,750,14.93,Sour
Belching Beaver - Hazers Gonna Haze Can,5.3,United States,3.78,Belching Beaver Brewery,6.6,IPA - New England / Hazy,355ml,355,14.93,IPA
Holy Haze,4.93,Italy,3.87,Ritual Lab,6.5,IPA - New England / Hazy,Can 330ml,330,14.94,IPA
Firestone Double Hopnosis Imperial IPA,8.49,United States,3.85,Firestone Walker Brewing Company,8.3,IPA - Imperial / Double,568ml,568,14.95,IPA
Mountains,6.58,Denmark,3.99,Alefarm Brewing,8.0,IPA - Imperial / Double,Can 440ml,440,14.95,IPA
Chomolungma,5.31,United States,3.66,Jackie O's Brewery,10.0,Brown Ale - American,355ml,355,14.96,Brown Ale
Brewing Passionista,4.94,France,3.76,The Piggy Brewing Company,4.3,Sour - Fruited,Can 330ml,330,14.97,Sour
Kalysie,11.23,France,3.73,Kystin,2.0,Cider - Perry / Poiré,Bottle 750ml,750,14.97,Cider
Crystal Death DDH IPA,6.59,Germany,4.01,Sudden Death Brewing Co.,6.5,IPA - New England / Hazy,Can 440ml,440,14.98,IPA
Crystal Death,6.59,Germany,4.01,Sudden Death Brewing Co.,6.5,IPA - New England / Hazy,Can 440ml,440,14.98,IPA
Peer Pressure,6.59,Spain,4.06,SOMA Beer,7.0,IPA - New England / Hazy,Can 440ml,440,14.98,IPA
Clap Back,6.59,Spain,3.94,SOMA Beer,6.0,IPA - New England / Hazy,Can 440ml,440,14.98,IPA
Little Green Man,7.49,Croatia,4.14,Pulfer Brewery,5.0,Sour - Fruited,500ml,500,14.98,Sour
d-TONACJA 8th Edition Imperial Stout,7.49,Poland,4.04,Browar Nepomucen,11.0,Stout - Imperial / Double,500ml,500,14.98,Stout
The Kernel India Pale Ale Galaxy,4.95,England,3.86,The Kernel Brewery,6.9,IPA - American,330ml,330,15.0,IPA
Toxic Brewsaders,4.95,Norway,3.77,Cervisiam,6.2,IPA - New England / Hazy,330ml,330,15.0,IPA
Cherry x Raspberry x Apricot Smoothie Sour,6.6,Latvia,4.15,Ārpus Brewing Co.,4.0,Sour - Smoothie / Pastry,Can 440ml,440,15.0,Sour
Quiet Pleasures,6.6,Wales,3.86,Polly's Brew Co.,6.1,IPA - New England / Hazy,Can 440ml,440,15.0,IPA
Squeezy's Margarita,6.6,England,3.35,Whitebox,19.0,Non-Alcoholic - Lager,Can 440ml,440,15.0,Non-Alcoholic
Fisimatente Spitze Alde – Grape Ale,4.95,Germany,3.82,Spitzbuckel Brauwerkstatt Bäuerle,8.8,Grape Ale - Other,330ml,330,15.0,Grape Ale
Barbara Eisbock,4.95,Germany,3.72,Hochdorfer Kronenbrauerei,11.0,Bock - Eisbock,330ml,330,15.0,Bock
Sweet Shop Fizzy Watermelon Slices Sour,6.6,Scotland,3.75,Vault City Brewing,4.1,Sour - Fruited,Can 440ml,440,15.0,Sour
Very Berry Single Scoop,6.6,Scotland,4.02,Vault City Brewing,4.1,Sour - Smoothie / Pastry,Can 440ml,440,15.0,Sour
Interstellar,6.6,Northern Ireland,3.93,Beer Hut Brewing Co.,11.0,Stout - Imperial / Double,Can 440ml,440,15.0,Stout
Indian Summer – Doppelbock,4.95,Netherlands,3.46,Brouwerij Kees,10.0,Bock - Doppelbock,330ml,330,15.0,Bock
Mantle,6.6,England,3.66,Indie Rabble,4.5,Pale Ale - New England / Hazy,Can 440ml,440,15.0,Pale Ale
Awful Gato,6.6,Denmark,3.79,Mikkeller,8.0,Brown Ale - Imperial / Double,Can 440ml,440,15.0,Brown Ale
Plain of the Po,4.95,Italy,3.86,CRAK Brewery,5.2,IPA - New England / Hazy,330ml,330,15.0,IPA
Aesthetics of Haze,6.6,Bulgaria,3.93,Metalhead,6.0,IPA - New England / Hazy,Can 440ml,440,15.0,IPA
Regenbogen Lori – Oatcream IPA,4.95,Germany,4.1,Schwarze Rose,6.9,Oatcream IPA,330ml,330,15.0,Oatcream IPA
Galaxy,4.95,Slovenia,3.8,Lobik,6.5,IPA - New England / Hazy,330ml,330,15.0,IPA
X-rated Nothings,6.6,Bulgaria,3.89,Metalhead,6.6,IPA - New England / Hazy,Can 440ml,440,15.0,IPA
Bean Butcher,6.6,Netherlands,4.18,Moersleutel Craft Brewery,11.0,Stout - Imperial / Double Pastry,Can 440ml,440,15.0,Stout
Slow Veer,6.6,Wales,3.9,Polly's Brew Co.,5.7,IPA - New England / Hazy,Can 440ml,440,15.0,IPA
Walhalla / CoolHead Mana,4.95,Netherlands,3.43,Walhalla Brouwerij & Proeflokaal,7.5,Sour - Fruited,330ml,330,15.0,Sour
Vobes,6.6,England,3.9,Indie Rabble,6.2,IPA - New England / Hazy,Can 440ml,440,15.0,IPA
Smoky Bockfest,6.6,England,4.1,Saint Mars Of The Desert,6.9,Lager - Smoked,Can 440ml,440,15.0,Lager
Polymers are Forever (canned: 22-07-24),6.6,Germany,3.98,FUERST WIACEK,6.8,IPA - New England / Hazy,Can 440ml,440,15.0,IPA
Proud To Be Stout,4.95,Netherlands,3.51,Mister Hop,9.69,Stout - Imperial / Double,330ml,330,15.0,Stout
Ffrwyth! Pineapple And Grapefruit,6.6,Wales,3.48,Wild Horse Brewing Co,4.4,Sour - Fruited,Can 440ml,440,15.0,Sour
Glitter IPA,11.25,Netherlands,2.96,Dutch Bargain,6.0,IPA - American,Bottle 750ml,750,15.0,IPA
Crimson Kiss – Fruited Sour with Rasperry and Coffee,4.95,Estonia,3.8,Pühaste Brewery,4.0,Sour - Fruited,330ml,330,15.0,Sour
INFINITY X Beak,6.6,England,4.1,Pomona Island Brew Co.,6.3,IPA - New England / Hazy,Can 440ml,440,15.0,IPA
"Vault City | Lemon Grapefruit Pineapple Radler | 3,4%",6.6,Scotland,3.68,Vault City Brewing,3.4,Shandy / Radler,Can 440ml,440,15.0,Shandy / Radler
"100% Hoogstam appels Oogst 2021 7,0%",7.5,Netherlands,3.2,IESSEL Cider,7.2,Cider - Dry,500ml,500,15.0,Cider
From The Earth DIPA,6.6,Belgium,3.97,Norm Brewing,8.0,IPA - Imperial / Double New England / Hazy,Can 440ml,440,15.0,IPA
Hot Spring Deluxe,7.5,Romania,3.87,Hop Hooligans,8.0,IPA - Imperial / Double New England / Hazy,Can 500ml,500,15.0,IPA
Westvleteren Blond,4.95,Belgium,4.01,Brouwerij De Sint-Sixtusabdij van Westvleteren,5.8,Belgian Blonde,330ml,330,15.0,Belgian Blonde
Which Doctor?,6.6,England,3.94,Twisted Barrel Ale,8.2,Stout - Foreign / Export,Can 440ml,440,15.0,Stout
The Smoked Brown,6.6,England,3.73,Anspach & Hobday,5.5,Smoked Beer,Can 440ml,440,15.0,Smoked Beer
La Calavera- Kingslayer,6.6,Spain,3.91,La Calavera,4.7,Sour - Fruited,Can 440ml,440,15.0,Sour
Utopia – Double IPA,4.95,Austria,3.75,Bierol,7.5,IPA - Imperial / Double,330ml,330,15.0,IPA
Lactic Fantastic - Apricot,4.95,Netherlands,3.58,De Kromme Haring,5.0,Wild Ale - American,330ml,330,15.0,Wild Ale
Blueberry Trifle,4.95,Netherlands,3.5,Mister Hop,9.0,Stout - Imperial / Double Pastry,330ml,330,15.0,Stout
Mindpower,6.6,England,3.82,Cloudwater Brew Co.,6.0,IPA - New England / Hazy,Can 440ml,440,15.0,IPA
Super Santa,4.95,Norway,3.44,Amundsen Brewery,4.7,Stout - Pastry,330ml,330,15.0,Stout
Crawling Distance v2.0,7.5,Romania,3.99,Hop Hooligans,8.0,IPA - Imperial / Double New England / Hazy,Can 500ml,500,15.0,IPA
Double Kosmos,6.6,Estonia,3.83,Põhjala,5.0,IPA - Imperial / Double New England / Hazy,Can 440ml,440,15.0,IPA
Mr. President,6.6,Scotland,3.62,BrewDog,9.2,IPA - Imperial / Double,Can 440ml,440,15.0,IPA
"100% Hoogstam appels Eikengerijpt  Oogst 2021 6,6%",7.5,Netherlands,3.46,IESSEL Cider,7.2,Cider - Dry,500ml,500,15.0,Cider
Brighter Later,6.6,England,3.64,Good Chemistry Brewing,5.5,Pale Ale - Other,Can 440ml,440,15.0,Pale Ale
Wilderness x RAD Beer Stick To The Plan,6.6,Wales,3.72,Wilderness Brewery,7.0,IPA - Belgian,Can 440ml,440,15.0,IPA
BILLY'S HOP,6.6,Germany,3.82,BrewHeart,8.2,IPA - Imperial / Double New England / Hazy,Can 440ml,440,15.0,IPA
Tropical Blaze – Mango Habanero Sour,4.95,Netherlands,3.43,Two Chefs Brewing,7.0,Sour - Fruited,330ml,330,15.0,Sour
Triple Gelato Mango Sticky Rice,7.5,Poland,4.04,Funky Fluid,7.5,Sour - Smoothie / Pastry,500ml,500,15.0,Sour
Glasshouse Sakura,6.6,England,4.02,GlassHouse Beer Co,6.3,IPA - New England / Hazy,Can 440ml,440,15.0,IPA
Render Melted,6.6,Wales,3.88,Polly's Brew Co.,6.2,IPA - New England / Hazy,Can 440ml,440,15.0,IPA
SON OF A PEACH!!!! – Fruited Berliner Weisse,4.95,Spain,3.74,La Calavera,4.5,Sour - Fruited Berliner Weisse,330ml,330,15.0,Sour
Rott.Swirl,4.95,Netherlands,4.02,ROTT. Brouwers,10.5,Stout - Imperial / Double Pastry,330ml,330,15.0,Stout
Cuvee Sofie – Oak Aged Blond Sour,4.95,Belgium,3.94,Brouwerij Alvinne,8.0,Sour - Fruited,330ml,330,15.0,Sour
Vari – Spiced Baltic Porter,4.95,Estonia,3.93,Pühaste Brewery,10.5,Porter - Imperial / Double Baltic,330ml,330,15.0,Porter
ParaMind,7.5,England,3.98,Nothing Bound Brewing Co,5.2,Pale Ale - New England / Hazy,Can 500ml,500,15.0,Pale Ale
Cercle,7.5,England,3.88,Nothing Bound Brewing Co,5.6,Pale Ale - New England / Hazy,Can 500ml,500,15.0,Pale Ale
KEES Caramel Fudge Appelstroop,4.95,Netherlands,3.64,Brouwerij Kees,11.5,Stout - Imperial / Double Pastry,330ml,330,15.0,Stout
Black Albert Vintage 2020 Imperial Stout,4.95,Belgium,4.18,De Struise Brouwers,13.0,Stout - Belgian,330ml,330,15.0,Stout
Palm Tree,7.5,United States,3.87,Quaff ON! Brewing Company,6.0,Red Ale - Other,500ml,500,15.0,Red Ale
HORA PEPA -  THT/BBE 08/24,6.6,Spain,3.85,Garage Beer Co.,7.0,Sour - Fruited Berliner Weisse,Can 440ml,440,15.0,Sour
Boltzmann Brain (canned: 22-08-24),6.6,England,3.92,Azvex Brewing Company,6.4,IPA - New England / Hazy,Can 440ml,440,15.0,IPA
Dochter van de Korenaar- L'Ensemble Barleywine,4.95,Belgium,3.94,Brouwerij De Dochter van de Korenaar,13.0,Barleywine - English,330ml,330,15.0,Barleywine
Crevasse Fear,6.6,Wales,3.89,Polly's Brew Co.,6.0,IPA - American,Can 440ml,440,15.0,IPA
Miami Feelings,6.6,Wales,3.76,Polly's Brew Co.,6.5,IPA - American,Can 440ml,440,15.0,IPA
Mirage 3,11.25,Norway,3.82,Nøgne Ø,8.0,Lambic - Gueuze,Bottle 750ml,750,15.0,Lambic
Thalia,6.6,England,3.67,Tartarus Beers,5.0,Sour - Fruited,Can 440ml,440,15.0,Sour
Pastry Train Canele,4.95,Netherlands,3.9,Brouwerij Kees,13.1,Stout - Imperial / Double Pastry,330ml,330,15.0,Stout
Uiltje I Demand A Raspberry,4.95,Netherlands,3.46,Uiltje Brewing Company,9.5,Stout - Imperial / Double,330ml,330,15.0,Stout
Ghost on the Highway X Two Flints X Pretty Decent Beer,6.6,England,3.96,Northern Monk,6.5,IPA - New England / Hazy,Can 440ml,440,15.0,IPA
Happy Demons / Brouwerij RaZ Razzy Demons,4.95,Netherlands,3.66,Happy Demons Craft Beer,9.5,Stout - Other,330ml,330,15.0,Stout
Strata Porter – Dry Hopped Baltic Porter,4.95,Estonia,3.76,Pühaste Brewery,7.5,Porter - Baltic,330ml,330,15.0,Porter
"Balloon Bay – Fruited Sour mit Banane , Passionsfrucht und Blutorange",4.95,Estonia,3.68,Pühaste Brewery,4.6,Sour - Fruited,330ml,330,15.0,Sour
Kees / Menno Olivier / Poch Don Quichot,4.95,Netherlands,4.07,Brouwerij Kees,14.0,Barleywine - Other,330ml,330,15.0,Barleywine
Vadehav,7.5,Denmark,3.37,Fanø Bryghus,6.5,Brown Ale - American,500ml,500,15.0,Brown Ale
All Out King,7.5,Poland,3.91,Funky Fluid,8.0,Sour - Smoothie / Pastry,500ml,500,15.0,Sour
Happy Demons Imagine Demons Smoke & Mirrors,4.95,Netherlands,3.48,Happy Demons Craft Beer,6.4,Porter - Smoked,330ml,330,15.0,Porter
Sarrasin,11.25,France,3.88,Kystin,4.0,Cider - Herbed / Spiced / Hopped,Bottle 750ml,750,15.0,Cider
Iechyd Da,6.6,Wales,4.02,Dark Element Brew Co,6.5,IPA - New England / Hazy,Can 440ml,440,15.0,IPA
Browns (Cider Applewine),7.5,England,3.71,Dunkertons,7.5,Cider - Applewine,500ml,500,15.0,Cider
Do You Wanna Funk?,6.6,Northern Ireland,3.68,Our Brewery,6.5,IPA - New England / Hazy,Can 440ml,440,15.0,IPA
Blue Pool,6.6,Northern Ireland,3.74,Lacada Brewery,6.4,IPA - New England / Hazy,Can 440ml,440,15.0,IPA
The Goose is Loose,6.6,Denmark,3.76,To Øl,4.2,Sour - Fruited Gose,Can 440ml,440,15.0,Sour
Stereo,6.6,Germany,4.02,FUERST WIACEK,6.8,IPA - New England / Hazy,Can 440ml,440,15.0,IPA
Metz,6.6,Germany,3.92,FUERST WIACEK/ Stigbergets Bryggeri,6.8,IPA - New England / Hazy,Can 440ml,440,15.0,IPA
No No Noise,6.6,England,3.95,Neon Raptor Brewing Co.,6.5,IPA - New England / Hazy,Can 440ml,440,15.0,IPA
Talk To Your Alchemist: Strawberry Trifle,6.6,England,3.72,Disruption is Brewing,6.3,Sour - Fruited,Can 440ml,440,15.0,Sour
OUTPOST 31,6.6,England,3.83,Disruption is Brewing,5.4,IPA - New England / Hazy,Can 440ml,440,15.0,IPA
I Wish I Could Fly,6.6,England,4.02,Sureshot Brewing,6.5,IPA - New England / Hazy,Can 440ml,440,15.0,IPA
Disruption Is Brewing TDH Chaos More Chaos,6.6,England,4.03,Disruption is Brewing,6.0,IPA - New England / Hazy,Can 440ml,440,15.0,IPA
Travail Of Seven,4.95,Netherlands,3.82,Goede Kant van het Spoor,10.3,Stout - Russian Imperial,330ml,330,15.0,Stout
New Moon,6.6,Denmark,3.5,To Øl,5.5,Porter - American,Can 440ml,440,15.0,Porter
Barrel of Dwight Fry,4.95,Sweden,3.72,Stigbergets Bryggeri,11.5,Barleywine - English,330ml,330,15.0,Barleywine
Cherry Blackout,6.6,England,4.01,Electric Bear Brewing Co,8.0,Stout - Other,Can 440ml,440,15.0,Stout
Steep,6.6,England,3.71,Drop Project,6.0,IPA - Rye,Can 440ml,440,15.0,IPA
Mango x Blackberry x Passionfruit x Cherry Smoothie Sour Ale,6.6,Latvia,4.18,Ārpus Brewing Co.,4.5,Sour - Smoothie / Pastry,Can 440ml,440,15.0,Sour
Sibeeria I Love The Smell Of Superdelic In The Morning,7.5,Czech Republic,4.03,Sibeeria,6.3,IPA - New England / Hazy,500ml,500,15.0,IPA
Ris A La Ale,6.6,Denmark,3.48,Mikkeller,8.0,Fruit Beer,Can 440ml,440,15.0,Fruit Beer
Maag,4.95,Estonia,3.97,Pühaste Brewery,12.5,Barleywine - Other,330ml,330,15.0,Barleywine
Discodelica,6.6,Wales,3.98,Polly's Brew Co.,6.0,IPA - New England / Hazy,Can 440ml,440,15.0,IPA
Buenos Días,7.5,Poland,3.81,Funky Fluid,6.5,IPA - Fruited,Can 500ml,500,15.0,IPA
Skullcrusher,4.95,Netherlands,3.65,Mister Hop,9.99,Stout - Imperial / Double,330ml,330,15.0,Stout
Club Floral,6.6,Wales,3.87,Polly's Brew Co.,6.5,IPA - New England / Hazy,Can 440ml,440,15.0,IPA
Are You Not Entertained?,4.95,Slovenia,3.54,Lobik,6.5,IPA - New England / Hazy,330ml,330,15.0,IPA
Quaffzilla,6.6,Denmark,3.54,To Øl,4.7,IPA - Session,Can 440ml,440,15.0,IPA
Crimson,6.6,Spain,3.71,Menno Olivier Brewing,7.8,IPA - Imperial / Double,Can 440ml,440,15.0,IPA
Dark Humor Club Christmas,4.95,Estonia,3.81,Sori Brewing,10.3,Stout - Imperial / Double,330ml,330,15.0,Stout
Resonance,6.6,Germany,4.0,FUERST WIACEK,6.8,IPA - New England / Hazy,Can 440ml,440,15.0,IPA
Ggreenhouse,6.6,England,3.93,Phantom Brewing Co.,6.1,IPA - New England / Hazy,Can 440ml,440,15.0,IPA
Fisimatente Müller-Thurgau X Bock – Heller Bock mixed with Grape Juice,4.95,Germany,3.53,Spitzbuckel Brauwerkstatt Bäuerle,8.4,Bock - Hell / Maibock / Lentebock,330ml,330,15.0,Bock
"Wild vergiste cider 100% Hoogstam  Appels Oogst 2021  6,8%",7.5,Canada,3.85,Elite Brewing & Cidery,5.8,Cider - Other Fruit,500ml,500,15.0,Cider
Fisimatente Alder Spitz – Grape Ale,4.95,Germany,3.32,Spitzbuckel Brauwerkstatt Bäuerle,9.2,Grape Ale - Other,330ml,330,15.0,Grape Ale
Petit Café,4.95,Netherlands,3.81,Dutch Bargain,11.7,Stout - Imperial / Double Coffee,330ml,330,15.0,Stout
For The Love Of Hops Indigo,6.61,Netherlands,3.8,Brouwerij Frontaal,9.5,IPA - Triple,Can 440ml,440,15.02,IPA
Walhalla Super Loki,6.61,Netherlands,3.79,Walhalla Brouwerij & Proeflokaal,5.0,IPA - Imperial / Double,Can 440ml,440,15.02,IPA
English Porter,6.61,Belgium,3.69,Misery Beer Co.,5.2,Porter - English,Can 440ml,440,15.02,Porter
BA Pogonotrophy Project 4,9.91,England,3.66,Weird Beard Brew Co.,8.9,Sour - Other,660ml,660,15.02,Sour
Erebus,4.96,France,3.67,Hoppy Road,6.2,Porter - Baltic,330ml,330,15.03,Porter
Hella Hoppy,11.29,United States,3.93,Altamont Beer Works,9.0,IPA - Imperial / Double,Bottle 750ml,750,15.05,IPA
Té Y Lima,11.29,Spain,3.87,Cyclic Beer Farm,5.3,Farmhouse Ale - Other,Bottle 750ml,750,15.05,Farmhouse Ale
Klaar Rosalinde 2022,11.29,Germany,,klaar - fruchtfermente,4.5,Cider - Other Fruit,Bottle 750ml,750,15.05,Cider
Miami Heist,11.29,United States,4.05,Liquid Gravity Brewing Company,8.0,IPA - Imperial / Double New England / Hazy,Bottle 750ml,750,15.05,IPA
Klaar Elderonora 2022,11.29,Germany,,klaar - fruchtfermente,3.5,Cider - Traditional / Apfelwein,Bottle 750ml,750,15.05,Cider
Klaar Mary Jane 2022,11.29,Germany,3.97,klaar - fruchtfermente,4.5,Cider - Herbed / Spiced / Hopped,Bottle 750ml,750,15.05,Cider
Panettone,4.97,France,3.81,Brasserie La Malpolon,7.8,Farmhouse Ale - Other,330ml,330,15.06,Farmhouse Ale
Struise Dirty Horse Kriek 2018,4.97,Belgium,3.71,De Struise Brouwers,7.0,Sour - Fruited,330ml,330,15.06,Sour
"Oui, Oui, Mon Chéri",4.97,Netherlands,3.52,Brouwerij Kees,13.0,Stout - Imperial / Double,330ml,330,15.06,Stout
Struise Dirty Horse 2018,4.97,Belgium,3.91,De Struise Brouwers,7.0,Lambic - Kriek,330ml,330,15.06,Lambic
D'espelta Nano,11.3,Spain,3.66,Cyclic Beer Farm,4.5,Farmhouse Ale - Saison,Bottle 750ml,750,15.07,Farmhouse Ale
Kestemont - Oude Geuze - 75cl,11.3,Belgium,3.75,Brouwerij Kestemont,6.0,Lambic - Gueuze,Bottle 750ml,750,15.07,Lambic
Cuvée Bourgeon 2023,11.3,France,4.04,Sacrilège,6.8,Grape Ale - Other,Bottle 750ml,750,15.07,Grape Ale
Fruit Works Raspberry - Blueberry - Blackberry,6.64,Hungary,4.01,Brew Your Mind,5.5,Sour - Fruited,Can 440ml,440,15.09,Sour
Rákóczi Túrós Strawberry edt,4.98,Hungary,3.69,Mad Scientist,10.0,Sour - Smoothie / Pastry,330ml,330,15.09,Sour
Ritual Lab / Deya - Moons Opera,4.98,Italy,4.05,Ritual Lab,8.5,IPA - Imperial / Double New England / Hazy,Can 330ml,330,15.09,IPA
Double Dive,4.98,Hungary,3.7,Fehér Nyúl,8.2,IPA - Cold,330ml,330,15.09,IPA
Auld Dubliner,5.36,United States,3.39,DC Brau Brewing Company,15.0,Red Ale - American Amber / Red,355ml,355,15.1,Red Ale
Slippery Slope Imperial Oatmeal Stout,6.65,Netherlands,3.87,Moersleutel Craft Brewery,12.0,Stout - Imperial / Double Oatmeal,Can 440ml,440,15.11,Stout
Rendezvous (bbf: 01-10-25),6.65,Latvia,4.01,Hopalaa,8.2,IPA - Imperial / Double New England / Hazy,Can 440ml,440,15.11,IPA
Amplifier (bbf: 01-10-25),6.65,Latvia,3.97,Hopalaa,8.6,IPA - Imperial / Double New England / Hazy,Can 440ml,440,15.11,IPA
Reindeer Fuel 2024,6.65,Denmark,3.77,Amager Bryghus,10.0,Barleywine - Other,Can 440ml,440,15.11,Barleywine
California Christmas,6.65,Denmark,3.73,Amager Bryghus,11.0,Stout - Imperial / Double Pastry,Can 440ml,440,15.11,Stout
Cake Sweet Stout,4.99,Germany,3.3,Black Forest Brewing,5.8,Stout - Milk / Sweet,330ml,330,15.12,Stout
Blond Ale,4.99,Netherlands,3.44,Uiltje Brewing Company,2.6,Sour - Other,330ml,330,15.12,Sour
Soylent Green No Roast IPA,4.99,Netherlands,3.53,100 Watt Brewery,7.0,IPA - American,330ml,330,15.12,IPA
Non De Jus Cereal Tripel,4.99,Netherlands,3.53,100 Watt Brewery,8.8,Belgian Tripel,330ml,330,15.12,Belgian Tripel
Raspberry Morning,4.99,Ukraine,3.87,Yablo,5.3,Cider - Other Fruit,330ml,330,15.12,Cider
Dutch Bargain/Special Belge SeaSide Parking Lovers IPL,4.99,Netherlands,3.36,Dutch Bargain,5.6,Lager - IPL (India Pale Lager),330ml,330,15.12,Lager
Linnutee Stout,4.99,Estonia,3.68,Pühaste Brewery,6.0,Stout - Coffee,330ml,330,15.12,Stout
Die Rooie,4.99,Netherlands,3.47,Ouwe Skilder Brouwerij,9.1,Red Ale - Imperial / Double,330ml,330,15.12,Red Ale
Musa Red Zeppelin Red Session IPA,4.99,Portugal,3.46,Cerveja Musa,5.0,IPA - Red,330ml,330,15.12,IPA
Skipper IPA,4.99,Estonia,3.72,Pühaste Brewery,6.0,IPA - New England / Hazy,330ml,330,15.12,IPA
Deeper Shade Of Hop Double NEIPA,4.99,Netherlands,3.78,100 Watt Brewery,8.4,IPA - Imperial / Double New England / Hazy,330ml,330,15.12,IPA
Orchestra Of Angels NEIPA,4.99,Netherlands,3.65,100 Watt Brewery,6.3,IPA - New England / Hazy,330ml,330,15.12,IPA
Pacific Haze NEIPA,4.99,Netherlands,3.67,Dutch Bargain,5.7,IPA - New England / Hazy,330ml,330,15.12,IPA
Hugs & Kisses,4.99,Romania,3.74,Hop Hooligans,10.0,Wheat Beer - Wheat Wine,330ml,330,15.12,Wheat Beer
Caramel Fudge Stout BA: Bourbon 2024,4.99,Netherlands,4.02,Brouwerij Kees,11.5,Stout - Imperial / Double,330ml,330,15.12,Stout
The Sky Is Grey,4.99,Netherlands,3.72,X-brewing,11.0,Stout - Imperial / Double Milk,330ml,330,15.12,Stout
Trappist Westvleteren Blond,4.99,Belgium,4.01,Brouwerij De Sint-Sixtusabdij van Westvleteren,5.8,Belgian Blonde,330ml,330,15.12,Belgian Blonde
Pleroma Peach Melba Creme Brulee,4.99,Sweden,3.65,Omnipollo,6.0,Sour - Smoothie / Pastry,330ml,330,15.12,Sour
Caramel Fudge Stout BA: Het Anker,4.99,Netherlands,4.21,Brouwerij Kees,11.5,Stout - Imperial / Double,330ml,330,15.12,Stout
Gateway New England Double IPA,4.99,Netherlands,3.75,Baxbier,8.0,IPA - Imperial / Double New England / Hazy,330ml,330,15.12,IPA
Round Trip,4.99,Italy,3.77,Ritual Lab,6.2,IPA - American,330ml,330,15.12,IPA
Portal,4.99,Belgium,3.66,La Source Beer Co.,6.9,Historical Beer - Gruit / Ancient Herbed Ale,Can 330ml,330,15.12,Historical Beer
Orca Brau Here Comes The Sun Smoothie IPA Ice Tea Style,4.99,Germany,3.76,orca brau,6.5,IPA - Milkshake,330ml,330,15.12,IPA
Fruit World Famous Raspberry Pie Sour,4.99,Sweden,3.77,Omnipollo,6.0,Sour - Fruited,330ml,330,15.12,Sour
Hazy Mornings In Ipanema West Coast IPA,4.99,Sweden,3.63,Beerbliotek,6.0,IPA - New England / Hazy,330ml,330,15.12,IPA
Ruig Russian Imperial Stout,4.99,Netherlands,3.64,Brouwerij Heft,11.5,Stout - Russian Imperial,330ml,330,15.12,Stout
Vesterled Trippel,4.99,Norway,3.59,Homborsund Bryggeri,8.5,Belgian Tripel,330ml,330,15.12,Belgian Tripel
Rum BA Very Big Flapjack,4.99,England,4.03,Brew York/ Fierce Beer,10.0,Barleywine - Other,330ml,330,15.12,Barleywine
Travail of Seven,4.99,Netherlands,3.82,Goede Kant van het Spoor,10.3,Stout - Russian Imperial,330ml,330,15.12,Stout
Triton,4.99,Belgium,3.74,La Source Beer Co.,5.0,IPA - Session,Can 330ml,330,15.12,IPA
Robert Le Diable,4.99,Belgium,3.69,La Source Beer Co.,5.0,Sour - Other,Can 330ml,330,15.12,Sour
Dekadents,4.99,Estonia,4.08,Pühaste Brewery,11.2,Stout - Imperial / Double,330ml,330,15.12,Stout
Tumeaine Guatamala Coffee,4.99,Estonia,4.12,Pühaste Brewery,11.0,Stout - Imperial / Double Coffee,330ml,330,15.12,Stout
Disciples of Quad,4.99,Sweden,3.66,Beerbliotek,12.0,Belgian Quadrupel,330ml,330,15.12,Belgian Quadrupel
Hoenir BA,4.99,Netherlands,3.88,Big Belly Brewing Company,11.0,Stout - Foreign / Export,330ml,330,15.12,Stout
Rhubarb & Custard,4.99,Scotland,4.09,Vault City Brewing,8.0,Sour - Smoothie / Pastry,330ml,330,15.12,Sour
Dream Factory Pale Ale,4.99,England,3.53,Two Tribes,4.4,Pale Ale - Other,330ml,330,15.12,Pale Ale
Winter Ale 2024,4.99,Sweden,3.39,Poppels Bryggeri,5.6,Winter Ale,330ml,330,15.12,Winter Ale
Gorilla Unfiltered Pleasure Hazy Pale Ale,4.99,Germany,3.79,Gorilla Cervecería Berlin,6.2,Pale Ale - New England / Hazy,330ml,330,15.12,Pale Ale
"Not For Breakfast Pineapple, Mango, Peach, Passionfruit Ice Cream",4.99,Ukraine,4.09,Ten Men Brewery,6.3,Sour - Smoothie / Pastry,330ml,330,15.12,Sour
Lervig Konrad's Stout,4.99,Norway,3.86,LERVIG,10.4,Stout - Russian Imperial,Can 330ml,330,15.12,Stout
Mister B/Nama Brewing BOH 16 White Hazy IPA,4.99,Italy,3.74,Mister B Brewery,5.5,IPA - White / Wheat,330ml,330,15.12,IPA
Boodino Pastry Stout,4.99,Italy,3.74,Mister B Brewery,7.5,Stout - Pastry,330ml,330,15.12,Stout
Bubba Double NEIPA,4.99,Italy,3.83,Mister B Brewery,8.0,IPA - Imperial / Double New England / Hazy,330ml,330,15.12,IPA
Lunar Haze,4.99,England,3.61,Beavertown,4.5,IPA - New England / Hazy,330ml,330,15.12,IPA
Fate loves the Fearless,4.99,Netherlands,3.91,Brouwerij Kees,14.8,Barleywine - American,330ml,330,15.12,Barleywine
Apocalyptic Thunder Juice NEIPA,4.99,Norway,3.73,Amundsen Brewery,6.5,IPA - New England / Hazy,330ml,330,15.12,IPA
Hopbliminal Messages NEIPA,4.99,Norway,3.73,Amundsen Brewery,5.3,IPA - New England / Hazy,330ml,330,15.12,IPA
Ink & Dagger Modern Day IPA,4.99,Norway,3.69,Amundsen Brewery,6.5,IPA - Other,330ml,330,15.12,IPA
Seid Phantasm 4,4.99,Norway,3.95,RYGR Brygghús,8.0,IPA - Imperial / Double New England / Hazy,330ml,330,15.12,IPA
Seid Phantasm 3,4.99,Norway,3.94,RYGR Brygghús,8.0,IPA - Imperial / Double New England / Hazy,330ml,330,15.12,IPA
Pohjala Pime Oo,4.99,Estonia,4.07,Põhjala,13.6,Stout - Imperial / Double,330ml,330,15.12,Stout
Juice Punch NEIPA,4.99,Netherlands,3.68,Brouwerij Frontaal,5.8,IPA - New England / Hazy,330ml,330,15.12,IPA
De Dochter V/d Korenaar L'ensemble,4.99,Belgium,3.94,Brouwerij De Dochter van de Korenaar,13.0,Barleywine - English,Can 330ml,330,15.12,Barleywine
Tirol,4.99,Netherlands,3.84,Big Belly Brewing Company,10.5,Stout - Imperial / Double,330ml,330,15.12,Stout
Templed In Twilight BA,4.99,Romania,3.85,Bereta Brewing Co./ Oriel Beer,7.0,Sour - Other Gose,330ml,330,15.12,Sour
Smash Hit Talus Single Hop IPA,4.99,Netherlands,3.5,Van Moll,5.5,IPA - Other,330ml,330,15.12,IPA
DR. Raptor,4.99,Netherlands,3.68,Uiltje Brewing Company,9.2,IPA - Imperial / Double,330ml,330,15.12,IPA
Musa Twist & Stout Oat Stout,4.99,Portugal,3.38,Cerveja Musa,5.5,Stout - Oatmeal,330ml,330,15.12,Stout
Musa Born In The IPA,4.99,Portugal,3.6,Cerveja Musa,6.5,IPA - American,330ml,330,15.12,IPA
Musa Frank APA American Pale Ale,4.99,Portugal,,Cerveja Artesanal Duque,5.0,IPA - American,330ml,330,15.12,IPA
Witte Simmie Witbier,4.99,Netherlands,3.42,Brouwerij Frontaal,5.2,Wheat Beer - Witbier / Blanche,330ml,330,15.12,Wheat Beer
Space Jumper Single Hop IPA,4.99,Netherlands,3.59,Two Chefs Brewing,6.0,IPA - New Zealand,330ml,330,15.12,IPA
"Calm In Paradise Pineapple, Passionfruit Ice Cream",4.99,Ukraine,4.03,Ten Men Brewery,5.0,Sour - Fruited,330ml,330,15.12,Sour
Super Santa (2024),4.99,Norway,3.44,Amundsen Brewery,4.7,Stout - Pastry,330ml,330,15.12,Stout
Organic Neipa,4.99,Sweden,3.54,Poppels Bryggeri,6.0,IPA - New England / Hazy,Can 330ml,330,15.12,IPA
BRLO x St. Kilian Barrel Aged Scotch Ale,4.99,Germany,,BRLO,5.0,Festbier,330ml,330,15.12,Festbier
Spelt Geweld Saison,4.99,Netherlands,3.38,Van Moll,5.5,Farmhouse Ale - Saison,330ml,330,15.12,Farmhouse Ale
Cloudy Lemonade Citra & Nelson Sauvin,4.99,Scotland,3.91,Vault City Brewing,3.7,Sour - Fruited,330ml,330,15.12,Sour
Bamba NEIPA,4.99,Italy,3.66,Mister B Brewery,6.3,IPA - New England / Hazy,330ml,330,15.12,IPA
Gorilla Poor Harry American IPA,4.99,Germany,3.69,Gorilla Cervecería Berlin,6.6,IPA - American,330ml,330,15.12,IPA
The Kernel Pale Ale Citra,4.99,England,3.84,The Kernel Brewery,5.4,Pale Ale - American,330ml,330,15.12,Pale Ale
2014 – 10 Years of Brewski,4.99,Sweden,3.88,Brewski,6.0,Sour - Fruited Berliner Weisse,330ml,330,15.12,Sour
Struise Pannepot Special Reserva - Vintage 2014,4.99,Belgium,4.05,De Struise Brouwers,10.0,Belgian Strong Dark Ale,330ml,330,15.12,Belgian Strong Dark Ale
Is This The Way,4.99,Spain,4.01,Freddo Fox/ J. Wakefield Brewing,9.5,Stout - Pastry,330ml,330,15.12,Stout
The Kernel Brown Ale Cascade,4.99,England,3.79,The Kernel Brewery,5.6,Brown Ale - American,330ml,330,15.12,Brown Ale
The Kernel Grisette Nelson Sauvin,4.99,England,3.72,The Kernel Brewery,4.9,Farmhouse Ale - Grisette,330ml,330,15.12,Farmhouse Ale
DIPA DDH Idaho 7 / Mosaic,6.66,France,3.96,Popihn,8.0,IPA - Imperial / Double New England / Hazy,Can 440ml,440,15.14,IPA
Wood Vinum - 2021,5.0,Belgium,3.77,Brasserie Minne,10.0,Grape Ale - Other,330ml,330,15.15,Grape Ale
Bouton d'Or,5.0,France,3.72,Fauve,6.5,IPA - American,330ml,330,15.15,IPA
Foreign Legion 2023 - Seline Sentinelle,5.0,Netherlands,3.74,KOMPAAN Dutch Craft Beer Company,9.3,Brown Ale - Imperial / Double,330ml,330,15.15,Brown Ale
Red Shift IPA,5.0,England,3.47,Original Stormtrooper Beer,5.0,IPA - American,330ml,330,15.15,IPA
Foreign Legion 2023 - Giorgy Ironneck,5.0,Netherlands,3.73,KOMPAAN Dutch Craft Beer Company,10.2,Porter - Imperial / Double,330ml,330,15.15,Porter
Foreign Legion 2023 - Nancy Napalm,5.0,Netherlands,3.58,KOMPAAN Dutch Craft Beer Company,9.0,Red Ale - Imperial / Double,330ml,330,15.15,Red Ale
Aupa Tovarisch,5.0,Spain,4.07,Laugar Brewery,12.0,Stout - Russian Imperial,330ml,330,15.15,Stout
You Can Dance,5.0,Netherlands,3.57,Hop Racer,6.3,IPA - Cold,330ml,330,15.15,IPA
Modus Operandi,5.0,England,3.67,The Wild Beer Co,7.0,Sour - Flanders Red Ale,330ml,330,15.15,Sour
Hoptown Funk,5.0,Portugal,3.58,Fermentage,4.8,Pale Ale - Belgian,330ml,330,15.15,Pale Ale
Alexander Flanders Red Ale,5.0,Belgium,3.95,Brouwerij Rodenbach,5.6,Sour - Flanders Red Ale,330ml,330,15.15,Sour
Beer Ocata 33cl,5.0,Spain,3.75,Garage Beer Co.,5.4,IPA - Session,330ml,330,15.15,IPA
Tongerlo Xmas,5.0,Belgium,3.4,Brouwerij Haacht Brasserie,7.0,Winter Ale,330ml,330,15.15,Winter Ale
"Hertl Himbeer Weisse 0,33 L",5.0,Germany,3.11,Braumanufaktur Hertl,3.8,Sour - Fruited Berliner Weisse,330ml,330,15.15,Sour
Eternal Now,5.0,Sweden,3.05,Omnipollo,0.5,Non-Alcoholic - Porter / Stout,330ml,330,15.15,Non-Alcoholic
Player One,5.0,Ukraine,3.95,Дідько Brewery,12.2,Stout - Imperial / Double,330ml,330,15.15,Stout
Pannepot Special Reserva Vintage 2019,5.0,Belgium,3.99,De Struise Brouwers,10.0,Belgian Strong Dark Ale,330ml,330,15.15,Belgian Strong Dark Ale
OreOre,5.0,Poland,4.09,COYPU,10.1,Stout - Imperial / Double Pastry,Can 330ml,330,15.15,Stout
Foreign Legion 2023 - Sasha Smokeheart,5.0,Netherlands,3.62,KOMPAAN Dutch Craft Beer Company,10.2,Porter - Imperial / Double,330ml,330,15.15,Porter
Foreign Legion 2023 - Serge Sentinelle,5.0,Netherlands,3.65,KOMPAAN Dutch Craft Beer Company,9.3,Brown Ale - Imperial / Double,330ml,330,15.15,Brown Ale
Little Rain,5.0,Netherlands,3.25,Hop Racer,6.2,Sour - Fruited,330ml,330,15.15,Sour
Rocky Road,5.0,Netherlands,3.86,Moersleutel Craft Brewery/ Two Chefs Brewing,11.0,Stout - Imperial / Double Pastry,330ml,330,15.15,Stout
Fine Cider,5.0,England,3.82,Oliver's Cider & Perry,6.3,Cider - Perry / Poiré,Can 330ml,330,15.15,Cider
De La Senne Bruxellensis,5.0,Belgium,3.32,Brasserie de la Senne,6.5,Brett Beer,330ml,330,15.15,Brett Beer
Ink & Dagger,5.0,Norway,3.69,Amundsen Brewery,6.5,IPA - Other,Can 330ml,330,15.15,IPA
Guilty Pleasures,5.0,England,3.63,Oliver's Cider & Perry,6.3,Cider - Dry,Can 330ml,330,15.15,Cider
St. Bernardus Christmas Ale 33cl,5.0,Belgium,3.86,Brouwerij St.Bernardus,10.0,Winter Ale,330ml,330,15.15,Winter Ale
Et Tu Brööte? IPA,5.0,Slovenia,3.56,Lobik,7.0,IPA - American,Can 330ml,330,15.15,IPA
Hodr,5.0,Netherlands,3.54,Walhalla Brouwerij & Proeflokaal,6.0,Stout - Coffee,330ml,330,15.15,Stout
Faro Boon,3.79,Belgium,3.15,Brouwerij Boon,5.0,Lambic - Faro,Bottle 250ml,250,15.16,Lambic
Fruit Smoothie 17,7.59,Czech Republic,4.01,Rodinný Pivovar Zichovec,7.5,Sour - Smoothie / Pastry,500ml,500,15.18,Sour
Ritual Lab / Jester King / Oxbow - Tangie,5.01,Italy,3.6,Ritual Lab,7.0,Farmhouse Ale - Saison,330ml,330,15.18,Farmhouse Ale
Export,6.69,Denmark,3.67,Bad Seed Brewing,5.2,Lager - Dortmunder / Export,Can 440ml,440,15.2,Lager
DARK & WILD 2024 // NEON RAPTOR // PõHJALA // RESIDENT CULTURE // DESSERT STOUT,6.69,England,3.77,Northern Monk,8.4,Stout - Milk / Sweet,Can 440ml,440,15.2,Stout
The Algorithm Pt. 3,6.69,Netherlands,4.19,Uiltje Brewing Company,14.5,Stout - Imperial / Double,Can 440ml,440,15.2,Stout
Pumpkin Patch Ale,6.69,United States,3.76,Rogue Ales,6.1,Pumpkin / Yam Beer,Can 440ml,440,15.2,Pumpkin / Yam Beer
Pure Cinema DDH English IPA,6.69,Germany,3.95,Sudden Death Brewing Co.,6.8,IPA - English,Can 440ml,440,15.2,IPA
Neon Horizons,6.69,Germany,4.07,Blech.Brut,6.8,IPA - New England / Hazy,Can 440ml,440,15.2,IPA
Kasteelbier - Rouge 25cl Can,3.8,Belgium,3.58,Kasteel Brouwerij Vanhonsebrouck,8.0,Fruit Beer,Bottle 250ml,250,15.2,Fruit Beer
Blades Of Steel 2 DDH IPA,6.69,Germany,4.11,Sudden Death Brewing Co.,6.5,IPA - New England / Hazy,Can 440ml,440,15.2,IPA
Timmermans Oude Gueuze,5.7,Belgium,3.79,Brewery John Martin & Brewery Timmermans,5.5,Lambic - Gueuze,Bottle 375ml,375,15.2,Lambic
Pecheresse 37.5cl,5.7,Belgium,3.57,Brouwerij Lindemans,2.5,Lambic - Fruit,Bottle 375ml,375,15.2,Lambic
Hop Hooligans / Cohones - Fjalar,7.6,Romania,4.0,Hop Hooligans,10.0,Porter - Imperial / Double Baltic,Can 500ml,500,15.2,Porter
Color Cascade,6.69,Germany,4.05,Blech.Brut,6.5,IPA - New England / Hazy,Can 440ml,440,15.2,IPA
Berry Popper Sour Ale,6.69,Germany,3.76,Yankee & Kraut,5.2,Sour - Fruited,Can 440ml,440,15.2,Sour
All Star Citra,7.19,United States,3.67,3 Sons Brewing Co.,6.5,IPA - New England / Hazy,473ml,473,15.2,IPA
Flow,6.69,Germany,3.98,Blech.Brut,6.8,IPA - New England / Hazy,Can 440ml,440,15.2,IPA
Sako Oude Kriek Adelaar,5.7,Belgium,4.11,Brouwerij-Stokerij Sako,6.5,Lambic - Gueuze,Bottle 375ml,375,15.2,Lambic
Doppelgänger DDH IPA,6.69,England,3.84,Vocation Brewery,6.7,IPA - American,Can 440ml,440,15.2,IPA
Black Toasted Coconut,5.02,Latvia,3.9,Hopalaa,10.0,Stout - Imperial / Double,Can 330ml,330,15.21,Stout
Black Chocolate Fudge,5.02,Latvia,3.98,Hopalaa,10.0,Stout - Imperial / Double,Can 330ml,330,15.21,Stout
Black Cheesecake,5.02,Latvia,4.0,Hopalaa,10.0,Stout - Imperial / Double,Can 330ml,330,15.21,Stout
Black Tiramisu,5.02,Latvia,3.78,Hopalaa,10.0,Stout - Imperial / Double,Can 330ml,330,15.21,Stout
Belching Beaver - Peanut Butter Milk Stout,5.4,United States,3.99,Belching Beaver Brewery,5.3,Stout - Milk / Sweet,355ml,355,15.21,Stout
Chrystalls Reserve,7.2,United States,3.91,Perennial Artisan Ales,5.0,Lager - Other,473ml,473,15.22,Lager
Deftones Phantom Bride,7.2,United States,3.87,Belching Beaver Brewery,7.1,IPA - American,Can 473ml,473,15.22,IPA
Hop Reach,7.2,United States,3.73,Allagash Brewing Company,6.8,IPA - American,Can 473ml,473,15.22,IPA
45 Days of Darkness,7.2,Denmark,3.63,To Øl,10.0,Bock - Doppelbock,473ml,473,15.22,Bock
Shreddie,7.2,United States,3.83,Common Roots Brewing Company,5.0,IPA - Session,473ml,473,15.22,IPA
Poolside Breeze,7.2,United States,3.7,Perennial Artisan Ales,4.2,Sour - Fruited Berliner Weisse,473ml,473,15.22,Sour
Virmalised X,6.7,Estonia,3.72,Põhjala,8.0,IPA - Imperial / Double,Can 440ml,440,15.23,IPA
Tingle In My Fingers,6.7,France,3.66,Prizm Brewing Co.,7.5,Sour - Smoothie / Pastry,Can 440ml,440,15.23,Sour
Apricot x Blackberry x Cherry x Raspberry Smoothie Sour Ale,6.7,Latvia,4.23,Ārpus Brewing Co.,5.5,Sour - Smoothie / Pastry,Can 440ml,440,15.23,Sour
Mango x Peach x Coconut Smoothie Sour Ale,6.7,Latvia,4.29,Ārpus Brewing Co.,4.5,Sour - Smoothie / Pastry,Can 440ml,440,15.23,Sour
ZESTORIA,6.7,Spain,3.83,Garage Beer Co.,6.6,IPA - American,Can 440ml,440,15.23,IPA
Summer Punch,6.7,Spain,3.88,Caleya,5.5,Sour - Fruited,Can 440ml,440,15.23,Sour
Geuze Mariage Parfait 2019,5.71,Belgium,3.98,Brouwerij Boon,8.0,Lambic - Gueuze,Bottle 375ml,375,15.23,Lambic
Christmas On Fire (2024),6.7,Norway,3.83,Salikatt Bryggeri,7.0,IPA - Other,Can 440ml,440,15.23,IPA
Jelly King,7.21,Canada,4.03,Bellwoods Brewery,5.6,Sour - Other,473ml,473,15.24,Sour
Arpus Brewing Co. Tdh Nz Cascade X Rakau X Citra Ipa,5.03,Latvia,3.99,Ārpus Brewing Co.,6.5,IPA - New England / Hazy,330ml,330,15.24,IPA
Slenderman,6.71,England,4.0,Tartarus Beers,11.0,Stout - Imperial / Double Pastry,Can 440ml,440,15.25,Stout
Kompaan Giorgy Ironneck (Foreign Legion 2023),5.04,Netherlands,3.73,KOMPAAN Dutch Craft Beer Company,5.0,Porter - Imperial / Double,330ml,330,15.27,Porter
Kompaan Serge Sentinelle (Foreign Legion 2023),5.04,Netherlands,3.65,KOMPAAN Dutch Craft Beer Company,5.0,Brown Ale - Imperial / Double,330ml,330,15.27,Brown Ale
Pohjala Maple Bänger,5.04,Estonia,3.92,Põhjala,12.5,Stout - Imperial / Double,330ml,330,15.27,Stout
Kompaan Seline Sentinelle (Foreign Legion 2023),5.04,Netherlands,3.74,KOMPAAN Dutch Craft Beer Company,5.0,Brown Ale - Imperial / Double,330ml,330,15.27,Brown Ale
Umami Oyster Stout,5.05,Netherlands,3.77,Dutch Bargain,10.0,Stout - Oyster,Can 330ml,330,15.3,Stout
Gelato XTREME: Verde,7.65,Poland,4.19,Funky Fluid,8.0,Sour - Smoothie / Pastry,500ml,500,15.3,Sour
Schuppenboer Tripel – Jack of Spades Boann Whisky barrel aged,5.05,Belgium,3.77,Brouwerij Het Nest,9.0,Belgian Tripel,330ml,330,15.3,Belgian Tripel
Nine Years Of Friendship,7.65,Poland,4.0,Browar Nepomucen,10.5,Stout - Imperial / Double,500ml,500,15.3,Stout
Fuerst Wiacek x Soma Crab Hands DDH DIPA ( 24),6.74,Germany,4.02,FUERST WIACEK,8.0,IPA - Imperial / Double New England / Hazy,Can 440ml,440,15.32,IPA
Lambiek Fabriek: Brett-Elle Oude Geuze 2022,11.49,Belgium,4.06,Lambiek Fabriek,5.5,Lambic - Gueuze,Bottle 750ml,750,15.32,Lambic
Limbo Dragonheart,6.74,Latvia,3.78,Nurme,7.5,Sour - Fruited,Can 440ml,440,15.32,Sour
Ziegen Hainer,11.5,Germany,3.61,Kemker Kultuur (Brauerei J. Kemker),5.0,Historical Beer - Lichtenhainer,Bottle 750ml,750,15.33,Historical Beer
Bagsaeson,11.5,Denmark,3.89,Baghaven Brewing and Blending,6.8,Farmhouse Ale - Other,Bottle 750ml,750,15.33,Farmhouse Ale
Carignan 2023,11.5,France,3.91,Sacrilège,6.9,Grape Ale - Other,Bottle 750ml,750,15.33,Grape Ale
Feast Of Solitude,11.5,Denmark,3.83,Baghaven Brewing and Blending,6.0,Wild Ale - Other,Bottle 750ml,750,15.33,Wild Ale
Scythe (Pumpkin beer),7.25,United States,3.84,The Drowned Lands Brewery,5.7,Pumpkin / Yam Beer,473ml,473,15.33,Pumpkin / Yam Beer
Smoked Oktoberfest Lager,7.25,Canada,3.6,Willibald Farm Brewery,5.0,Lager - Smoked,473ml,473,15.33,Lager
Innesto,11.5,Italy,,Birrificio Agricolo Sorio,6.9,Farmhouse Ale - Other,Bottle 750ml,750,15.33,Farmhouse Ale
Rusticus Tempore,11.5,France,,The Chubby Brewing Company,6.3,Farmhouse Ale - Saison,Bottle 750ml,750,15.33,Farmhouse Ale
Carignan 2022,11.5,France,4.02,Sacrilège,7.0,Grape Ale - Other,Bottle 750ml,750,15.33,Grape Ale
Oude Geuze Boon Black Label 7th Edition,11.5,Belgium,3.79,Brouwerij Boon,7.0,Lambic - Gueuze,Bottle 750ml,750,15.33,Lambic
Baladin Soraya,11.5,Italy,3.67,BIRRIFICIO AGRICOLO BALADIN - Baladin Indipendente Italian Farm Brewery,7.2,Other,Bottle 750ml,750,15.33,Other
Back To The Barrel,5.06,Spain,3.91,Cervesa Espiga,12.0,Stout - Imperial / Double Pastry,330ml,330,15.33,Stout
DIAGONAL,6.75,Spain,3.86,MALANDAR Craft Beer,8.0,IPA - Imperial / Double,Can 440ml,440,15.34,IPA
Lime x Mango x Passionfruit x Pineapple x Coconut x Vanilla Smoothie,6.75,Latvia,4.26,Ārpus Brewing Co.,5.5,Sour - Smoothie / Pastry,Can 440ml,440,15.34,Sour
Mango x Apricot x Pineapple x Cherry x Coconut x Vanilla Smoothie,6.75,Latvia,4.24,Ārpus Brewing Co.,5.0,Sour - Smoothie / Pastry,Can 440ml,440,15.34,Sour
Marzipan Steamroller,6.75,Netherlands,4.08,Moersleutel Craft Brewery,11.0,Stout - Pastry,Can 440ml,440,15.34,Stout
Cloud Atlas,6.75,Germany,3.82,FrauGruber Brewing,10.0,IPA - Triple New England / Hazy,Can 440ml,440,15.34,IPA
Heart Full Of Soul – Triple IPA,6.75,Germany,4.06,FrauGruber Brewing,10.5,IPA - Triple New England / Hazy,Can 440ml,440,15.34,IPA
Welcome Home from Prison Mom – Imperial West Coast,6.75,Germany,3.8,FrauGruber Brewing,8.6,IPA - Imperial / Double,Can 440ml,440,15.34,IPA
Twisted Transistor – Triple IPA,6.75,Germany,4.09,FrauGruber Brewing,10.2,IPA - Triple New England / Hazy,Can 440ml,440,15.34,IPA
Frau Gruber Phantom Collage,6.75,Germany,3.87,FrauGruber Brewing,8.5,IPA - Imperial / Double New England / Hazy,Can 440ml,440,15.34,IPA
Nightmare of Brew York,6.75,England,4.02,Brew York,8.5,Stout - Imperial / Double Milk,Can 440ml,440,15.34,Stout
Põhjala / Tripping Animals Dreamy Eyes,6.75,Estonia,3.84,Põhjala,6.7,IPA - New England / Hazy,Can 440ml,440,15.34,IPA
THE CCBM,6.75,Scotland,3.84,Overtone Brewing Co,6.0,IPA - American,Can 440ml,440,15.34,IPA
STOP WHALING,6.75,Spain,4.05,Garage Beer Co.,7.0,IPA - Imperial / Double New England / Hazy,Can 440ml,440,15.34,IPA
CYCT Momentum,6.75,Netherlands,4.0,Moersleutel Craft Brewery,8.0,IPA - Imperial / Double New England / Hazy,Can 440ml,440,15.34,IPA
Asteroid Insurance Policy (canned: 18-09-24),6.75,England,4.02,Azvex Brewing Company,7.0,IPA - New England / Hazy,Can 440ml,440,15.34,IPA
Banana x Mango x Pineapple Smoothie Sour,6.75,Latvia,4.22,Ārpus Brewing Co.,4.5,Sour - Smoothie / Pastry,Can 440ml,440,15.34,Sour
Every Now And Then w/ Solitary Experiments,6.75,Germany,4.13,FUERST WIACEK,6.8,IPA - New England / Hazy,Can 440ml,440,15.34,IPA
Cake Break,6.75,Netherlands,3.97,Moersleutel Craft Brewery,10.0,Stout - Pastry,Can 440ml,440,15.34,Stout
De Moersleutel Butterscotch Foundry,6.75,Netherlands,4.04,Moersleutel Craft Brewery,13.0,Stout - Imperial / Double Pastry,Can 440ml,440,15.34,Stout
Salsa Verde,6.75,Spain,4.21,Basqueland Brewing,10.0,IPA - Triple New England / Hazy,Can 440ml,440,15.34,IPA
No Stone Unturned,6.75,Netherlands,4.04,Rock City Brewing,10.0,IPA - Triple New England / Hazy,Can 440ml,440,15.34,IPA
Vortex,6.75,Norway,4.21,Salikatt Bryggeri,8.0,IPA - Imperial / Double New England / Hazy,Can 440ml,440,15.34,IPA
De Moersleutel Marzipan Steamroller,6.75,Netherlands,4.08,Moersleutel Craft Brewery,11.0,Stout - Pastry,Can 440ml,440,15.34,Stout
Pohjala Virmalised X,6.75,Estonia,3.72,Põhjala,5.0,IPA - Imperial / Double,Can 440ml,440,15.34,IPA
Coconut Wrecking Ball,6.75,Netherlands,4.09,Moersleutel Craft Brewery,11.0,Stout - Imperial / Double Pastry,Can 440ml,440,15.34,Stout
Early Retirement – DDH IPA,6.75,Germany,3.95,FUERST WIACEK,6.8,IPA - New England / Hazy,Can 440ml,440,15.34,IPA
"Willy Tonka: Tonka, Red Beet & Chocolate",6.75,Netherlands,3.83,Moersleutel Craft Brewery,12.0,Stout - Imperial / Double Pastry,Can 440ml,440,15.34,Stout
KÖAUAU,6.75,Spain,4.01,Garage Beer Co.,7.0,IPA - New Zealand,Can 440ml,440,15.34,IPA
Motor Oil Triple Mega Mash,6.75,Netherlands,4.14,Moersleutel Craft Brewery,14.0,Stout - Imperial / Double,Can 440ml,440,15.34,Stout
7 Year Anniversary Smoothie Sour Ale,6.75,Latvia,4.3,Ārpus Brewing Co.,4.5,Sour - Smoothie / Pastry,Can 440ml,440,15.34,Sour
In The Nick Of Time,6.75,Netherlands,3.83,Moersleutel Craft Brewery,8.0,Porter - Imperial / Double,Can 440ml,440,15.34,Porter
Buckwheat Malt,6.75,Netherlands,3.93,Moersleutel Craft Brewery,11.0,Stout - Imperial / Double,Can 440ml,440,15.34,Stout
Fizz the Season,6.75,Netherlands,3.3,Vocation,7.0,IPA,Can 440ml,440,15.34,IPA
60/60 Chance (bbf: 7-25),6.75,Germany,3.72,FrauGruber Brewing,8.0,IPA - Imperial / Double New England / Hazy,Can 440ml,440,15.34,IPA
Export India Porter,6.75,Scotland,3.84,Holy Goat Brewing,7.1,Porter - Other,Can 440ml,440,15.34,Porter
Daily Grind #4,6.75,Netherlands,3.81,Moersleutel Craft Brewery,8.0,Stout - Coffee,Can 440ml,440,15.34,Stout
"It's Not Me, It's I.B.U!",6.75,England,3.47,Bang The Elephant Brewing Co,7.0,IPA - American,Can 440ml,440,15.34,IPA
"Motor Oil Vanilla, Chocolate & Coffee",6.75,Netherlands,4.09,Moersleutel Craft Brewery,12.0,Stout - Russian Imperial,Can 440ml,440,15.34,Stout
Brigth Idea – Pastry Sour,6.75,Germany,3.78,FrauGruber Brewing,6.3,Sour - Fruited,Can 440ml,440,15.34,Sour
Cherry x Vanilla Smoothie Sour,6.75,Latvia,4.16,Ārpus Brewing Co.,4.5,Sour - Smoothie / Pastry,Can 440ml,440,15.34,Sour
Survive until 2025 – Triple IPA,6.75,Germany,3.83,FrauGruber Brewing,10.2,IPA - Triple New England / Hazy,Can 440ml,440,15.34,IPA
Duster Buster – Imperial IPA,6.75,Germany,3.75,FrauGruber Brewing,8.0,IPA - Imperial / Double New England / Hazy,Can 440ml,440,15.34,IPA
Very Big Moose 2024 Maple & Hazelnut,6.75,Scotland,3.92,Fierce Beer,12.5,Stout - Imperial / Double,Can 440ml,440,15.34,Stout
Lode Of Gold – TDH Double IPA,6.75,Germany,4.05,Sudden Death Brewing Co.,7.7,IPA - Imperial / Double New England / Hazy,Can 440ml,440,15.34,IPA
Welcome Home From Prison Mom (West Coast),6.75,Germany,3.8,FrauGruber Brewing,8.6,IPA - Imperial / Double,Can 440ml,440,15.34,IPA
Very Big Moose 2024 Rye Barrel Aged,6.75,Scotland,4.05,Fierce Beer,12.5,Stout - Russian Imperial,Can 440ml,440,15.34,Stout
Freedom Don't Come Free,6.75,Brazil,4.19,Spartacus Brewing,7.0,IPA - New England / Hazy,Can 440ml,440,15.34,IPA
Midnight Snack,6.75,Germany,3.99,FUERST WIACEK,8.0,IPA - Imperial / Double,Can 440ml,440,15.34,IPA
Toffee Bricklayer,6.75,Netherlands,4.11,Moersleutel Craft Brewery,12.0,Stout - Imperial / Double Pastry,Can 440ml,440,15.34,Stout
A Wave in the Marlborough Sounds,6.75,England,3.86,Cloudwater Brew Co.,5.0,Pale Ale - New Zealand,Can 440ml,440,15.34,Pale Ale
Cosmic Winter,6.75,Sweden,4.0,Elmeleven,7.5,Sour - Smoothie / Pastry,Can 440ml,440,15.34,Sour
Kriek Audenaerde,11.51,Belgium,3.81,Brouwerij De Ranke,6.5,Sour - Flanders Oud Bruin,Bottle 750ml,750,15.35,Sour
Solo Grapy,11.51,Greece,3.58,Σόλο (Solo),5.0,Sour - Other,Bottle 750ml,750,15.35,Sour
Sounds about right,8.45,England,4.07,DEYA Brewing Company,8.0,IPA - Imperial / Double,550ml,550,15.36,IPA
Kees / Mad Scientist Black Potion,5.07,Netherlands,3.81,Brouwerij Kees,13.8,Stout - Pastry,330ml,330,15.36,Stout
Delirium Red Mini Keg,76.8,Belgium,3.58,Delirium - Huyghe Brewery,8.5,Fruit Beer,5000ml,5000,15.36,Fruit Beer
Cuvée Freddy,5.07,Belgium,3.9,Brouwerij Alvinne,10.0,Sour - Flanders Oud Bruin,330ml,330,15.36,Sour
Alvinne / Holy Goat Freddie meets Johnny,5.07,Belgium,3.88,Brouwerij Alvinne,6.5,Sour - Flanders Oud Bruin,330ml,330,15.36,Sour
Parallelograms,7.69,United States,4.02,Newgrass Brewing Co.,6.8,IPA - New England / Hazy,500ml,500,15.38,IPA
Loss,7.69,Slovakia,3.65,Firstep,6.3,IPA - American,500ml,500,15.38,IPA
Api Yzah,5.08,Sweden,3.72,Stigbergets Bryggeri,5.9,IPA - New England / Hazy,330ml,330,15.39,IPA
Rákóczi Túrós,5.08,Hungary,3.74,Mad Scientist,10.0,Sour - Smoothie / Pastry,330ml,330,15.39,Sour
West Coast IPA,5.08,Sweden,3.8,Stigbergets Bryggeri,6.5,IPA - New England / Hazy,330ml,330,15.39,IPA
Yazoo / Bootleg Biology Embrace the Funk Open 2021,5.39,United States,4.0,Yazoo Brewing Company,5.2,Wild Ale - American,350ml,350,15.4,Wild Ale
It's Like Fishing With Dynamite (Canned: 26-9-24),11.55,Canada,4.33,Wood Brothers Brewing Co.,8.0,IPA - Imperial / Double,Bottle 750ml,750,15.4,IPA
Surmapatt - keykeg,307.9,Estonia,4.07,Pühaste Brewery,12.0,Porter - Imperial / Double,20000ml,20000,15.4,Porter
Nector (Canned: 3-10-24),11.55,Canada,4.37,Wood Brothers Brewing Co.,8.4,IPA - Imperial / Double,Bottle 750ml,750,15.4,IPA
Boss Pour,7.29,United States,3.92,Abnormal Beer Co.,7.0,IPA - American,473ml,473,15.41,IPA
Astrophysics,7.29,United States,3.93,Equilibrium Brewery,6.5,IPA - New England / Hazy,473ml,473,15.41,IPA
Speedway Stout,7.29,United States,4.17,AleSmith Brewing Company,12.0,Stout - Imperial / Double Coffee,Can 473ml,473,15.41,Stout
Mayberry IPA,7.29,United States,3.85,El Segundo Brewing Company,7.2,IPA - American,473ml,473,15.41,IPA
Broken Skull IPA,7.29,United States,3.79,El Segundo Brewing Company,6.7,IPA - American,473ml,473,15.41,IPA
Double Secret Probation,7.29,United States,3.8,Almanac Beer Company,5.5,Stout - Coffee,Can 473ml,473,15.41,Stout
Droppin' Hammers,7.29,United States,3.88,Newgrass Brewing Co.,8.0,IPA - Imperial / Double,473ml,473,15.41,IPA
Stacking Boxes,6.79,England,3.95,Left Handed Giant Brewing,5.5,Pale Ale - New England / Hazy,Can 440ml,440,15.43,Pale Ale
Development Hell 5,6.79,England,4.07,Azvex Brewing Company,8.0,IPA - Imperial / Double New England / Hazy,Can 440ml,440,15.43,IPA
Pastels,6.79,United States,4.12,Outer Range Brewing Co.,6.9,IPA - New England / Hazy,Can 440ml,440,15.43,IPA
Django Juice — TDH DOUBLE NEIPA,6.79,Norway,3.86,Cervisiam,8.5,IPA - Imperial / Double New England / Hazy,Can 440ml,440,15.43,IPA
Double Soul Doughnut,6.79,England,4.01,Pentrich Brewing Co.,8.0,Stout - Milk / Sweet,Can 440ml,440,15.43,Stout
Circadian Rhythm,6.79,England,4.01,Azvex Brewing Company,6.8,IPA - New England / Hazy,Can 440ml,440,15.43,IPA
St Elmos Fire,6.79,England,4.04,Azvex Brewing Company,7.0,IPA - American,Can 440ml,440,15.43,IPA
Cold As Eyes,6.79,Germany,3.69,FrauGruber Brewing,6.2,IPA - Cold,Can 440ml,440,15.43,IPA
Dingus,6.79,Ireland,4.0,Whiplash,10.4,Stout - Imperial / Double,Can 440ml,440,15.43,Stout
Crystal Death (2024),6.79,Germany,3.97,Sudden Death Brewing Co.,6.5,IPA - New England / Hazy,Can 440ml,440,15.43,IPA
Asteroid Insurance Policy,6.79,England,4.02,Azvex Brewing Company,7.0,IPA - New England / Hazy,Can 440ml,440,15.43,IPA
Texas Terror Brew,6.79,France,3.91,Game Over Brewing Co.,10.0,IPA - Triple New England / Hazy,Can 440ml,440,15.43,IPA
Quantum Foam,6.79,England,3.88,Azvex Brewing Company,6.2,IPA - New England / Hazy,Can 440ml,440,15.43,IPA
Vampire Appliances,6.79,England,4.03,Azvex Brewing Company,6.5,IPA - New England / Hazy,Can 440ml,440,15.43,IPA
MINT 400,6.79,Spain,4.09,Garage Beer Co.,7.2,IPA - New England / Hazy,Can 440ml,440,15.43,IPA
Twist,6.79,Spain,4.02,Garage Beer Co.,7.2,IPA - New England / Hazy,Can 440ml,440,15.43,IPA
CLOWNS,6.79,Netherlands,4.25,White Dog Brewery,10.0,IPA - Triple New England / Hazy,Can 440ml,440,15.43,IPA
9C,6.79,United States,4.06,Outer Range Brewing Co.,9.0,IPA - Imperial / Double New England / Hazy,Can 440ml,440,15.43,IPA
Raoul Duke,6.79,Spain,3.91,Garage Beer Co.,7.4,IPA - American,Can 440ml,440,15.43,IPA
Fruit Works – Mango + Passion Fruit + Strawberry,6.79,Hungary,4.0,Brew Your Mind,6.0,Sour - Fruited,Can 440ml,440,15.43,Sour
Brazen,6.79,Spain,4.07,Garage Beer Co.,8.0,IPA - Imperial / Double New England / Hazy,Can 440ml,440,15.43,IPA
Firebox,6.79,Norway,3.82,Salikatt Bryggeri,6.0,IPA - American,Can 440ml,440,15.43,IPA
Highlands Forum,6.79,England,3.68,Azvex Brewing Company,6.8,IPA - American,Can 440ml,440,15.43,IPA
The Bruery - Goses Are Red,7.3,United States,3.87,The Bruery Terreux,5.3,Sour - Fruited Gose,473ml,473,15.43,Sour
LabRatchet Espresso Lava Cake,6.79,Netherlands,4.11,Moersleutel Craft Brewery,15.0,Stout - Imperial / Double Pastry,Can 440ml,440,15.43,Stout
7 Year Anniversary Bloody Mary Smoothie Sour Ale,6.79,Latvia,3.63,Ārpus Brewing Co.,6.0,Sour - Tomato / Vegetable Gose,Can 440ml,440,15.43,Sour
Fruit Works – Raspberry + Blackberry + Blueberry,6.79,Hungary,4.01,Brew Your Mind,5.5,Sour - Fruited,Can 440ml,440,15.43,Sour
Diagonal,6.79,Spain,3.86,MALANDAR Craft Beer,8.0,IPA - Imperial / Double,Can 440ml,440,15.43,IPA
Dizzy,6.79,Spain,4.04,SOMA Beer,8.0,IPA - Imperial / Double New England / Hazy,Can 440ml,440,15.43,IPA
Super Clue,6.79,Spain,4.0,Gross,7.0,IPA - New England / Hazy,Can 440ml,440,15.43,IPA
Techno Tomboy,6.79,United States,4.16,Outer Range Brewing French/Alps,7.2,New England IPA,Can 440ml,440,15.43,New England IPA
Blocks of Light,6.79,United States,4.04,Outer Range Brewing Co.,6.2,IPA - New England / Hazy,Can 440ml,440,15.43,IPA
Les Rocheuses,6.79,United States,3.98,Outer Range Brewing Co.,6.2,IPA - New England / Hazy,Can 440ml,440,15.43,IPA
Dryside,6.79,United States,3.87,Outer Range Brewing Co.,7.2,IPA - American,Can 440ml,440,15.43,IPA
Sus,6.79,Spain,4.15,SOMA Beer,8.0,IPA - Imperial / Double New England / Hazy,Can 440ml,440,15.43,IPA
Vertigo Supreme DDH DIPA,6.79,Germany,4.02,Schwarze Rose,7.7,IPA - Imperial / Double New England / Hazy,Can 440ml,440,15.43,IPA
Atelier Vrai Servebot,6.79,Germany,3.95,Atelier der Braukünste,6.7,IPA - New England / Hazy,Can 440ml,440,15.43,IPA
Infinite Scroll,6.79,Spain,4.07,Gross,7.0,IPA - Other,Can 440ml,440,15.43,IPA
Blades Of Steel 2,6.79,Germany,4.11,Sudden Death Brewing Co.,6.5,IPA - New England / Hazy,Can 440ml,440,15.43,IPA
JOLT,6.79,Spain,3.96,Garage Beer Co.,7.2,IPA - New England / Hazy,Can 440ml,440,15.43,IPA
TWIST,6.79,Spain,4.02,Garage Beer Co.,7.2,IPA - New England / Hazy,Can 440ml,440,15.43,IPA
Atelier Vrai Filibuster,6.79,Germany,4.05,Atelier der Braukünste,6.7,IPA - New England / Hazy,Can 440ml,440,15.43,IPA
SILK SCREEN,6.79,Netherlands,3.96,Floem,7.7,IPA - Imperial / Double New England / Hazy,Can 440ml,440,15.43,IPA
Llangreu Calling,6.79,Spain,3.97,Caleya,7.6,IPA - Imperial / Double,Can 440ml,440,15.43,IPA
Helicopter Chainsaw,6.79,England,4.12,Azvex Brewing Company,8.3,IPA - Imperial / Double,Can 440ml,440,15.43,IPA
Les Yeux Du Crocodile,6.79,France,3.99,Fauve,7.0,IPA - New England / Hazy,Can 440ml,440,15.43,IPA
Haze From The Crypt: Hell Champion,6.79,Germany,4.02,Sudden Death Brewing Co.,6.8,IPA - New England / Hazy,Can 440ml,440,15.43,IPA
Bramble On,6.79,Spain,3.72,Basqueland Brewing,5.7,Sour - Fruited,Can 440ml,440,15.43,Sour
Schwarze Rose x Baxbier Radio Silence Fruited DIPA with Peach & Apricot,6.79,Germany,3.66,Schwarze Rose,8.0,IPA - Imperial / Double New England / Hazy,Can 440ml,440,15.43,IPA
Sour Sixteen,6.79,Romania,3.86,Ignat Brewery (Bere Noah),5.0,Sour - Fruited,Can 440ml,440,15.43,Sour
Atelier Vrai Straw Man Fallacy,6.79,Germany,4.06,Atelier der Braukünste,6.5,IPA - New England / Hazy,Can 440ml,440,15.43,IPA
Schwarze Rose Alien Love Call,6.79,Hungary,3.74,FIRST Craft Beer,8.0,Lager - Other,Can 440ml,440,15.43,Lager
Oude Lambiek,5.79,Belgium,3.59,Brouwerij Eylenbosch,5.8,Lambic - Traditional,Bottle 375ml,375,15.44,Lambic
Nebuchadnezzar Imperial IPA,5.1,Sweden,3.62,Omnipollo,8.0,IPA - Imperial / Double,Can 330ml,330,15.45,IPA
St. Bernardus Abt 12 Quadrupel 33cl,5.1,Belgium,4.0,Brouwerij St.Bernardus,10.0,Belgian Quadrupel,330ml,330,15.45,Belgian Quadrupel
Tripel Karmeliet 33cl,5.1,Belgium,3.99,Brouwerij Bosteels,8.4,Belgian Tripel,330ml,330,15.45,Belgian Tripel
Blud,6.8,England,3.68,Drop Project,5.3,Sour - Fruited,Can 440ml,440,15.45,Sour
Dragons Milk Solera,6.8,United States,3.93,New Holland Brewing,10.0,Strong Ale - American,Can 440ml,440,15.45,Strong Ale
Ugar Brewery Trailer 023,5.1,Hungary,3.74,UGAR Brewery,4.8,IPA - Session,330ml,330,15.45,IPA
La Dolce Notte,5.1,Netherlands,3.72,Hooglander Bier,11.0,Stout - Imperial / Double Pastry,330ml,330,15.45,Stout
Soft Landings Breakfast Stout,6.8,Denmark,3.61,Dry & Bitter Brewing Company,6.5,Stout - Coffee,Can 440ml,440,15.45,Stout
Kirsebærsovs Monster Fruited Wheat Beer,5.1,Denmark,3.47,BRØL,5.0,Wheat Beer - Fruited,330ml,330,15.45,Wheat Beer
Orange Creamsicle Sour,6.8,Scotland,4.03,Vault City Brewing,4.8,Sour - Smoothie / Pastry,Can 440ml,440,15.45,Sour
Apple Soor Session Sour,6.8,Scotland,3.82,Vault City Brewing,4.5,Sour - Fruited,Can 440ml,440,15.45,Sour
Chest Candy,6.8,Brazil,4.0,Spartacus Brewing,7.8,IPA - Imperial / Double New England / Hazy,Can 440ml,440,15.45,IPA
Hazelnut & Chocolate Fudge Stout,5.1,Netherlands,3.58,Brouwerij Kees,8.0,Stout - Pastry,Can 330ml,330,15.45,Stout
The Pansies Are In Bloom,6.8,England,3.55,The Queer Brewing Project,5.0,Wheat Beer - Fruited,Can 440ml,440,15.45,Wheat Beer
Raving Pils,6.8,Germany,3.62,FUERST WIACEK,5.0,Pilsner - Other,Can 440ml,440,15.45,Pilsner
Fishnet,6.8,United States,,A. Fisher Brewing Company,4.9,Kölsch,Can 440ml,440,15.45,Kölsch
Heavenly Hops Vaticinator IPA,6.8,Denmark,3.64,Amager Bryghus,7.0,IPA - New England / Hazy,Can 440ml,440,15.45,IPA
Rochefort Trappistes 6,5.1,Belgium,3.71,Abbaye Notre-Dame de Saint-Rémy,7.5,Belgian Dubbel,Bottle 330ml,330,15.45,Belgian Dubbel
Blades of Steel 2 (canned: 10-10-24),6.8,Germany,4.11,Sudden Death Brewing Co.,6.5,IPA - New England / Hazy,Can 440ml,440,15.45,IPA
Comet Surfer (canned: 06-06-24),6.8,Germany,3.87,Sudden Death Brewing Co.,7.5,IPA - American,Can 440ml,440,15.45,IPA
Mulled Dark Cherry Session Sour,6.8,Scotland,3.84,Vault City Brewing,4.8,Sour - Fruited,Can 440ml,440,15.45,Sour
Saison,5.1,Belgium,3.55,Brasserie St-Feuillien,6.5,Farmhouse Ale - Saison,330ml,330,15.45,Farmhouse Ale
Scarlet,5.1,France,3.79,La Débauche,8.0,Sour - Fruited,330ml,330,15.45,Sour
Youpi,5.1,France,3.7,Brasserie La Malpolon,6.3,IPA - American,Bottle 330ml,330,15.45,IPA
Anvil American Light Lager,6.8,Denmark,3.51,Bad Seed Brewing,4.4,Lager - American Light,Can 440ml,440,15.45,Lager
Duvel Blond,5.1,Belgium,3.72,Duvel Moortgat,8.5,Belgian Strong Golden Ale,330ml,330,15.45,Belgian Strong Golden Ale
Survival Kit,6.8,Germany,4.05,Sudden Death Brewing Co.,9.2,IPA - Imperial / Double New England / Hazy,Can 440ml,440,15.45,IPA
The Thing,6.8,Germany,3.99,BrewHeart,8.0,IPA - Imperial / Double New England / Hazy,Can 440ml,440,15.45,IPA
Dark Fifty Fifty,6.8,Poland,3.91,Magic Road,8.0,Stout - Imperial / Double,Can 440ml,440,15.45,Stout
Blood Eagle,6.8,England,3.55,Brew York,5.7,Pale Ale - Fruited,Can 440ml,440,15.45,Pale Ale
Mind The Glow,6.8,Wales,3.52,Polly's Brew Co.,5.5,Sour - Fruited,Can 440ml,440,15.45,Sour
"Only Noodles, Michael (Pale Ale Fruited)",6.8,England,2.75,Brew York,4.5,Pale Ale - Fruited,Can 440ml,440,15.45,Pale Ale
Nøgne O Brain Salad Surgery,5.1,Norway,3.36,Nøgne Ø,7.0,IPA - Other,330ml,330,15.45,IPA
Yamnaya  - THT/BBE 09/24,6.8,Spain,4.1,Garage Beer Co.,8.5,IPA - Imperial / Double New England / Hazy,Can 440ml,440,15.45,IPA
Solar Haze Organic IPA x Kølster,6.8,Denmark,3.64,Kølster Malt og Øl,6.0,IPA - New England / Hazy,Can 440ml,440,15.45,IPA
Yellow Necessity,6.8,Wales,3.95,Polly's Brew Co.,6.5,IPA - Other,Can 440ml,440,15.45,IPA
Pillows,6.8,Northern Ireland,3.74,Boundary Brewing,4.3,Pale Ale - New England / Hazy,Can 440ml,440,15.45,Pale Ale
Fear of The Unknown,6.8,England,3.98,Left Handed Giant Brewing,7.2,Stout - Pastry,Can 440ml,440,15.45,Stout
"Damn, You're... Majestic!",6.8,Luxembourg,3.73,Totenhopfen Brauhaus,8.2,IPA - Imperial / Double New England / Hazy,Can 440ml,440,15.45,IPA
Lobikatra IPA,5.1,Slovenia,3.62,Lobik,6.5,IPA - American,Can 330ml,330,15.45,IPA
Drink The Christmas Tree 2024,5.1,Hungary,3.56,Fehér Nyúl,6.7,IPA - Other,330ml,330,15.45,IPA
Big Haze X Tate,6.8,England,3.98,Drop Project,7.0,IPA - Imperial / Double New England / Hazy,Can 440ml,440,15.45,IPA
In Persuit,6.8,England,3.93,Three Hills Brewing,6.0,IPA - New England / Hazy,Can 440ml,440,15.45,IPA
Passion Pool,5.1,Denmark,3.82,Mikkeller,4.6,Sour - Fruited Gose,330ml,330,15.45,Sour
Eternal Now Non-Alcoholic Stout,5.1,Sweden,3.05,Omnipollo,0.3,Non-Alcoholic - Porter / Stout,330ml,330,15.45,Non-Alcoholic
Kaerlighed Spring/Summer 2023,5.1,Denmark,3.42,Mikkeller,4.9,Pale Ale - American,330ml,330,15.45,Pale Ale
Yonder Cherry B'bomb,6.8,England,3.68,Yonder Brewing & Blending,7.0,Stout - Pastry,Can 440ml,440,15.45,Stout
De La Senne Schieve X-mas,5.1,Belgium,3.64,Brasserie de la Senne,8.0,Winter Ale,Bottle 330ml,330,15.45,Winter Ale
Cloudscape (bbf: 17-06-25),6.8,Norway,3.94,Salikatt Bryggeri,7.0,IPA - New England / Hazy,Can 440ml,440,15.45,IPA
Parade,6.8,England,3.97,Beak Brewery,6.0,IPA - New England / Hazy,Can 440ml,440,15.45,IPA
NPC,5.1,Spain,3.95,Gross,6.0,IPA - New England / Hazy,330ml,330,15.45,IPA
Summa Rich Strong Ale,5.1,Netherlands,3.76,Van Moll,10.5,Strong Ale - Other,Can 330ml,330,15.45,Strong Ale
The Heavy Duties - Butterscotch Foundry,6.8,Nederland,3.39,Moersleutel,13.0,stout,Can 440ml,440,15.45,stout
Sunspray,6.8,Wales,3.96,Polly's Brew Co.,6.6,IPA - New England / Hazy,Can 440ml,440,15.45,IPA
Wheelie,6.8,Germany,3.75,FUERST WIACEK,5.2,Pale Ale - American,Can 440ml,440,15.45,Pale Ale
Last Christmas Sour,6.8,Scotland,4.01,Vault City Brewing,4.1,Sour - Fruited,Can 440ml,440,15.45,Sour
Big Salad,6.8,England,3.83,Villages,6.0,IPA - New England / Hazy,Can 440ml,440,15.45,IPA
Saurer Franke,5.1,Germany,2.85,Braumanufaktur Hertl,7.0,Grape Ale - Other,330ml,330,15.45,Grape Ale
YOU Holy,5.1,Hungary,3.49,Vaskakas Sörfőzde,5.5,India Pale Ale (IPA),330ml,330,15.45,India Pale Ale (IPA)
Reindeer Fuel 2023 Barley Wine,6.8,Denmark,3.61,Amager Bryghus,10.0,Barleywine - Other,Can 440ml,440,15.45,Barleywine
PATRONS PROJECT 43.03 // TRIFLE ALE,6.8,England,3.63,Northern Monk,6.0,Pale Ale - Fruited,Can 440ml,440,15.45,Pale Ale
Crystal Death 2024,6.8,Germany,3.97,Sudden Death Brewing Co.,6.5,IPA - New England / Hazy,Can 440ml,440,15.45,IPA
From the Tranquil Depths (Adroit Theory Collab),6.8,Sweden,3.82,Ten Hands Brewing,12.2,Barleywine - American,Can 440ml,440,15.45,Barleywine
Alien Attack,5.1,Sweden,3.67,Ten Hands Brewing,6.5,Sour - Fruited,330ml,330,15.45,Sour
My Milkshake Brings All the Boys To the Farm,5.1,Netherlands,3.73,Dutch Bargain,7.0,IPA - Milkshake,330ml,330,15.45,IPA
New Dogs New Tricks (bbf: 7-25),6.8,Germany,3.84,FrauGruber Brewing,8.4,IPA - Imperial / Double New England / Hazy,Can 440ml,440,15.45,IPA
Electric Messiah,5.1,England,3.88,Ascension Cider,4.0,Cider - Other Fruit,Can 330ml,330,15.45,Cider
Harzbury,6.8,Belgium,3.68,Misery Beer Co.,5.5,Pale Ale - American,Can 440ml,440,15.45,Pale Ale
Unless You Think,5.1,England,3.86,Ascension Cider,4.0,Cider - Other Fruit,Can 330ml,330,15.45,Cider
Hide In The Sky,5.1,England,3.81,Ascension Cider,3.8,Cider - Other Fruit,Can 330ml,330,15.45,Cider
Oude Kriek,11.59,Belgium,3.7,Brouwerij Eylenbosch,6.2,Lambic - Kriek,Bottle 750ml,750,15.45,Lambic
Bearley Fine,5.1,Sweden,3.92,Stigbergets Bryggeri,12.0,Barleywine - American,330ml,330,15.45,Barleywine
Clamp,6.8,England,3.96,Saint Mars Of The Desert,5.4,IPA - New England / Hazy,Can 440ml,440,15.45,IPA
AURRERA STANITSA Russian Imperial Stout,5.1,Spain,4.13,Laugar Brewery,11.2,Stout - Russian Imperial,330ml,330,15.45,Stout
Caramel Fudge Stout het Anker,5.1,Netherlands,4.0,Brouwerij Kees,11.5,Stout - Imperial / Double Pastry,330ml,330,15.45,Stout
Caramel Fudge Stout Bourbon,5.1,Netherlands,4.02,Brouwerij Kees,11.5,Stout - Imperial / Double,330ml,330,15.45,Stout
Night Vision Goggels,5.1,Netherlands,3.73,Dutch Bargain,9.0,Porter - Baltic,330ml,330,15.45,Porter
Fee-KA,6.8,Sweden,3.71,Fermenterarna,6.0,Sour - Fruited,Can 440ml,440,15.45,Sour
Frau Gruber Gone Bowling,6.8,Germany,3.85,FrauGruber Brewing,8.2,IPA - Imperial / Double New England / Hazy,Can 440ml,440,15.45,IPA
Mush,6.8,England,3.83,Beak Brewery,6.0,Sour - Fruited,Can 440ml,440,15.45,Sour
Both Wave Goodbye IPA,6.8,Denmark,3.61,Seagrove Public,6.3,IPA - American,Can 440ml,440,15.45,IPA
Triple,5.1,Belgium,3.66,Brasserie St-Feuillien,8.5,Belgian Tripel,330ml,330,15.45,Belgian Tripel
Pretty Decent / Bluntrock - Take A Trip To...Cornwal!,6.8,England,3.66,Pretty Decent,6.5,Pale Ale - Other,Can 440ml,440,15.45,Pale Ale
Lime X Mango X Passionfruit X Pineapple X Coconut X Vanilla Smoothie Sour Ale,6.8,Latvia,4.26,Ārpus Brewing Co.,5.5,Sour - Smoothie / Pastry,Can 440ml,440,15.45,Sour
Frosty Sour,5.1,Sweden,3.4,Brewski,4.7,Sour - Fruited Berliner Weisse,330ml,330,15.45,Sour
Nitro Coffee Ale,5.49,United States,3.86,Surly Brewing Company,5.5,Porter - Coffee,355ml,355,15.46,Porter
White [Bottle],5.49,United States,3.75,Allagash Brewing Company,5.2,Wheat Beer - Witbier / Blanche,355ml,355,15.46,Wheat Beer
Citralush,5.49,United States,3.84,"Epic Brewing Co. (Utah, Colorado)",7.0,IPA - New England / Hazy,355ml,355,15.46,IPA
Side Quest I,5.49,United States,3.77,Burlington Beer Company,5.5,Lager - Other,355ml,355,15.46,Lager
Bean Flicker,5.18,United States,3.79,Odd Side Ales,10.0,Blonde / Golden Ale - Other,335ml,335,15.46,Blonde / Golden Ale
Shiner Bock,5.49,United States,3.5,Spoetzl Brewery,4.4,Bock - Single / Traditional,355ml,355,15.46,Bock
Sleazy Way - 75cl,11.6,Italy,3.96,Eastside Brewing,6.6,Stout - Russian Imperial,Bottle 750ml,750,15.47,Stout
Tilquin Oude Rhubarbe,11.6,Belgium,4.08,Gueuzerie Tilquin,6.3,Lambic - Other,Bottle 750ml,750,15.47,Lambic
Lervig 3 Bean Stout,5.11,Norway,4.09,LERVIG/ Way Beer,12.0,Stout - Imperial / Double,330ml,330,15.48,Stout
Belching Beaver - Tropical Terps,5.5,United States,3.83,Belching Beaver Brewery,6.6,IPA - New England / Hazy,355ml,355,15.49,IPA
Smoothie: R & R,5.5,United States,4.42,LULZ Hard Seltzer,5.0,Hard Seltzer,355ml,355,15.49,Hard Seltzer
Woody Wood - 2019,11.65,Belgium,3.73,Brasserie Minne,7.5,Sour - Other,Bottle 750ml,750,15.53,Sour
Boogie Board Olympics,7.35,United States,4.11,Humble Sea Brewing Company,6.4,IPA - New England / Hazy,473ml,473,15.54,IPA
Gueuze Mariage Parfait 2020,5.83,Belgium,3.93,Brouwerij Boon,8.0,Lambic - Gueuze,Bottle 375ml,375,15.55,Lambic
Wood Vinum - 2022,5.13,Belgium,4.01,Brasserie Minne,10.0,Grape Ale - Other,330ml,330,15.55,Grape Ale
Phi Rabarber,5.13,Belgium,3.86,Brouwerij Alvinne,8.0,Sour - Fruited,330ml,330,15.55,Sour
Oude Geuze Boon,3.89,Belgium,3.37,Brouwerij Boon,7.0,Lambic - Gueuze,Bottle 250ml,250,15.56,Lambic
Nightlife,3.89,Netherlands,3.55,Brother Beer,10.0,Belgian Strong Dark Ale,Bottle 250ml,250,15.56,Belgian Strong Dark Ale
Nightmare Of Brew York 2024,6.85,England,4.02,Brew York,8.5,Stout - Imperial / Double Milk,Can 440ml,440,15.57,Stout
Superdelic,6.85,Germany,3.74,FrauGruber Brewing,7.8,IPA - Imperial / Double New England / Hazy,Can 440ml,440,15.57,IPA
Neon raptor -Planetoid Smash,6.85,England,3.96,Neon Raptor Brewing Co.,6.6,IPA - New England / Hazy,Can 440ml,440,15.57,IPA
Block Universe (BBF: 04-04-25),6.85,England,3.96,Azvex Brewing Company,6.2,IPA - New England / Hazy,Can 440ml,440,15.57,IPA
Sterrenstof (canned: 04-11-24),6.85,Finland,3.98,Revenant Brewing Project,8.0,IPA - Imperial / Double New England / Hazy,Can 440ml,440,15.57,IPA
Zero Complaints,11.69,United States,4.04,Cellarmaker Brewing Company,6.8,IPA - American,Bottle 750ml,750,15.59,IPA
Mo' Strata,11.69,United States,4.04,Cellarmaker Brewing Company,6.9,IPA - American,Bottle 750ml,750,15.59,IPA
Orange Julian,11.69,United States,4.17,Cellarmaker Brewing Company,6.8,IPA - New England / Hazy,Bottle 750ml,750,15.59,IPA
Pacific Dopeness,11.69,United States,4.0,Cellarmaker Brewing Company,6.9,IPA - American,Bottle 750ml,750,15.59,IPA
Maximum Joy,11.69,United States,3.96,Cellarmaker Brewing Company,6.3,IPA - American,Bottle 750ml,750,15.59,IPA
Cloudy With A Chance of Dobis,11.69,United States,4.2,Cellarmaker Brewing Company,6.8,IPA - New England / Hazy,Bottle 750ml,750,15.59,IPA
The Bruery 9 Ladies Dancing,11.69,United States,3.71,The Bruery,11.3,Belgian Strong Dark Ale,Bottle 750ml,750,15.59,Belgian Strong Dark Ale
Black And White Movie,7.8,England,3.78,Rivington Brewing Co,5.4,Pale Ale - New England / Hazy,Can 500ml,500,15.6,Pale Ale
Firestrata,7.8,Romania,4.05,Hop Hooligans,8.0,IPA - Imperial / Double New England / Hazy,500ml,500,15.6,IPA
Rivington x Celestial Beerworks Trick My Wisdom,7.8,England,3.58,Rivington Brewing Co,6.5,Sour - Fruited,Can 500ml,500,15.6,Sour
Deya There's A Lot To Do,7.8,England,3.87,DEYA Brewing Company,6.0,IPA - American,Can 500ml,500,15.6,IPA
Sub Sandwich Singularity,7.8,England,4.06,Makemake,7.2,IPA - New England / Hazy,500ml,500,15.6,IPA
Lambiek Fabriek: Jart-Elle Oude Kriek 2020,11.7,Belgium,3.93,Lambiek Fabriek,6.0,Lambic - Kriek,Bottle 750ml,750,15.6,Lambic
The Evil Dead (2024) X Vault City,7.8,England,4.01,Rivington Brewing Co,6.0,Sour - Fruited,500ml,500,15.6,Sour
Tinto,11.7,France,3.73,Vendale,11.0,Grape Ale - Other,Bottle 750ml,750,15.6,Grape Ale
Kompaan Ivan The Impostor (Foreign Legion 2024),5.15,Netherlands,3.94,KOMPAAN Dutch Craft Beer Company,12.0,Belgian Quadrupel,330ml,330,15.61,Belgian Quadrupel
Caramel Fudge Stout Het Anker,5.15,Netherlands,4.0,Brouwerij Kees,11.5,Stout - Imperial / Double Pastry,330ml,330,15.61,Stout
Soma Clap Back,6.87,Spain,3.94,SOMA Beer,6.5,IPA - New England / Hazy,Can 440ml,440,15.61,IPA
Kompaan Fai Tality (Foreign Legion 2024),5.15,Netherlands,3.65,KOMPAAN Dutch Craft Beer Company,10.4,Barleywine - English,330ml,330,15.61,Barleywine
Kompaan Candric LaMer (Foreign Legion 2024),5.15,Netherlands,3.89,KOMPAAN Dutch Craft Beer Company,10.9,Barleywine - American,330ml,330,15.61,Barleywine
Kompaan Smokey (Foreign Legion 2024),5.15,Netherlands,3.74,KOMPAAN Dutch Craft Beer Company,10.0,Bock - Doppelbock,330ml,330,15.61,Bock
Kompaan Vlad the Vet (Foreign Legion 2024),5.15,Netherlands,3.77,KOMPAAN Dutch Craft Beer Company,11.1,Stout - Imperial / Double,330ml,330,15.61,Stout
Kompaan Jesse Rauchmann (Foreign Legion 2024),5.15,Netherlands,3.76,KOMPAAN Dutch Craft Beer Company,9.8,Bock - Doppelbock,330ml,330,15.61,Bock
Struise Black Albert Vintage 2022,5.15,Belgium,4.08,De Struise Brouwers,13.0,Stout - Belgian,330ml,330,15.61,Stout
Soma Cloud Nine,6.87,Spain,3.97,SOMA Beer,6.5,IPA - New England / Hazy,Can 440ml,440,15.61,IPA
Peeptoad,7.4,United States,4.1,Tilted Barn Brewery,6.3,Pale Ale - American,473ml,473,15.64,Pale Ale
Pretty Fly For A White Rye,7.4,United States,3.72,Turning Point Beer,4.8,Wheat Beer - Witbier / Blanche,473ml,473,15.64,Wheat Beer
Vibrant Energy,6.89,Finland,3.84,CoolHead Brew,5.0,Pale Ale - New England / Hazy,Can 440ml,440,15.66,Pale Ale
Santa's Hop Sack Hazy Christmas Orange IPA,6.89,Norway,3.53,Amundsen Brewery,5.3,IPA - New England / Hazy,Can 440ml,440,15.66,IPA
Arpus Brewing Co. Tdh Double 5 Dipa,5.17,Latvia,3.99,Ārpus Brewing Co.,6.5,IPA - New England / Hazy,330ml,330,15.67,IPA
DDVD Korenaar L'Ensemble,5.17,Belgium,3.94,Brouwerij De Dochter van de Korenaar,13.0,Barleywine - English,330ml,330,15.67,Barleywine
DDVD Korenaar Bien-Sûr - Cranberries,5.17,Belgium,3.52,Brouwerij De Dochter van de Korenaar,7.0,Sour - Fruited,330ml,330,15.67,Sour
Super Chuck,6.9,England,3.8,Howling Hops,7.4,Sour - Fruited,Can 440ml,440,15.68,Sour
Call Me When You Like,6.9,England,3.86,Sureshot Brewing,6.0,IPA - New England / Hazy,Can 440ml,440,15.68,IPA
Mango x Pineapple x Passionfruit Smoothie Sour Ale,6.9,Latvia,4.26,Ārpus Brewing Co.,5.0,Sour - Smoothie / Pastry,Can 440ml,440,15.68,Sour
White Oak IPA,6.9,Scotland,3.82,Otherworld Brewing,7.4,IPA - Other,Can 440ml,440,15.68,IPA
Magic People Yuzu People,6.9,Scotland,3.77,Overtone Brewing Co,5.0,Sour - Fruited Berliner Weisse,Can 440ml,440,15.68,Sour
Nisseøl,6.9,Denmark,3.81,Bad Seed Brewing,9.0,IPA - Imperial / Double,Can 440ml,440,15.68,IPA
Unusual Horizons,6.9,Sweden,4.12,Stigbergets Bryggeri,8.3,IPA - Imperial / Double New England / Hazy,Can 440ml,440,15.68,IPA
Pomona Island / Rivington - Infinity DDH Pale,6.9,England,4.04,Pomona Island Brew Co.,5.4,Pale Ale - New England / Hazy,Can 440ml,440,15.68,Pale Ale
Lübi Premium Pale,6.9,Germany,3.8,Sudden Death Brewing Co.,5.5,Pale Ale - XPA (Extra Pale),Can 440ml,440,15.68,Pale Ale
"TDH Double 5 DIPA (riwaka, idaho 7, simcoe) Cloudwater collab",6.9,Latvia,4.03,Ārpus Brewing Co.,8.0,IPA - Imperial / Double New England / Hazy,Can 440ml,440,15.68,IPA
Scoots,6.9,England,3.95,Beak Brewery,5.6,Pale Ale - New England / Hazy,Can 440ml,440,15.68,Pale Ale
Dogs & Cats Living Together,6.9,England,3.84,Sureshot Brewing,5.5,Pale Ale - New England / Hazy,Can 440ml,440,15.68,Pale Ale
Tartarus Euphrosyne,6.9,England,3.73,Tartarus Beers,6.7,IPA - New England / Hazy,Can 440ml,440,15.68,IPA
Just Wing It,6.9,United States,4.01,Icarus Brewing,6.6,Stout - Milk / Sweet,Can 440ml,440,15.68,Stout
Vices & Vertus,6.9,France,4.14,Les Intenables - Craft Beer -,6.0,Sour - Smoothie / Pastry,Can 440ml,440,15.68,Sour
New French IPA,6.9,France,3.84,Brasserie Cambier,6.5,IPA - New England / Hazy,Can 440ml,440,15.68,IPA
Absolute Electric,6.9,England,3.98,Sureshot Brewing,5.5,Pale Ale - New England / Hazy,Can 440ml,440,15.68,Pale Ale
Stop Overthinking,6.9,Spain,4.17,MALANDAR Craft Beer,10.0,IPA - Triple,Can 440ml,440,15.68,IPA
Fluid Mechanics,6.9,Norway,4.14,Salikatt Bryggeri,8.0,IPA - Imperial / Double New England / Hazy,Can 440ml,440,15.68,IPA
Triple Hyperactive Moon - DDH TIPA,6.9,Spain,4.11,Cervesa Espiga,10.0,IPA - Triple New England / Hazy,Can 440ml,440,15.68,IPA
Fuerst Wiacek Roadie,6.9,Germany,3.92,FUERST WIACEK,5.5,Pale Ale - New England / Hazy,Can 440ml,440,15.68,Pale Ale
Walk Among Us,6.9,England,4.0,Black Iris Brewery,6.5,IPA - New England / Hazy,Can 440ml,440,15.68,IPA
Caramel Madness,6.9,Netherlands,3.95,Moersleutel Craft Brewery,10.0,Barleywine - Other,Can 440ml,440,15.68,Barleywine
Owl Yeah - IPA DDH,6.9,Spain,3.95,Cervesa Espiga,6.5,IPA - New England / Hazy,Can 440ml,440,15.68,IPA
Wereshark (canned: 24-07-24),6.9,England,3.95,Azvex Brewing Company,6.8,IPA - New England / Hazy,Can 440ml,440,15.68,IPA
Folds,6.9,England,3.92,Beak Brewery,5.6,Pale Ale - American,Can 440ml,440,15.68,Pale Ale
Owd Eerie,6.9,England,3.98,Saint Mars Of The Desert,7.1,Old / Stock Ale,Can 440ml,440,15.68,Old / Stock Ale
Puca Oatmeal Stout,6.9,England,3.66,Tartarus Beers,4.5,Stout - Oatmeal,Can 440ml,440,15.68,Stout
Virmalised X – DIPA,6.9,Estonia,3.72,Põhjala,8.0,IPA - Imperial / Double,Can 440ml,440,15.68,IPA
Man It Hurts To Be This Hip,6.9,England,3.83,Sureshot Brewing,6.0,IPA - New England / Hazy,Can 440ml,440,15.68,IPA
Chanmé- Double IPA,6.9,France,3.92,Gekko Brewing Company,8.0,IPA - Imperial / Double,Can 440ml,440,15.68,IPA
New England Christmas (2024),6.9,Norway,3.98,Salikatt Bryggeri,7.0,IPA - New England / Hazy,Can 440ml,440,15.68,IPA
Booster Spirit,6.9,France,4.01,Prizm Brewing Co.,6.0,IPA - New England / Hazy,Can 440ml,440,15.68,IPA
Risky Sitch,6.9,United States,4.15,Outer Range Brewing Co.,7.7,IPA - Imperial / Double New England / Hazy,Can 440ml,440,15.68,IPA
Surveillance Does (canned: 07-08-24),6.9,England,3.95,Azvex Brewing Company,6.5,IPA - New England / Hazy,Can 440ml,440,15.68,IPA
To Øl / Wylam - Consonance 1019,6.9,Denmark,3.71,To Øl,5.5,Pale Ale - New England / Hazy,Can 440ml,440,15.68,Pale Ale
Hedgerow Provision,6.9,England,3.85,Burning Sky Brewery,6.2,Sour - Fruited,Can 440ml,440,15.68,Sour
Téma la Vache - NEIPA,6.9,France,3.86,Gekko Brewing Company,6.5,IPA - New England / Hazy,Can 440ml,440,15.68,IPA
Harvest Time,6.9,Netherlands,4.12,Folkingebrew,10.0,IPA - Triple New England / Hazy,Can 440ml,440,15.68,IPA
Take Me Nowhere,6.9,England,4.09,Left Handed Giant Brewing,7.2,Stout - Milk / Sweet,Can 440ml,440,15.68,Stout
Witchfinders,6.9,France,4.19,Prizm Brewing Co.,8.0,IPA - Imperial / Double,Can 440ml,440,15.68,IPA
Yonder Mister Peanut,6.9,England,3.99,Yonder Brewing & Blending,8.0,Stout - Pastry,Can 440ml,440,15.68,Stout
"Triple Fruited Gose: Blueberry, Blackberry, Redcurrant",6.9,England,3.73,North Brewing Co.,4.5,Sour - Fruited Gose,Can 440ml,440,15.68,Sour
Arpus 7 Year Anniversary Smoothie Sour Ale,6.9,Latvia,4.3,Ārpus Brewing Co.,4.5,Sour - Smoothie / Pastry,Can 440ml,440,15.68,Sour
Into the Thick of it - DDH IPA,6.9,France,3.96,Gekko Brewing Company,7.5,IPA - Other,Can 440ml,440,15.68,IPA
Fuerst Wiacek Crowdsurfer,6.91,Germany,3.85,FUERST WIACEK,6.2,IPA - New England / Hazy,Can 440ml,440,15.7,IPA
Secateur,11.79,France,3.88,Brasserie La Malpolon,7.8,Grape Ale - Other,Bottle 750ml,750,15.72,Grape Ale
Oude Geuze Boon Black Label n°8,11.8,Belgium,3.79,Brouwerij Boon,7.0,Lambic - Gueuze,Bottle 750ml,750,15.73,Lambic
De Molen Heen & Weer Belgian Triple,5.19,Netherlands,3.54,Brouwerij de Molen,9.0,Belgian Tripel,330ml,330,15.73,Belgian Tripel
Sunny Disposition Extra Pale Ale,5.19,Sweden,3.63,Hyllie Bryggeri,5.7,Pale Ale - XPA (Extra Pale),Can 330ml,330,15.73,Pale Ale
Stormtrooper Galactic Pale Ale II,5.19,England,3.45,Original Stormtrooper Beer/ Vocation Brewery,4.8,Pale Ale - American,330ml,330,15.73,Pale Ale
P9,5.19,Spain,3.64,Garage Beer Co.,4.0,Sour - Fruited Berliner Weisse,330ml,330,15.73,Sour
Kriek,5.9,Belgium,3.53,Brouwerij Boon,4.5,Lambic - Kriek,Bottle 375ml,375,15.73,Lambic
Lupuloid IPA,5.19,England,3.78,Beavertown,6.7,IPA - American,Can 330ml,330,15.73,IPA
Stormtrooper Lightspeed Pilsner,5.19,England,3.23,Original Stormtrooper Beer,5.0,Pilsner - Other,330ml,330,15.73,Pilsner
Disciples Of Quad Belgian Quadrupel,5.19,Sweden,3.66,Beerbliotek,12.0,Belgian Quadrupel,330ml,330,15.73,Belgian Quadrupel
SimplePoint,5.19,Hungary,3.95,HopTails Brewery,7.0,Sour - Fruited,330ml,330,15.73,Sour
Boerenerf Kriek,5.9,Belgium,4.2,Het Boerenerf Eylenbosch,7.0,Lambic - Kriek,Bottle 375ml,375,15.73,Lambic
Stormtrooper S.N.I.P.A. - Situation Normal IPA,5.19,England,3.45,Original Stormtrooper Beer,4.4,IPA - Session,330ml,330,15.73,IPA
Bretts in Keller butelka,5.9,Poland,3.88,Lubrow Brett & Barrel,6.1,Brett Beer,Bottle 375ml,375,15.73,Brett Beer
Spontaan Grodziskie 2024 butelka,5.9,Poland,4.08,Lubrow Brett & Barrel,3.9,Lambic - Other,Bottle 375ml,375,15.73,Lambic
Three Dimensions,7.4,United States,4.07,WeldWerks Brewing Co.,8.4,IPA - Imperial / Double New England / Hazy,Can 470ml,470,15.74,IPA
Brewing Milk Stout,5.59,United States,3.88,Left Hand Brewing Company,6.0,Stout - Milk / Sweet,355ml,355,15.75,Stout
St. Vrain Tripel Ale,5.59,United States,3.69,Left Hand Brewing Company,9.3,Belgian Tripel,355ml,355,15.75,Belgian Tripel
Laid Back,11.82,Spain,3.74,Cyclic Beer Farm,7.0,Sour - Other,Bottle 750ml,750,15.76,Sour
White,5.2,Belgium,3.73,Bières de Chimay,8.0,Belgian Tripel,330ml,330,15.76,Belgian Tripel
Ça Biche !,5.2,France,4.02,Effet Papillon,8.0,Stout - Imperial / Double Oatmeal,330ml,330,15.76,Stout
84,5.2,Bulgaria,3.99,Sofia Electric Brewing,8.4,IPA - Imperial / Double New England / Hazy,330ml,330,15.76,IPA
Cuvée Anna,5.2,Belgium,3.95,Brouwerij Alvinne,6.5,Sour - Other,330ml,330,15.76,Sour
Quadruple,5.2,Belgium,3.75,Brasserie St-Feuillien,11.0,Belgian Quadrupel,330ml,330,15.76,Belgian Quadrupel
Moscow Mule,11.82,Spain,3.78,Cyclic Beer Farm,6.2,Sour - Other,Bottle 750ml,750,15.76,Sour
Hooglander #CaVaBien,5.2,Netherlands,4.03,Hooglander Bier,10.0,Stout - Imperial / Double Pastry,330ml,330,15.76,Stout
Melocoton,11.82,Spain,3.98,Cyclic Beer Farm,5.4,Farmhouse Ale - Brett,Bottle 750ml,750,15.76,Farmhouse Ale
Sans Pardon,5.2,Belgium,3.83,Brouwerij De Dochter van de Korenaar,11.0,Stout - Russian Imperial,330ml,330,15.76,Stout
Oud Bruin Oak Leaf 2019,5.2,Belgium,4.03,Brouwerij 't Verzet,6.0,Sour - Flanders Oud Bruin,330ml,330,15.76,Sour
Zundert Trappist 8,5.2,Netherlands,3.65,Trappistenbrouwerij de Kievit B.V.,8.0,Belgian Tripel,Bottle 330ml,330,15.76,Belgian Tripel
The Lift Off Game,5.2,United States,4.14,Bottle Logic Brewing/ Brewski,12.5,Stout - Imperial / Double Pastry,330ml,330,15.76,Stout
Cognac Barrel,5.2,France,3.69,La Débauche,9.5,Barleywine - American,330ml,330,15.76,Barleywine
24H Du Malt,5.2,France,3.97,Brasserie La Malpolon,10.0,Stout - Imperial / Double,330ml,330,15.76,Stout
Mäng,5.2,Estonia,3.63,Pühaste Brewery,12.5,Pale Ale - New England / Hazy,330ml,330,15.76,Pale Ale
Cerezas,11.82,Spain,3.73,Cyclic Beer Farm,5.5,Farmhouse Ale - Saison,Bottle 750ml,750,15.76,Farmhouse Ale
Kwak,5.2,Belgium,3.76,Brouwerij Bosteels,8.0,Pale Ale - Belgian,330ml,330,15.76,Pale Ale
Tonka Stout,5.2,Netherlands,3.35,Brouwerij Durs,6.0,Stout - Irish Dry,330ml,330,15.76,Stout
Cosy Days,5.2,Estonia,3.5,Põhjala,6.0,Red Ale - American Amber / Red,Can 330ml,330,15.76,Red Ale
Words To Live By,6.94,Denmark,4.08,Alefarm Brewing/ LETRA Brewery,8.0,IPA - Imperial / Double,Can 440ml,440,15.77,IPA
Canebrake,5.6,United States,3.56,Parish Brewing Co.,4.9,Wheat Beer - American Pale Wheat,Can 355ml,355,15.77,Wheat Beer
Zichovec 12 Years Of Happiness 17,7.89,Czech Republic,4.06,Rodinný Pivovar Zichovec,7.0,IPA - New England / Hazy,500ml,500,15.78,IPA
8th AB - Crate Digger,7.89,Serbia,3.78,Dogma Brewery,4.5,Sour - Fruited,500ml,500,15.78,Sour
8th AB - Slide Ride,7.89,Serbia,3.79,Dogma Brewery,6.0,IPA - American,500ml,500,15.78,IPA
Alvinne / Letra XLNC,5.21,Belgium,3.81,Brouwerij Alvinne,11.0,Sour - Other,330ml,330,15.79,Sour
Alvinne / Holy Goat Plum & Smoked Beetroot,5.21,Belgium,3.66,Brouwerij Alvinne,5.5,Smoked Beer,330ml,330,15.79,Smoked Beer
Lervig Pillow Talk,5.21,Norway,3.84,LERVIG,6.6,IPA - New England / Hazy,330ml,330,15.79,IPA
Millésime 2023 Oude Schaarbeekse Kriek,11.85,Belgium,4.04,Brouwerij Boon,6.5,Lambic - Kriek,Bottle 750ml,750,15.8,Lambic
OPP,6.95,Spain,4.03,SOMA Beer,6.5,IPA - New England / Hazy,Can 440ml,440,15.8,IPA
Zuyd / De Klep Maas Baas,6.95,Netherlands,3.69,Zuyd Craft,6.5,IPA - New England / Hazy,Can 440ml,440,15.8,IPA
Back Again – Triple IPA,6.95,Germany,3.95,FrauGruber Brewing,9.8,IPA - Triple New England / Hazy,Can 440ml,440,15.8,IPA
Vault City | Verre Lawrence,7.9,Scotland,3.95,Vault City Brewing,5.0,Sour - Fruited,500ml,500,15.8,Sour
Freshhhh,6.95,Spain,4.13,SOMA Beer,6.0,IPA - New England / Hazy,Can 440ml,440,15.8,IPA
MINT 400,6.95,Spain,4.09,Garage Beer Co.,7.0,IPA - New England / Hazy,Can 440ml,440,15.8,IPA
Hit The Silk,6.95,Brazil,4.14,Spartacus Brewing,9.0,IPA - Triple New England / Hazy,Can 440ml,440,15.8,IPA
Frau Gruber Swift Driftin,6.95,Germany,3.94,FrauGruber Brewing,7.8,IPA - Imperial / Double New England / Hazy,Can 440ml,440,15.8,IPA
Gone Bowling – Imperial IPA,6.95,Germany,3.85,FrauGruber Brewing,8.2,IPA - Imperial / Double New England / Hazy,Can 440ml,440,15.8,IPA
Carpe Noctem 2024,6.95,Germany,4.03,Sudden Death Brewing Co.,7.9,IPA - Imperial / Double,Can 440ml,440,15.8,IPA
Cinnamon Bun Plasterer,6.95,Netherlands,4.06,Moersleutel Craft Brewery,12.0,Stout - Pastry,Can 440ml,440,15.8,Stout
Raisin Awareness For Dried Grapes,6.95,Netherlands,3.83,Moersleutel Craft Brewery,12.0,Rye Wine,Can 440ml,440,15.8,Rye Wine
Suska Sechlońska,6.95,Netherlands,3.83,Moersleutel Craft Brewery,12.0,Stout - Imperial / Double,Can 440ml,440,15.8,Stout
Welcome To Gardesville With Brettanomyces,7.9,United States,3.98,Is/Was Brewing,6.5,Farmhouse Ale - Bière de Garde,500ml,500,15.8,Farmhouse Ale
Sepia,7.9,United States,3.75,Is/Was Brewing,5.4,Farmhouse Ale - Bière de Garde,500ml,500,15.8,Farmhouse Ale
The Beings for Whom Being Matters x Keeping Together,7.9,United States,3.86,Is/Was Brewing,4.9,Farmhouse Ale - Saison,500ml,500,15.8,Farmhouse Ale
Nectaron Hornet,6.95,Germany,3.93,FrauGruber Brewing,8.2,IPA - Imperial / Double New England / Hazy,Can 440ml,440,15.8,IPA
Sterrenstof,6.95,Finland,3.98,Revenant Brewing Project,8.0,IPA - Imperial / Double New England / Hazy,Can 440ml,440,15.8,IPA
Jumbo King,6.95,England,4.28,Pentrich Brewing Co.,8.5,IPA - Imperial / Double,Can 440ml,440,15.8,IPA
Mirage,6.95,Netherlands,3.89,Folkingebrew,5.0,IPA - Sour,Can 440ml,440,15.8,IPA
Radio Smooth,6.95,France,4.13,Les Intenables - Craft Beer -,8.0,IPA - Imperial / Double,Can 440ml,440,15.8,IPA
Boombox – DDH Dipa – Collab Cloudwater,6.95,Germany,4.2,FUERST WIACEK,8.0,IPA - Imperial / Double New England / Hazy,Can 440ml,440,15.8,IPA
Mütze,7.9,Germany,3.46,Brauerei Kundmüller,5.6,Märzen,500ml,500,15.8,Märzen
Quantum Kitty: Blackberry – Fruited Sour,6.95,Germany,4.14,Sudden Death Brewing Co.,5.5,Sour - Fruited,Can 440ml,440,15.8,Sour
De Moersleutel / Marlobobo Nectar Fusion,6.95,Netherlands,3.85,Moersleutel Craft Brewery,11.0,Rye Wine,Can 440ml,440,15.8,Rye Wine
Six One Nine – Fruited Sour,6.95,Germany,3.91,Sudden Death Brewing Co.,5.1,Sour - Fruited,Can 440ml,440,15.8,Sour
De Moersleutel CYCT Nozzles,6.95,Netherlands,3.97,Moersleutel Craft Brewery,9.0,IPA - Triple New England / Hazy,Can 440ml,440,15.8,IPA
All The Leaves Are Brown Bourbon BA,6.95,Scotland,4.24,Tempest Brewing Co.,11.2,Brown Ale - Imperial / Double,Can 440ml,440,15.8,Brown Ale
Vortex (bbf: 19-03-25),6.95,Norway,4.21,Salikatt Bryggeri,8.0,IPA - Imperial / Double New England / Hazy,Can 440ml,440,15.8,IPA
Bere Noah Sour Sixteen,6.95,Romania,3.86,Ignat Brewery (Bere Noah),5.0,Sour - Fruited,Can 440ml,440,15.8,Sour
Cosmic Series 2024 – Strata,6.95,France,4.04,Les Intenables - Craft Beer -,8.0,IPA - Imperial / Double New England / Hazy,Can 440ml,440,15.8,IPA
Frau Gruber Welcome Home From Prison Mom,6.95,Germany,3.8,FrauGruber Brewing,8.6,IPA - Imperial / Double,Can 440ml,440,15.8,IPA
WhiteDog Juicebox,6.95,Netherlands,3.88,White Dog Brewery,5.4,IPA - New England / Hazy,Can 440ml,440,15.8,IPA
Cosmic Series 2024 – Cashmere,6.95,France,3.97,Les Intenables - Craft Beer -,8.0,IPA - Imperial / Double New England / Hazy,Can 440ml,440,15.8,IPA
VAT'33 Trailblazer,6.95,Netherlands,3.99,Vat'33,8.0,IPA - Imperial / Double New England / Hazy,Can 440ml,440,15.8,IPA
Alcubierre Drive,6.95,England,4.12,Azvex Brewing Company,7.0,IPA - New England / Hazy,Can 440ml,440,15.8,IPA
Bang the elephant What Makes Larry Happy,6.95,England,3.76,Bang The Elephant Brewing Co,5.8,Pale Ale - New Zealand,Can 440ml,440,15.8,Pale Ale
Sunburst – Fruited Sour – Collab Uchu Brewing,6.95,Germany,3.82,FUERST WIACEK,5.0,Sour - Fruited,Can 440ml,440,15.8,Sour
Stereotrip,6.95,Romania,3.96,Blackout Brewing,8.0,IPA - Imperial / Double New England / Hazy,Can 440ml,440,15.8,IPA
De Moersleutel 8 Year Anniversary Serie: Saturn,6.95,Netherlands,4.2,Moersleutel Craft Brewery,11.0,Stout - Imperial / Double,Can 440ml,440,15.8,Stout
Momentum,6.95,Netherlands,4.0,Moersleutel Craft Brewery,8.0,IPA - Imperial / Double New England / Hazy,Can 440ml,440,15.8,IPA
Cloud #7,6.95,Netherlands,4.01,White Dog Brewery,7.4,IPA - New England / Hazy,Can 440ml,440,15.8,IPA
CYCT: Nozzles,6.95,Netherlands,3.97,Moersleutel Craft Brewery,9.0,IPA - Triple New England / Hazy,Can 440ml,440,15.8,IPA
Einen Sitzen – DDH Double Neipa,6.95,Scotland,3.71,Bierboutique Konstanz,8.3,DDH Double IPA,Can 440ml,440,15.8,DDH Double IPA
Superdelic – Imperial IPA,6.95,Germany,3.93,FrauGruber Brewing,7.8,IPA - Imperial / Double,Can 440ml,440,15.8,IPA
All Your Hops Are Belong To Us,6.95,Netherlands,3.94,White Dog Brewery,7.4,IPA - New England / Hazy,Can 440ml,440,15.8,IPA
Heavy Metal Jacket,6.95,England,4.11,Pentrich Brewing Co.,8.5,IPA - Imperial / Double,Can 440ml,440,15.8,IPA
Frau Gruber / Bevog Bootie Cooler,6.95,Germany,3.9,FrauGruber Brewing,7.2,IPA - Other,Can 440ml,440,15.8,IPA
Butchers Banquet – Triple IPA,6.95,Germany,3.96,FrauGruber Brewing,10.2,IPA - Triple New England / Hazy,Can 440ml,440,15.8,IPA
De Moersleutel 8 Year Anniversary Serie: Jupiter,6.95,Netherlands,3.84,Moersleutel Craft Brewery,9.0,IPA - Imperial / Double New England / Hazy,Can 440ml,440,15.8,IPA
For the Love of Hops 'Scarlet',6.95,Netherlands,4.03,Brouwerij Frontaal,9.5,IPA - Triple New England / Hazy,Can 440ml,440,15.8,IPA
Cosmic Series 2024 – Superdelic,6.95,France,4.1,Les Intenables - Craft Beer -,8.0,IPA - Imperial / Double New England / Hazy,Can 440ml,440,15.8,IPA
Planet On Wires,6.95,England,4.12,Pentrich Brewing Co.,8.3,IPA - Imperial / Double,Can 440ml,440,15.8,IPA
Cosmic Series 2024 – Riwaka,6.95,France,4.08,Les Intenables - Craft Beer -,8.0,IPA - Imperial / Double New England / Hazy,Can 440ml,440,15.8,IPA
Fluid Mechanics (bbf: 27-3-25),6.95,Norway,4.14,Salikatt Bryggeri,8.0,IPA - Imperial / Double New England / Hazy,Can 440ml,440,15.8,IPA
Fatal Deviation,6.95,Ireland,3.99,Whiplash,10.0,Stout - Imperial / Double,Can 440ml,440,15.8,Stout
Cloud Nine,6.95,Spain,3.97,SOMA Beer,6.0,IPA - New England / Hazy,Can 440ml,440,15.8,IPA
Denim Denim Denim,6.95,England,3.99,Neon Raptor Brewing Co.,6.2,IPA - New England / Hazy,Can 440ml,440,15.8,IPA
Arpus 7 Year Anniversary Bloody Mary Smoothie Sour Ale,6.95,Latvia,3.63,Ārpus Brewing Co.,6.0,Sour - Tomato / Vegetable Gose,Can 440ml,440,15.8,Sour
PATRONS PROJECT 47.01 // HEATHEN SOUNDS // BARBARIAN HERMIT // STEVEN YOYADA // BERETA BREWING // BLACK IPA,6.95,England,3.76,Northern Monk,7.5,IPA - Black / Cascadian Dark Ale,Can 440ml,440,15.8,IPA
De Moersleutel Dark Side Of The Island,6.95,Netherlands,3.7,Moersleutel Craft Brewery,10.0,Stout - Imperial / Double,Can 440ml,440,15.8,Stout
60/60 Chance,6.95,Germany,3.72,FrauGruber Brewing,8.0,IPA - Imperial / Double New England / Hazy,Can 440ml,440,15.8,IPA
Moersleutel Mexicake Firefighter,6.95,Netherlands,3.97,Moersleutel Craft Brewery,12.0,Stout - Russian Imperial,Can 440ml,440,15.8,Stout
Spandrel,7.9,United States,3.98,Is/Was Brewing,4.9,Farmhouse Ale - Saison,500ml,500,15.8,Farmhouse Ale
Zuyd / Frontaal My Gummy Bear Exploded At The Candy Shop,6.95,Netherlands,2.63,Zuyd Craft,6.5,IPA - New England / Hazy,Can 440ml,440,15.8,IPA
Choco Gringo,6.95,France,3.97,Les Intenables - Craft Beer -,10.5,Stout - Imperial / Double,Can 440ml,440,15.8,Stout
The Piggy 9Club V2,6.95,France,4.04,The Piggy Brewing Company,9.3,IPA - Triple New England / Hazy,Can 440ml,440,15.8,IPA
The Beings for Whom Being Matters,7.9,United States,3.97,Is/Was Brewing,4.9,Farmhouse Ale - Saison,500ml,500,15.8,Farmhouse Ale
Lidmašīnas,6.95,Netherlands,4.05,Brouwerij Frontaal,10.0,Stout - Imperial / Double,Can 440ml,440,15.8,Stout
"Yummy Raspberry, Blackberry & Vanilla Smoothie Sour",7.9,Czech Republic,4.08,Sibeeria,6.1,Sour - Smoothie / Pastry,Can 500ml,500,15.8,Sour
Juice Swinger – Imperial Gose,6.95,Germany,3.72,FrauGruber Brewing,6.8,Sour - Fruited,Can 440ml,440,15.8,Sour
Stacker,6.96,Denmark,3.29,Gamma Brewing Company,2.8,IPA - Session,Can 440ml,440,15.82,IPA
Animal Style,7.49,United States,3.8,Beer Tree Brew,6.5,IPA - American,473ml,473,15.84,IPA
Cloudy Haze - Simcoe,7.49,United States,3.94,Beer Tree Brew,5.0,Pale Ale - New England / Hazy,473ml,473,15.84,Pale Ale
Craft All Day,7.49,United States,3.74,Beer Tree Brew,5.0,IPA - Session,473ml,473,15.84,IPA
Slightly Fuzzy Blueberry Lime,7.49,United States,3.92,Beer Tree Brew,4.5,Sour - Berliner Weisse,473ml,473,15.84,Sour
Super Pacific,7.49,United States,3.82,Beer Tree Brew,6.9,IPA - American,473ml,473,15.84,IPA
Any Day's Haze,7.49,United States,3.98,Beer Tree Brew,6.3,IPA - New England / Hazy,473ml,473,15.84,IPA
Blueberry Cheesecake,7.49,United States,4.13,Great Notion Brewing,6.6,Sour - Fruited,473ml,473,15.84,Sour
Cloudy Haze - Citra,7.49,United States,3.94,Beer Tree Brew,5.8,Pale Ale - New England / Hazy,473ml,473,15.84,Pale Ale
POG Frog,7.49,United States,3.99,Great Notion Brewing,6.0,Sour - Fruited,473ml,473,15.84,Sour
DDH Island Time,7.49,United States,4.11,Mill 77 Brewing,6.5,IPA - New England / Hazy,473ml,473,15.84,IPA
Deer Hunter (2024),5.23,Netherlands,3.98,Brouwerij Frontaal,10.0,Stout - Russian Imperial,330ml,330,15.85,Stout
Mango Split,5.23,Italy,3.8,Ritual Lab,8.0,IPA - Imperial / Double,Can 330ml,330,15.85,IPA
Frontaal / Pohjala No Way Out,5.23,Netherlands,3.85,Brouwerij Frontaal,10.0,Barleywine - Other,330ml,330,15.85,Barleywine
Riding For The Feeling (Pilsner Italian),7.5,United States,3.74,Resident Culture Brewing Co.,5.0,Pilsner - Italian,473ml,473,15.86,Pilsner
Green City,7.5,United States,4.15,Other Half Brewing Co.,7.0,IPA - New England / Hazy,473ml,473,15.86,IPA
Willivar (Lager – Svetlé),7.5,Canada,3.64,Willibald Farm Brewery,5.0,Lager - Světlé (Czech Pale),473ml,473,15.86,Lager
Common Roots Party Shirt Fridays: Pineapple,7.5,United States,4.05,Hoof Hearted Brewing,6.9,IPA - New England / Hazy,473ml,473,15.86,IPA
Death Swings a Scythe,7.5,United States,3.65,Electric Brewing Company,5.0,Lager - Helles,473ml,473,15.86,Lager
Speedway Stout Tart Cherry,7.5,United States,3.82,AleSmith Brewing Company,12.0,Stout - Russian Imperial,473ml,473,15.86,Stout
Benjelz,7.5,United States,3.74,The Veil Brewing Co.,5.6,Farmhouse Ale - Saison,473ml,473,15.86,Farmhouse Ale
Soul of the World,7.5,United States,4.29,Electric Brewing Company,10.0,IPA - Triple New England / Hazy,473ml,473,15.86,IPA
Hop Beard,7.5,United States,3.88,Fonta Flora Brewery,7.0,IPA - American,Can 473ml,473,15.86,IPA
Desert Flora (Table Beer),7.5,United States,3.43,The Bruery,3.5,Table Beer,473ml,473,15.86,Table Beer
Sorte (Altbier),7.5,United States,3.89,Resident Culture Brewing Co.,5.0,Altbier - Traditional,473ml,473,15.86,Altbier
Lost But Not Forgotten (ESB),7.5,United States,3.88,Resident Culture Brewing Co.,5.4,Bitter - Extra Special / Strong (ESB),473ml,473,15.86,Bitter
Proper Trollied (Mild Dark),7.5,United States,3.75,Phase Three Brewing,3.9,Mild - Dark,473ml,473,15.86,Mild
Tree of Knowledge,7.5,United States,4.29,Electric Brewing Company,10.0,IPA - Triple New England / Hazy,473ml,473,15.86,IPA
Elementary Spirits,7.5,United States,4.24,Electric Brewing Company,8.5,IPA - Imperial / Double New England / Hazy,473ml,473,15.86,IPA
Full Sleeve,7.5,United States,3.94,Black Flag Brewing Company,10.0,Stout - Imperial / Double,473ml,473,15.86,Stout
Escape,7.5,United States,3.86,Offshoot Beer Co.,7.1,IPA - American,Can 473ml,473,15.86,IPA
Potable Gold,7.5,United States,4.24,Electric Brewing Company,8.5,IPA - Imperial / Double,473ml,473,15.86,IPA
I Could Eat A Peach For Hours,5.95,Portugal,3.56,Fermentage,5.2,Farmhouse Ale - Grisette,Bottle 375ml,375,15.87,Farmhouse Ale
Lambiek Fabriek: Jart-Elle Oude Kriek 2022,5.95,Belgium,3.89,Lambiek Fabriek,6.0,Lambic - Kriek,Bottle 375ml,375,15.87,Lambic
Head In The Clouds,5.95,Portugal,3.69,Fermentage,5.0,Farmhouse Ale - Saison,Bottle 375ml,375,15.87,Farmhouse Ale
Oude Gueuze 2017/2018,5.95,Belgium,4.25,Gueuzerie Tilquin,7.0,Lambic - Gueuze,Bottle 375ml,375,15.87,Lambic
Brett-Elle Oude Geuze Magnum,23.8,Belgium,3.93,Lambiek Fabriek,5.5,Lambic - Gueuze,Bottle 1500ml,1500,15.87,Lambic
Timmermans Brasserie de la Taupe Brewer's Desire 2017,11.9,Belgium,3.71,Brewery John Martin & Brewery Timmermans,7.5,Brett Beer,Bottle 750ml,750,15.87,Brett Beer
Ozni 4 Fruits Rouges,11.9,France,3.84,La Fabule,6.5,Wild Ale - Other,Bottle 750ml,750,15.87,Wild Ale
Temporalis #0024 (Canned: 23-9-24),11.9,Canada,4.34,Messorem,10.2,IPA - Triple New England / Hazy,Bottle 750ml,750,15.87,IPA
Bug Paradise,5.95,Portugal,3.84,Fermentage,5.0,Sour - Other,Bottle 375ml,375,15.87,Sour
Ozni 6 Prunelle,11.9,France,3.81,La Fabule,7.3,Wild Ale - Other,Bottle 750ml,750,15.87,Wild Ale
Temporalis #0023 (Canned: 10-9-24),11.9,Canada,4.42,Messorem,10.1,IPA - Triple New England / Hazy,Bottle 750ml,750,15.87,IPA
2019.002 White Label Dark Ale Tawny Port BA,5.24,Netherlands,3.8,Brouwerij Emelisse,9.0,Dark Ale,330ml,330,15.88,Dark Ale
Bruin  - VINTAGE 2015,5.24,Belgium,3.34,Brouwerij Loterbol,8.0,Belgian Strong Dark Ale,330ml,330,15.88,Belgian Strong Dark Ale
Fuerst Wiacek Space Jelly,6.99,Germany,3.98,FUERST WIACEK,6.8,IPA - American,Can 440ml,440,15.89,IPA
Apricot X Blackberry X Cherry X Raspberry Smoothie Sour Ale,6.99,Latvia,4.05,Ārpus Brewing Co.,5.5,Sour - Smoothie / Pastry,Can 440ml,440,15.89,Sour
Faith In Futures DDH Hazy IPA,6.99,England,3.8,Northern Monk,6.5,IPA - New England / Hazy,Can 440ml,440,15.89,IPA
Afterthought (2024),6.99,Romania,3.68,Blackout Brewing,8.0,IPA - Imperial / Double,Can 440ml,440,15.89,IPA
Atelier Vrai Flood The Zone With Shit,6.99,Germany,4.08,Atelier der Braukünste,7.8,IPA - Imperial / Double New England / Hazy,Can 440ml,440,15.89,IPA
BAE,6.99,Spain,4.06,SOMA Beer,6.0,IPA - New England / Hazy,Can 440ml,440,15.89,IPA
Freedom Don't Come Free,6.99,Brazil,4.19,Spartacus Brewing,6.5,IPA - New England / Hazy,Can 440ml,440,15.89,IPA
AURA,6.99,Spain,4.11,SOMA Beer,6.5,IPA - New England / Hazy,Can 440ml,440,15.89,IPA
Almond Ganache Bulldozer,6.99,Netherlands,4.03,Moersleutel Craft Brewery,11.0,Stout - Imperial / Double Pastry,Can 440ml,440,15.89,Stout
Surveillance Does,6.99,England,3.95,Azvex Brewing Company,6.5,IPA - New England / Hazy,Can 440ml,440,15.89,IPA
Hazedelic Daydream Triple DH DIPA,6.99,Germany,4.02,Sudden Death Brewing Co.,8.0,IPA - Imperial / Double,Can 440ml,440,15.89,IPA
Moersleutel Nectar Fusion,6.99,Netherlands,3.85,Moersleutel Craft Brewery,11.0,Rye Wine,Can 440ml,440,15.89,Rye Wine
"Turkey Dressing Fruit Sour 0,44",6.99,Germany,4.17,Sudden Death Brewing Co.,0.5,Sour - Fruited,Can 440ml,440,15.89,Sour
Blades of Steel 2,6.99,Germany,4.11,Sudden Death Brewing Co.,6.5,IPA - New England / Hazy,Can 440ml,440,15.89,IPA
Heavenly Hops Soothsayer NEIPA,6.99,Denmark,3.82,Amager Bryghus,6.5,IPA - New England / Hazy,Can 440ml,440,15.89,IPA
Eazzzy Heavily Hopped Session IPA,6.99,Romania,3.96,Bereta Brewing Co.,4.9,IPA - Session,Can 440ml,440,15.89,IPA
Synaptic Connection Heavily Hopped IPA,6.99,Romania,3.94,Bereta Brewing Co.,6.1,IPA - New England / Hazy,Can 440ml,440,15.89,IPA
Septic Thoughts Heavily Hopped IPA,6.99,Romania,3.92,Bereta Brewing Co.,6.1,IPA - New England / Hazy,Can 440ml,440,15.89,IPA
Good Behaviour Heavily Hopped IPA,6.99,Romania,3.82,Bereta Brewing Co.,6.4,IPA - New England / Hazy,Can 440ml,440,15.89,IPA
Moersleutel It Takes Two,6.99,Netherlands,4.07,Moersleutel Craft Brewery,12.0,Stout - Imperial / Double,Can 440ml,440,15.89,Stout
Temple Heavily Hopped IPA,6.99,Romania,3.76,Bereta Brewing Co.,6.0,IPA - New England / Hazy,Can 440ml,440,15.89,IPA
Simcoe Single Hop DDH DIPA,6.99,Germany,3.83,Unverhopft,8.5,IPA - Imperial / Double New England / Hazy,Can 440ml,440,15.89,IPA
ADRENOCHROME,6.99,Spain,3.84,Garage Beer Co.,7.0,Stout - Oatmeal,Can 440ml,440,15.89,Stout
Drome,6.99,England,3.96,Cloudwater Brew Co.,6.0,IPA - New England / Hazy,Can 440ml,440,15.89,IPA
Aura,6.99,Spain,4.11,SOMA Beer,6.5,IPA - New England / Hazy,Can 440ml,440,15.89,IPA
Dawn,6.99,Finland,4.09,Revenant Brewing Project,8.5,IPA - Imperial / Double New England / Hazy,Can 440ml,440,15.89,IPA
Cocina Vasca,6.99,Spain,4.02,Basqueland Brewing,8.0,IPA - Imperial / Double New England / Hazy,Can 440ml,440,15.89,IPA
Fuerst Wiacek Don't Get Hit By Lightning DDH IPA (New Batch 24),6.99,Germany,3.93,FUERST WIACEK,7.6,IPA - American,Can 440ml,440,15.89,IPA
Screwball Raspberry Ripple Ice Cream Bubblegum,6.99,England,3.72,Northern Monk,4.5,Pale Ale - Milkshake,Can 440ml,440,15.89,Pale Ale
My Gummy Bear Exploded At the Candy Shop,6.99,Netherlands,2.63,Zuyd Craft,6.5,IPA - New England / Hazy,Can 440ml,440,15.89,IPA
Fuerst Wiacek Impresario DDH IPA ( 24),6.99,Germany,4.17,FUERST WIACEK,6.8,IPA - New England / Hazy,Can 440ml,440,15.89,IPA
Fuerst Wiacek Over The Moon DDH IPA ( 24),6.99,Germany,3.85,FUERST WIACEK,6.8,IPA - New England / Hazy,Can 440ml,440,15.89,IPA
Fuerst Wiacek Impresario,6.99,Germany,4.05,FUERST WIACEK,6.8,IPA - New England / Hazy,Can 440ml,440,15.89,IPA
Arpus Hopchest DDH DIPA,6.99,Latvia,3.87,Ārpus Brewing Co.,7.5,IPA - Imperial / Double New England / Hazy,Can 440ml,440,15.89,IPA
Hazy IPA,6.99,United States,3.77,Mason Ale Works,7.0,IPA - New England / Hazy,Can 440ml,440,15.89,IPA
Tumeaine - keykeg,317.8,Estonia,4.09,Pühaste Brewery,11.0,Stout - Imperial / Double Coffee,20000ml,20000,15.89,Stout
Mexicake Firefighter,6.99,Netherlands,3.97,Moersleutel Craft Brewery,12.0,Stout - Russian Imperial,Can 440ml,440,15.89,Stout
Dead 'N' Dead,6.99,United States,3.86,Rogue Ales,9.5,Bock - Hell / Maibock / Lentebock,Can 440ml,440,15.89,Bock
Cereal Spooner (red berry),6.99,Scotland,4.02,Vault City Brewing,6.3,Sour - Smoothie / Pastry,Can 440ml,440,15.89,Sour
Mint 400,6.99,Spain,4.09,Garage Beer Co.,7.2,IPA - New England / Hazy,Can 440ml,440,15.89,IPA
Fuerst Wiacek Space Jelly DDH IPA (),6.99,Germany,3.98,FUERST WIACEK,6.8,IPA - American,Can 440ml,440,15.89,IPA
Whirly Brain (2024),6.99,Germany,4.08,FUERST WIACEK,8.0,IPA - Imperial / Double New England / Hazy,Can 440ml,440,15.89,IPA
Fuerst Wiacek Spells,6.99,Germany,4.0,FUERST WIACEK,6.8,IPA - New England / Hazy,Can 440ml,440,15.89,IPA
Fuerst Wiacek Sunburst,6.99,Germany,3.82,FUERST WIACEK,5.0,Sour - Fruited,Can 440ml,440,15.89,Sour
"Fuerst Wiacek x Uchu Brewing Sunburst Pineapple, Mango & Lime Smoothie Sour",6.99,Germany,3.82,FUERST WIACEK,5.0,Sour - Fruited,Can 440ml,440,15.89,Sour
Fuerst Wiacek Spells DDH IPA (NEW Batch),6.99,Germany,4.0,FUERST WIACEK,6.8,IPA - New England / Hazy,Can 440ml,440,15.89,IPA
9Club V2,6.99,France,4.04,The Piggy Brewing Company,9.3,IPA - Triple New England / Hazy,Can 440ml,440,15.89,IPA
Second Breakfast,6.99,France,4.07,Prizm Brewing Co.,11.0,Stout - Imperial / Double,Can 440ml,440,15.89,Stout
Greatest Fear,6.99,France,3.94,Prizm Brewing Co.,11.0,Stout - Imperial / Double,Can 440ml,440,15.89,Stout
Fuerst Wiacek Fisticuffs & Flowers,6.99,Germany,4.0,FUERST WIACEK,6.8,IPA - New England / Hazy,Can 440ml,440,15.89,IPA
Welcome Home From Prison Mom,6.99,Germany,3.8,FrauGruber Brewing,8.6,IPA - Imperial / Double,Can 440ml,440,15.89,IPA
Anniversary 09 Imperial Stout,6.99,Netherlands,3.8,Brouwerij Kees,9.99,Stout - Imperial / Double,Can 440ml,440,15.89,Stout
Mayday NEIPA,6.99,France,4.09,La Superbe,6.1,IPA - New England / Hazy,Can 440ml,440,15.89,IPA
Hazy Dreams DDH IPA,6.99,France,3.96,La Superbe,6.5,IPA - New England / Hazy,Can 440ml,440,15.89,IPA
Strut,6.99,Sweden,3.68,Stigbergets Bryggeri,5.0,Pale Ale - American,Can 440ml,440,15.89,Pale Ale
Super Juicebox Megamix Turbo,6.99,France,3.92,Mogwaï Beer Company,4.5,Sour - Smoothie / Pastry,Can 440ml,440,15.89,Sour
Clutch The Pearls,6.99,England,3.92,Pomona Island Brew Co.,5.0,Pale Ale - New England / Hazy,Can 440ml,440,15.89,Pale Ale
Son of a Gun,6.99,Norway,4.26,Salikatt Bryggeri,12.0,IPA - Quadruple,Can 440ml,440,15.89,IPA
Even Sharks Need Water (esnw),6.99,England,4.08,Verdant Brewing Co,6.5,IPA - New England / Hazy,Can 440ml,440,15.89,IPA
Carpe Noctem,6.99,Germany,4.06,Sudden Death Brewing Co.,6.5,IPA - New England / Hazy,Can 440ml,440,15.89,IPA
Fuerst Wiacek x Yakima Chief Hops Invisible Eyes DDH IPA,6.99,Germany,4.03,FUERST WIACEK,6.8,IPA - New England / Hazy,Can 440ml,440,15.89,IPA
Double Oat Stout,6.99,Scotland,3.9,Holy Goat Brewing,8.4,Stout - Oatmeal,Can 440ml,440,15.89,Stout
Patrons Project 43.03 // Great Northern Grub // Jamie Nash // Trifle Ale,6.99,England,3.63,Northern Monk,6.0,Pale Ale - Fruited,Can 440ml,440,15.89,Pale Ale
Pineapple X Lime X Coconut X Vanilla Smoothie Sour Ale,6.99,Latvia,4.12,Ārpus Brewing Co.,4.5,Sour - Fruited,Can 440ml,440,15.89,Sour
Beam Cannon (canned: 25-7-24),6.99,England,4.05,Azvex Brewing Company,7.0,IPA - New England / Hazy,Can 440ml,440,15.89,IPA
Sun City,6.99,Estonia,3.53,Põhjala,5.0,Sour - Fruited Berliner Weisse,Can 440ml,440,15.89,Sour
New Weather,6.99,Norway,4.05,Marlobobo's Megabear,8.0,IPA - Imperial / Double New England / Hazy,Can 440ml,440,15.89,IPA
Whirley Brain (2024),6.99,Germany,4.08,FUERST WIACEK,8.0,IPA - Imperial / Double New England / Hazy,Can 440ml,440,15.89,IPA
Boozy Smoothee,6.99,England,3.66,Yonder Brewing & Blending,6.0,Sour - Smoothie / Pastry,Can 440ml,440,15.89,Sour
HUM,6.99,England,3.87,Beak Brewery,4.8,Pale Ale - New England / Hazy,Can 440ml,440,15.89,Pale Ale
IPOP! Tart Tango,6.99,United States,3.73,Mason Ale Works,4.6,Sour - Fruited,Can 440ml,440,15.89,Sour
Lode Of Gold TDH DIPA,6.99,Germany,4.05,Sudden Death Brewing Co.,7.7,IPA - Imperial / Double New England / Hazy,Can 440ml,440,15.89,IPA
Six One Nine Fruit Sour,6.99,Germany,3.91,Sudden Death Brewing Co.,5.1,Sour - Fruited,Can 440ml,440,15.89,Sour
Heavenly Hops Diviner DH Hazy IPA,6.99,Denmark,3.84,Amager Bryghus,7.0,IPA - New England / Hazy,Can 440ml,440,15.89,IPA
Amager/Goose Island Rye King Stout,6.99,Denmark,3.73,Amager Bryghus/ Goose Island Beer Co.,7.7,Stout - American,Can 440ml,440,15.89,Stout
WILL IT FLOAT #9,6.99,Netherlands,4.18,White Dog Brewery,6.0,Sour - Smoothie / Pastry,Can 440ml,440,15.89,Sour
Blueprint (Galaxy),6.99,Netherlands,4.12,Folkingebrew,8.5,IPA - Imperial / Double New England / Hazy,Can 440ml,440,15.89,IPA
Fuerst Wiacek Color Television DDH IPA ( 24),6.99,Germany,3.94,FUERST WIACEK,6.8,IPA - New England / Hazy,Can 440ml,440,15.89,IPA
Strawberry Banana Cream Pastry Sour,6.99,Germany,3.78,FrauGruber Brewing,6.2,Sour - Smoothie / Pastry,Can 440ml,440,15.89,Sour
The Beast Within DH Hazy IPA,6.99,Denmark,3.71,Amager Bryghus,6.0,IPA - New England / Hazy,Can 440ml,440,15.89,IPA
King Of Denmark DH West Coast IPA,6.99,Denmark,3.7,Amager Bryghus,7.0,IPA - American,Can 440ml,440,15.89,IPA
Gloryville DH Hazy IPA,6.99,Denmark,3.69,Amager Bryghus,6.5,IPA - New England / Hazy,Can 440ml,440,15.89,IPA
Sudden Death Drunken Pumpkin Spiced Amber Ale,6.99,Germany,3.32,Braumanufaktur Hertl/ Sudden Death Brewing Co.,6.66,Pumpkin / Yam Beer,Can 440ml,440,15.89,Pumpkin / Yam Beer
Warrior,6.99,Brazil,4.26,Spartacus Brewing,8.5,IPA - Imperial / Double New England / Hazy,Can 440ml,440,15.89,IPA
Jumbo King (2024),6.99,England,4.3,Pentrich Brewing Co.,8.0,IPA - Imperial / Double New England / Hazy,Can 440ml,440,15.89,IPA
Wyrm Food,6.99,England,4.15,Azvex Brewing Company,8.4,IPA - Imperial / Double New England / Hazy,Can 440ml,440,15.89,IPA
Back Again Triple IPA,6.99,Germany,3.95,FrauGruber Brewing,9.8,IPA - Triple New England / Hazy,Can 440ml,440,15.89,IPA
Fuerst Wiacek Stereo DDH IPA,6.99,Germany,4.02,FUERST WIACEK,6.8,IPA - New England / Hazy,Can 440ml,440,15.89,IPA
Tearing of Souls,6.99,Germany,4.16,Sudden Death Brewing Co.,8.5,IPA - Imperial / Double,Can 440ml,440,15.89,IPA
HERE COMES THE GERÔNIMO,6.99,Brazil,4.18,Salvador Brewing Co.,8.0,IPA - Imperial / Double New England / Hazy,Can 440ml,440,15.89,IPA
Transient,6.99,England,3.94,Northern Monk,7.0,IPA - New England / Hazy,Can 440ml,440,15.89,IPA
All the Beatiful Things,6.99,Brazil,4.17,Cervejaria Escafandrista,8.0,IPA - Imperial / Double New England / Hazy,Can 440ml,440,15.89,IPA
MONSTROSITY PART 2,6.99,Netherlands,4.24,White Dog Brewery,11.0,Stout - Imperial / Double Pastry,Can 440ml,440,15.89,Stout
Supreme Guard,6.99,Spain,4.07,Basqueland Brewing,10.0,IPA - Triple,Can 440ml,440,15.89,IPA
Fuerst Wiacek Smooth Mover DDH IPA (),6.99,Germany,4.14,FUERST WIACEK,6.8,IPA - New England / Hazy,Can 440ml,440,15.89,IPA
Juleglød 2024,6.99,Norway,3.92,Salikatt Bryggeri,10.0,Belgian Quadrupel,Can 440ml,440,15.89,Belgian Quadrupel
Blueprint Enigma,6.99,Netherlands,4.13,Folkingebrew,8.5,IPA - Imperial / Double New England / Hazy,Can 440ml,440,15.89,IPA
Blueprint Galaxy,6.99,Netherlands,4.12,Folkingebrew,8.5,IPA - Imperial / Double New England / Hazy,Can 440ml,440,15.89,IPA
STRIPFIRE,6.99,Spain,4.15,Garage Beer Co.,9.5,IPA - Triple New England / Hazy,Can 440ml,440,15.89,IPA
Citra In Love: Riwaka,6.99,Sweden,3.94,Fermenterarna,8.2,IPA - Imperial / Double New England / Hazy,Can 440ml,440,15.89,IPA
Purple People Eater,6.99,Spain,3.62,Basqueland Brewing,5.9,Sour - Fruited,Can 440ml,440,15.89,Sour
They Went On Forever,6.99,England,4.03,Verdant Brewing Co,6.0,IPA - New England / Hazy,Can 440ml,440,15.89,IPA
Back To Black Imperial Stout,6.99,Spain,3.83,Cierzo Brewing Co./ HomoSibaris,9.0,Stout - Imperial / Double,Can 440ml,440,15.89,Stout
Double Up On Xmas,6.99,Denmark,3.79,Amager Bryghus,9.0,IPA - Imperial / Double New England / Hazy,Can 440ml,440,15.89,IPA
Funky Foursome,6.99,Netherlands,4.05,KOMPAAN Dutch Craft Beer Company,12.0,Belgian Quadrupel,Can 440ml,440,15.89,Belgian Quadrupel
Cherry First Imperial Fruited Sour,6.99,Germany,3.64,Blech.Brut,9.2,Sour - Fruited,Can 440ml,440,15.89,Sour
10yrs x Uchu Brewing,6.99,England,4.04,Verdant Brewing Co,6.5,IPA - Fruited,Can 440ml,440,15.89,IPA
Cryo Overture,6.99,Netherlands,4.09,Folkingebrew,10.0,IPA - Triple New England / Hazy,Can 440ml,440,15.89,IPA
Hyper Drift,6.99,Spain,4.08,Garage Beer Co.,8.2,IPA - Imperial / Double,Can 440ml,440,15.89,IPA
Banana X Mango X Pineapple Smoothie Sour Ale,6.99,Latvia,4.22,Ārpus Brewing Co.,4.5,Sour - Smoothie / Pastry,Can 440ml,440,15.89,Sour
Madhouse DDH IPA,6.99,Hungary,3.72,Mad Scientist,5.5,IPA - New England / Hazy,Can 440ml,440,15.89,IPA
10yrs x Garage Project,6.99,England,4.18,Verdant Brewing Co,6.5,IPA - New England / Hazy,Can 440ml,440,15.89,IPA
10th Birthday Cake Celebration Pastore,6.99,Norway,3.73,Amundsen Brewery,6.0,Sour - Smoothie / Pastry,Can 440ml,440,15.89,Sour
IPOP! Painkiller / Barrel Theory,6.99,United States,3.73,Mason Ale Works,5.5,Fruit Beer,Can 440ml,440,15.89,Fruit Beer
Fuerst Wiacek Smooth Mover,6.99,Germany,4.01,FUERST WIACEK,6.8,IPA - New England / Hazy,Can 440ml,440,15.89,IPA
Destroying Fine Arts,6.99,France,3.99,Prizm Brewing Co.,8.0,IPA - Imperial / Double,Can 440ml,440,15.89,IPA
For the Love of Hops 'Indigo',6.99,Netherlands,3.8,Brouwerij Frontaal,9.5,IPA - Triple,Can 440ml,440,15.89,IPA
Les Yeux du Crocodile,6.99,France,3.99,Fauve,7.0,IPA - New England / Hazy,Can 440ml,440,15.89,IPA
Low Tide,6.99,Finland,4.07,Factory Brewing,8.0,IPA - Imperial / Double New England / Hazy,Can 440ml,440,15.89,IPA
MONSTROSITY PART 1,6.99,Netherlands,4.44,White Dog Brewery,11.0,Stout - Imperial / Double Pastry,Can 440ml,440,15.89,Stout
Cosmic Wonder Bird,6.99,Netherlands,4.09,Moersleutel Craft Brewery,12.0,Stout - Imperial / Double Pastry,Can 440ml,440,15.89,Stout
Recurring Dream Hazy IPA,6.99,Spain,3.65,Cierzo Brewing Co.,6.0,IPA - New England / Hazy,Can 440ml,440,15.89,IPA
Steezy DDH (bbf: 04-25),6.99,United States,4.16,Outer Range Brewing Co.,7.2,IPA - New England / Hazy,Can 440ml,440,15.89,IPA
"The Garden Brewery/Fausto Mango, Lime & Raspberry Imperial Berliner Weisse",6.99,Croatia,3.73,The Garden Brewery,7.3,Sour - Berliner Weisse,Can 440ml,440,15.89,Sour
Jewels,6.99,Germany,4.08,FUERST WIACEK,10.0,Stout - Imperial / Double Coffee,Can 440ml,440,15.89,Stout
Cierzo/Salama The Beast Hazy DIPA,6.99,Spain,3.9,Cierzo Brewing Co.,7.6,IPA - Imperial / Double New England / Hazy,Can 440ml,440,15.89,IPA
Autumn Hero,6.99,Denmark,3.76,To Øl,6.0,IPA - New England / Hazy,Can 440ml,440,15.89,IPA
Consonance 1019,6.99,Denmark,3.71,To Øl,5.5,Pale Ale - New England / Hazy,Can 440ml,440,15.89,Pale Ale
Lawrence of Arabica Porter,6.99,Denmark,3.78,Amager Bryghus,7.0,Porter - Coffee,Can 440ml,440,15.89,Porter
Quantum Kitty Blackberry Fruit Sour,6.99,Germany,4.14,Sudden Death Brewing Co.,5.1,Sour - Fruited,Can 440ml,440,15.89,Sour
Somewhere In Texas Fruit Sour,6.99,Germany,4.02,Sudden Death Brewing Co.,5.5,Sour - Fruited,Can 440ml,440,15.89,Sour
Mango X Apricot X Pineapple X Cherry X Coconut X Vanilla Smoothie Sour Ale,6.99,Latvia,4.24,Ārpus Brewing Co.,5.0,Sour - Smoothie / Pastry,Can 440ml,440,15.89,Sour
WAVY,6.99,Spain,4.08,SOMA Beer,6.5,IPA - New England / Hazy,Can 440ml,440,15.89,IPA
FAITH IN FUTURES // AMY HASTINGS // DDH HAZY IPA,6.99,England,3.8,Northern Monk,6.5,IPA - New England / Hazy,Can 440ml,440,15.89,IPA
Twisted Transistor Triple IPA,6.99,Germany,4.09,FrauGruber Brewing,10.2,IPA - Triple New England / Hazy,Can 440ml,440,15.89,IPA
Yule Juice Winter NEIPA,6.99,Denmark,3.73,Amager Bryghus,6.5,IPA - New England / Hazy,Can 440ml,440,15.89,IPA
Color Cascade NEIPA,6.99,Germany,4.05,Blech.Brut,6.5,IPA - New England / Hazy,Can 440ml,440,15.89,IPA
Cambier / Thiriez Juicy Table Beer,6.99,France,3.81,Brasserie Cambier,3.0,Table Beer,Can 440ml,440,15.89,Table Beer
Peninsula Vista DDH Hazy IPA,6.99,Spain,3.94,Cervecera Península,6.8,IPA - New England / Hazy,Can 440ml,440,15.89,IPA
Peninsula/FrauGruber Entre Amigos DDH Hazy IPA,6.99,Spain,3.85,Cervecera Península,6.0,IPA - New England / Hazy,Can 440ml,440,15.89,IPA
Peninsula Golden Hour Hazy IPA,6.99,Spain,3.8,Cervecera Península,5.8,IPA - New England / Hazy,Can 440ml,440,15.89,IPA
Peninsula Suede New England IPA,6.99,Spain,3.76,Cervecera Península,5.2,IPA - New England / Hazy,Can 440ml,440,15.89,IPA
Harris On Cocaine,6.99,Hungary,3.72,Mad Scientist,6.5,IPA - American,Can 440ml,440,15.89,IPA
Dream House IPA,6.99,England,3.85,Left Handed Giant Brewing,5.9,Pale Ale - New England / Hazy,Can 440ml,440,15.89,Pale Ale
LACURA 24,6.99,Spain,4.01,Garage Beer Co.,7.0,IPA - New England / Hazy,Can 440ml,440,15.89,IPA
Sibeeria I Love The Smell Of Mosaic In The Morning,7.95,Czech Republic,3.98,Sibeeria,6.1,IPA - New England / Hazy,500ml,500,15.9,IPA
Saturated in Citra,7.95,England,4.26,DEYA Brewing Company,8.0,IPA - Imperial / Double New England / Hazy,500ml,500,15.9,IPA
Sibeeria I Love The Smell Of Nelson Sauvin In The Morning,7.95,Czech Republic,4.07,Sibeeria,6.9,IPA - New England / Hazy,500ml,500,15.9,IPA
Dubbel Kruikje,7.95,Netherlands,3.57,Hertog Jan,7.3,Belgian Dubbel,500ml,500,15.9,Belgian Dubbel
Dubbel Kruik,7.95,Netherlands,3.57,Hertog Jan,7.3,Belgian Dubbel,500ml,500,15.9,Belgian Dubbel
Onna-Musha Dryhopped Hazy IPA,7.0,Denmark,3.59,Amager Bryghus,7.0,IPA - New England / Hazy,Can 440ml,440,15.91,IPA
Terrazzo,7.0,Netherlands,3.97,Poolside Brewing,8.5,IPA - Imperial / Double New England / Hazy,Can 440ml,440,15.91,IPA
Strawberry Line,5.25,England,3.67,The Wild Beer Co,6.5,Sour - Fruited,330ml,330,15.91,Sour
Kodu,5.25,Estonia,3.96,Põhjala,10.6,Porter - Imperial / Double Baltic,330ml,330,15.91,Porter
Stille Nacht 2024,5.25,Belgium,4.11,Brouwerij De Dolle Brouwers,12.0,Belgian Strong Golden Ale,330ml,330,15.91,Belgian Strong Golden Ale
Sleigher Brown Ale,7.0,Denmark,3.37,Bad Seed Brewing,5.5,Brown Ale - English,Can 440ml,440,15.91,Brown Ale
SuikerOhm BA Woodford & Weller Bourbon,5.25,Netherlands,3.49,100 Watt Brewery,11.0,Barleywine - English,330ml,330,15.91,Barleywine
Hoppudō,7.0,France,3.86,Prizm Brewing Co.,8.0,IPA - Imperial / Double Milkshake,Can 440ml,440,15.91,IPA
Lucky Tonka Vanilla & Coffee,7.0,Netherlands,4.07,Moersleutel Craft Brewery,12.0,Stout - Imperial / Double Pastry,Can 440ml,440,15.91,Stout
Modulus,7.0,Netherlands,3.91,Moersleutel Craft Brewery,8.0,IPA - Imperial / Double New England / Hazy,Can 440ml,440,15.91,IPA
Black Damnation 03 Black Mess,5.25,Belgium,4.08,De Struise Brouwers,13.0,Stout - Russian Imperial,330ml,330,15.91,Stout
Dexter Gyros,7.0,France,3.81,Prizm Brewing Co.,8.3,Sour - Smoothie / Pastry,Can 440ml,440,15.91,Sour
Spectrum Shift,5.25,Estonia,4.05,Pühaste Brewery,10.0,IPA - Triple New England / Hazy,330ml,330,15.91,IPA
Haze From the Crypt: Hell Champion,7.0,Germany,4.02,Sudden Death Brewing Co.,6.5,IPA - New England / Hazy,Can 440ml,440,15.91,IPA
Fruitbooter,5.25,England,3.74,The Wild Beer Co,5.1,Sour - Fruited,330ml,330,15.91,Sour
Vatted Porter,7.0,England,3.86,The Kernel Brewery,7.8,Porter - Other,Can 440ml,440,15.91,Porter
Heavenly Hops Soothsayer IPA,7.0,Denmark,3.82,Amager Bryghus,6.5,IPA - New England / Hazy,Can 440ml,440,15.91,IPA
Donut Series 2.0 Pecan Chocolate With Maple Cream Cheese Frosting Pastry Stout,7.0,Norway,3.87,Amundsen Brewery,7.0,Stout - Pastry,Can 440ml,440,15.91,Stout
200 Units – Barley Wine,5.25,Sweden,3.83,Brewski,11.0,Barleywine - English,330ml,330,15.91,Barleywine
To Do List,7.0,Spain,4.09,SOMA Beer,7.0,IPA - New England / Hazy,Can 440ml,440,15.91,IPA
HEAVEN CRASHERS,7.0,Romania,4.1,Ignat Brewery (Bere Noah),7.0,IPA - New England / Hazy,Can 440ml,440,15.91,IPA
Clowns,7.0,Netherlands,4.25,White Dog Brewery,10.0,IPA - Triple New England / Hazy,Can 440ml,440,15.91,IPA
45 Days of Darkness Doppelbock,5.25,Denmark,3.63,To Øl,10.0,Bock - Doppelbock,330ml,330,15.91,Bock
Liquid Desserts 28,5.25,Netherlands,3.73,Big Belly Brewing Company,11.0,Belgian Quadrupel,330ml,330,15.91,Belgian Quadrupel
Melon Boat,7.0,England,3.71,Yonder Brewing & Blending,4.5,Sour - Fruited,Can 440ml,440,15.91,Sour
Esperanto IPA,5.25,Norway,3.48,Oslo Brewing Company,6.7,IPA - American,330ml,330,15.91,IPA
Monstrosity Part II,7.0,Netherlands,4.24,White Dog Brewery,11.0,Stout - Imperial / Double Pastry,Can 440ml,440,15.91,Stout
Monstrosity Part I,7.0,Netherlands,4.24,White Dog Brewery,11.0,Stout - Imperial / Double Pastry,Can 440ml,440,15.91,Stout
Ridgeback B.A. 2024,5.25,Netherlands,4.13,Brouwerij Frontaal,10.5,Barleywine - American,330ml,330,15.91,Barleywine
Consonance 1019 - Wylam Collab,7.0,Denmark,3.71,To Øl,5.5,Pale Ale - New England / Hazy,Can 440ml,440,15.91,Pale Ale
Tripleberry Pie – Fruited Berliner Weisse,5.25,Sweden,3.78,Brewski,4.0,Sour - Fruited Berliner Weisse,330ml,330,15.91,Sour
Sugar n Spice Maple Pumpkin Pie,7.0,Scotland,4.07,Vault City Brewing,5.5,Pumpkin / Yam Beer,Can 440ml,440,15.91,Pumpkin / Yam Beer
World In a World,7.0,Netherlands,3.98,Folkingebrew,7.0,IPA - Sour,Can 440ml,440,15.91,IPA
Substitute,7.0,England,3.98,Track Brewing Company,5.5,Pale Ale - New England / Hazy,Can 440ml,440,15.91,Pale Ale
7 Year Anniversary Quintuple Dry Hopped QIPA,7.0,Latvia,4.21,Ārpus Brewing Co.,11.0,IPA - Quadruple,Can 440ml,440,15.91,IPA
De Moersleutel 8 Year Anniversary Serie: Mars,7.0,Netherlands,4.2,Moersleutel Craft Brewery,11.0,Stout - Imperial / Double,Can 440ml,440,15.91,Stout
Butchers Banquet,7.0,Germany,3.96,FrauGruber Brewing,10.2,IPA - Triple New England / Hazy,Can 440ml,440,15.91,IPA
Hazedelic Daydream,7.0,Germany,4.02,Sudden Death Brewing Co.,8.3,IPA - Imperial / Double,Can 440ml,440,15.91,IPA
Neu Zealand Pilsner,7.0,Denmark,3.6,Bad Seed Brewing,5.0,Pilsner - New Zealand,Can 440ml,440,15.91,Pilsner
DON&apos;T QUOTE ME,7.0,Spain,4.06,SOMA Beer,6.0,IPA - New England / Hazy,Can 440ml,440,15.91,IPA
Gimme That Boom,7.0,France,3.93,Prizm Brewing Co.,6.0,Sour - Smoothie / Pastry,Can 440ml,440,15.91,Sour
Black Star - Jim Beam BA,5.25,Romania,3.7,Hophead Brewing,9.0,Stout - Imperial / Double,330ml,330,15.91,Stout
De Moersleutel Almond Ganache Bulldozer,7.0,Netherlands,4.03,Moersleutel Craft Brewery,11.0,Stout - Imperial / Double Pastry,Can 440ml,440,15.91,Stout
I'm Monk-Ish,5.25,Sweden,3.85,Brewski,6.5,IPA - New England / Hazy,330ml,330,15.91,IPA
Caribbean Chocolate Cupcake,5.25,England,3.8,Siren Craft Brew,5.4,Stout - Milk / Sweet,330ml,330,15.91,Stout
Elderflower IPA – New England IPA,5.25,Lithuania,3.56,Sakiškės Brewery// Sakiškių Alus,4.5,IPA - New England / Hazy,330ml,330,15.91,IPA
La Bock Brunello,5.25,Belgium,3.81,Brouwerij De Dochter van de Korenaar,7.0,Bock - Doppelbock,330ml,330,15.91,Bock
The Tearing Of Souls,7.0,Germany,4.16,Sudden Death Brewing Co.,8.5,IPA - Imperial / Double,Can 440ml,440,15.91,IPA
Timing's End,7.0,England,4.14,Verdant Brewing Co,6.5,IPA - New Zealand,Can 440ml,440,15.91,IPA
Siluro Barrel Aged,5.25,Spain,3.48,Cierzo Brewing Co.,10.0,Porter - Imperial / Double Baltic,330ml,330,15.91,Porter
Barrel Project 2024 Bourbon,5.25,Netherlands,4.0,Brouwerij Kees,6.5,Barleywine - American,330ml,330,15.91,Barleywine
DOUBLE SOUP  -  THT/BBE 10/24,7.0,Spain,4.06,Garage Beer Co.,8.5,IPA - Imperial / Double New England / Hazy,Can 440ml,440,15.91,IPA
VNDL Tinto,11.95,France,3.73,Vendale,11.0,Grape Ale - Other,Bottle 750ml,750,15.93,Grape Ale
Grande Reserve Limeted Edition (2024),11.95,Belgium,3.9,Bières de Chimay,9.0,Belgian Strong Dark Ale,Bottle 750ml,750,15.93,Belgian Strong Dark Ale
Vintage 2022,11.95,Belgium,4.03,Brouwerij Rodenbach,7.0,Sour - Flanders Red Ale,Bottle 750ml,750,15.93,Sour
Piraat Special Reserve Rum,11.95,Belgium,3.63,Brouwerij Van Steenberge,10.5,Belgian Strong Golden Ale,Bottle 750ml,750,15.93,Belgian Strong Golden Ale
Buffalo Grand Cru Vintage (2021),11.95,Belgium,3.7,Brouwerij Van Den Bossche,10.0,Belgian Strong Dark Ale,Bottle 750ml,750,15.93,Belgian Strong Dark Ale
Bianca Hydra,11.95,United States,4.36,Mortalis Brewing Company,7.0,Sour - Smoothie / Pastry,Bottle 750ml,750,15.93,Sour
Alexander Vintage Vlaams Bruin met Krieken,11.95,Belgium,3.95,Brouwerij Rodenbach,5.6,Sour - Flanders Red Ale,Bottle 750ml,750,15.93,Sour
Lambiek Fabriek: Fontan-Elle Young & Wild 2022,11.95,Belgium,3.94,Lambiek Fabriek,5.5,Lambic - Traditional,Bottle 750ml,750,15.93,Lambic
5 Autels Extra  Brut Maurice,11.95,France,3.72,Domaine des Cinq Autels,7.0,Cider - Dry,Bottle 750ml,750,15.93,Cider
De Ranke: Mirakel 2022,11.95,Belgium,4.06,Brouwerij De Ranke,7.0,Lambic - Gueuze,Bottle 750ml,750,15.93,Lambic
Meesterstuk 2024 Imperial Pastry Porter Hazelnut & Milk Chocolate,11.95,Netherlands,3.7,Jopen,11.11,Porter - Imperial / Double,Bottle 750ml,750,15.93,Porter
Tilquin Sureau Rullquin,11.95,Belgium,3.94,Gueuzerie Tilquin,7.3,Sour - Other,Bottle 750ml,750,15.93,Sour
Gouden Carolus Imperial Dark 2020,11.95,Belgium,4.05,Brouwerij Het Anker,11.0,Belgian Strong Dark Ale,Bottle 750ml,750,15.93,Belgian Strong Dark Ale
Galaxy Flare,7.49,United States,4.09,Equilibrium Brewery,8.5,IPA - Imperial / Double,Can 470ml,470,15.94,IPA
8 Bit Mario Tart Colada Coastline,7.49,United States,3.99,8 bit Brewing Company,6.5,Sour - Fruited,Can 470ml,470,15.94,Sour
Boerenerf: Oude Geuze 2023,5.98,Belgium,4.09,Het Boerenerf Eylenbosch,7.0,Lambic - Gueuze,Bottle 375ml,375,15.95,Lambic
Sécateur,11.97,France,3.88,Brasserie La Malpolon,7.8,Grape Ale - Other,Bottle 750ml,750,15.96,Grape Ale
Boerenerf: Oude Cider 2023,5.99,Belgium,3.88,Het Boerenerf Eylenbosch,6.0,Cider - Dry,Bottle 375ml,375,15.97,Cider
Caramel Fudge Stout Wild Turkey BA,5.27,Netherlands,4.12,Brouwerij Kees,11.0,Stout - Imperial / Double Pastry,330ml,330,15.97,Stout
Ritual Madness,5.99,Canada,3.86,Indie Alehouse,8.0,Sour - Flanders Red Ale,Bottle 375ml,375,15.97,Sour
Moriau Oude Geuze 17/01/2038,5.99,Belgium,3.79,Geuzestekerij Moriau,7.0,Lambic - Gueuze,Bottle 375ml,375,15.97,Lambic
Kees / Bravoure Fate Loves the Fearless,5.27,Netherlands,3.91,Brouwerij Kees,14.8,Barleywine - American,330ml,330,15.97,Barleywine
Resin Hell DDH Westcoast IPA,7.99,Romania,3.8,Hop Hooligans,6.0,IPA - American,500ml,500,15.98,IPA
The Big Crunch Sour Ale,7.99,Romania,3.78,Hop Hooligans,4.0,Sour - Fruited,500ml,500,15.98,Sour
Royal Coconut Truffle,7.99,Poland,3.93,Funky Fluid,11.0,Stout - Imperial / Double Pastry,Can 500ml,500,15.98,Stout
Dragon Colada,7.99,Netherlands,4.01,Brouwerij LOST,6.0,Sour - Smoothie / Pastry,500ml,500,15.98,Sour
Mindkiller,7.99,United States,3.96,Newgrass Brewing Co.,8.8,IPA - Imperial / Double New England / Hazy,500ml,500,15.98,IPA
Hop Hooligans/Alea Livin' La Vidra Loca Mango Peach Gose,7.99,Romania,3.58,Hop Hooligans,5.0,Sour - Fruited Gose,500ml,500,15.98,Sour
Pearfect Pearing,7.99,Romania,4.22,Hop Hooligans,6.0,Sour - Smoothie / Pastry,500ml,500,15.98,Sour
Chicxulub Impactor,7.99,Romania,3.92,Hop Hooligans,10.0,IPA - Triple New England / Hazy,500ml,500,15.98,IPA
"Rainbow Eyes: Mango, Raspberry Ice Cream Sour",7.99,Romania,4.27,Hop Hooligans,6.0,Sour - Smoothie / Pastry,500ml,500,15.98,Sour
Future Funk,7.99,Romania,4.0,Hop Hooligans,10.0,IPA - Triple New England / Hazy,500ml,500,15.98,IPA
Smoothiesh: What's A Vampire Bat's Favorite Type of Fruit?,7.99,Croatia,4.28,Pulfer Brewery,5.5,Sour - Smoothie / Pastry,500ml,500,15.98,Sour
Modern Mosaic - Extreme Swag Edition,7.99,Romania,4.04,Hop Hooligans,9.1,IPA - Imperial / Double New England / Hazy,500ml,500,15.98,IPA
Zichovec 12 Years Of Innovation 18,7.99,Czech Republic,4.01,Rodinný Pivovar Zichovec,6.5,Sour - Smoothie / Pastry,500ml,500,15.98,Sour
Smoothiesh: A Neck-tarine!,7.99,Croatia,4.27,Pulfer Brewery,5.5,Sour - Smoothie / Pastry,500ml,500,15.98,Sour
Oude Geuze 2019 27/02/2019,11.99,Belgium,3.77,Oud Beersel,6.5,Lambic - Gueuze,Bottle 750ml,750,15.99,Lambic
Coffee & Cigarettes,11.99,United States,4.11,Cellarmaker Brewing Company,7.7,Porter - Coffee,Bottle 750ml,750,15.99,Porter
Brut Sur Lie,11.99,Belgium,3.56,Dame Jeanne,8.5,Bière de Champagne / Bière Brut,Bottle 750ml,750,15.99,Bière de Champagne / Bière Brut
Tinto,11.99,France,3.72,Prizm,11.0,Grape Ale - Other,Bottle 750ml,750,15.99,Grape Ale
Timmermans Oude Gueuze 2016-2019,11.99,Belgium,3.94,Brewery John Martin & Brewery Timmermans,5.5,Lambic - Gueuze,Bottle 750ml,750,15.99,Lambic
Geuze Mariage Parfait Brewing year 2015,11.99,Belgium,3.96,Brouwerij Boon,8.0,Lambic - Gueuze,Bottle 750ml,750,15.99,Lambic
Oude Gueuze 02/2020,11.99,Belgium,3.96,Hanssens Artisanaal,6.0,Lambic - Gueuze,Bottle 750ml,750,15.99,Lambic
Tripel,11.99,Netherlands,3.5,Brouwerij 't Meuleneind,8.0,Belgian Tripel,Bottle 750ml,750,15.99,Belgian Tripel
Council / Cellador Ales Magicdor,11.99,United States,3.96,Cellador Ales/ Council Brewing Company,6.6,Wild Ale - American,Bottle 750ml,750,15.99,Wild Ale
Gueuze (Filtered) Ex 2021,11.99,Belgium,3.62,Brouwerij Girardin,5.0,Lambic - Gueuze,Bottle 750ml,750,15.99,Lambic
Oude Gueuze 08/2020,11.99,Belgium,3.96,Hanssens Artisanaal,6.0,Lambic - Gueuze,Bottle 750ml,750,15.99,Lambic
Subtle Sounds,11.99,United States,4.28,The Virginia Beer Company,11.5,Strong Ale - Other,Bottle 750ml,750,15.99,Strong Ale
Oude Geuze Black Label Edition #5,11.99,Belgium,3.81,Brouwerij Boon,7.0,Lambic - Gueuze,Bottle 750ml,750,15.99,Lambic
Gueuze (Fondgueuze) Ex 2021,11.99,Belgium,4.21,Brouwerij Girardin,5.0,Lambic - Gueuze,Bottle 750ml,750,15.99,Lambic
Oude Gueuze Cuvée René Blend 2018,11.99,Belgium,3.73,Brouwerij Lindemans,6.0,Lambic - Gueuze,Bottle 750ml,750,15.99,Lambic
Cyclic Beer Farm: CC,11.99,Spain,4.02,Cyclic Beer Farm,5.6,Wild Ale - Other,Bottle 750ml,750,15.99,Wild Ale
Carrousel,12.0,Belgium,3.35,Brouwerij De Vlier,6.0,Blonde / Golden Ale - Other,Bottle 750ml,750,16.0,Blonde / Golden Ale
Pyro,8.0,Northern Ireland,3.97,Beer Hut Brewing Co.,10.4,Stout - Imperial / Double,500ml,500,16.0,Stout
Holsbeekse Tripel,12.0,Belgium,3.55,Brouwerij De Vlier,8.0,Belgian Tripel,Bottle 750ml,750,16.0,Belgian Tripel
White,12.0,Belgium,3.37,Brouwerij De Vlier,5.5,Wheat Beer - Witbier / Blanche,Bottle 750ml,750,16.0,Wheat Beer
La Boucle,12.0,France,3.98,Levain,5.0,Sour - Other,Bottle 750ml,750,16.0,Sour
Grand Chêne 2022,12.0,France,,Brasserie Bouquier,4.6,Farmhouse Ale - Saison,Bottle 750ml,750,16.0,Farmhouse Ale
Pale & Wild Caram Elle,12.0,Belgium,3.86,Lambiek Fabriek,9.0,Lambic - Gueuze,Bottle 750ml,750,16.0,Lambic
HORAL Megablend 2021,12.0,Belgium,4.03,Brewery John Martin & Brewery Timmermans/ Brouwerij Boon/ Brouwerij De Troch/ Brouwerij Lindemans/ + 6 breweries,7.0,Lambic - Gueuze,Bottle 750ml,750,16.0,Lambic
Oude Geuze Deville,6.0,Belgium,3.97,Den Herberg,6.7,Lambic - Gueuze,Bottle 375ml,375,16.0,Lambic
Summertime Sadness,8.0,Poland,3.76,Magic Road,8.0,IPA - Imperial / Double,500ml,500,16.0,IPA
Sporty Geuze,12.0,Belgium,3.89,Lambiek Fabriek,6.5,Lambic - Gueuze,Bottle 750ml,750,16.0,Lambic
Oude Geuze Geturfd (season 21|22) Blend No. 94  - 75cl - SHOP ONLY,12.0,Belgium,4.29,Brouwerij 3 Fonteinen,7.0,Lambic - Gueuze,Bottle 750ml,750,16.0,Lambic
Cuvee Nora,6.0,Romania,3.87,Oriel Beer,6.0,Wild Ale - Other,Bottle 375ml,375,16.0,Wild Ale
Mammatus,12.0,France,3.95,Aerofab,4.8,Farmhouse Ale - Brett,Bottle 750ml,750,16.0,Farmhouse Ale
Or Del Temps,6.0,Russia,4.06,Double A Brewing/ La Calavera,8.4,Sour - Other,Bottle 375ml,375,16.0,Sour
Blond,12.0,Belgium,3.47,Brouwerij Adept,7.5,Belgian Blonde,Bottle 750ml,750,16.0,Belgian Blonde
Into The Haze,8.0,England,4.06,DEYA Brewing Company,6.2,IPA - New England / Hazy,Can 500ml,500,16.0,IPA
Kõ Vagár - Fruit Sour Ale Chardonnay BA,6.0,Portugal,3.86,Barona Brewing Company,4.0,Sour - Fruited,Bottle 375ml,375,16.0,Sour
Seven Barrels,6.0,Spain,4.08,Cervesa Espiga,7.0,Sour - Fruited,Bottle 375ml,375,16.0,Sour
Frucht: Grapefruit & Salt,12.0,United States,3.9,The Bruery Terreux,4.0,Sour - Fruited Berliner Weisse,Bottle 750ml,750,16.0,Sour
Oud Bruin 2023,12.0,Netherlands,3.49,Bouquier,4.7,Wild ale,Bottle 750ml,750,16.0,Wild ale
Bloodymary & Funk,12.0,Hungary,3.58,MadX,4.5,Farmhouse Ale - Other,Bottle 750ml,750,16.0,Farmhouse Ale
Cuvée Racine 2022,12.0,France,3.96,Sacrilège,5.6,Wild Ale - Other,Bottle 750ml,750,16.0,Wild Ale
Devillé Oude Geuze,12.0,Belgium,3.97,Den Herberg,6.7,Lambic - Gueuze,Bottle 750ml,750,16.0,Lambic
Farmhouse 2022,12.0,France,4.24,Brasserie Bouquier,4.7,Farmhouse Ale - Saison,Bottle 750ml,750,16.0,Farmhouse Ale
Rivington / Northern Monk - Howling Like A Banshee,8.0,England,3.96,Rivington Brewing Co,4.5,Pale Ale - New England / Hazy,Can 500ml,500,16.0,Pale Ale
Adelaar Oude Geuze (2023),12.0,Belgium,3.85,Brouwerij-Stokerij Sako,8.0,Lambic - Gueuze,Bottle 750ml,750,16.0,Lambic
Dame de pique,12.0,France,3.85,La Montagnarde Sauvage,4.8,Grape Ale - Other,Bottle 750ml,750,16.0,Grape Ale
Gueuze,12.0,Belgium,4.24,Brasserie Cantillon,5.5,Lambic - Gueuze,Bottle 750ml,750,16.0,Lambic
Calgary,8.0,England,3.95,Nothing Bound Brewing Co,6.2,IPA - New England / Hazy,Can 500ml,500,16.0,IPA
Conducteur Fantôme,12.0,France,3.9,Brasserie Septante-Deux,6.8,Sour - Other,Bottle 750ml,750,16.0,Sour
Monk,12.0,Spain,3.76,Cyclic Beer Farm,5.5,Farmhouse Ale - Saison,Bottle 750ml,750,16.0,Farmhouse Ale
Boerenerf Muscabella,6.0,Belgium,4.23,Het Boerenerf Eylenbosch,6.85,Lambic - Other,Bottle 375ml,375,16.0,Lambic
Deep Funk,8.0,Poland,3.73,Funky Fluid,7.0,Stout - Foreign / Export,500ml,500,16.0,Stout
Framboise 37.5cl,6.0,Belgium,3.77,Brouwerij Lindemans,2.5,Lambic - Framboise,Bottle 375ml,375,16.0,Lambic
Prune 2022,12.0,United States,3.48,Sacrilege Brewing Project,5.3,Pale Ale - American,Bottle 750ml,750,16.0,Pale Ale
Three Candles,8.0,England,3.83,Baron Brewing,6.8,IPA - Red,Can 500ml,500,16.0,IPA
Crowd Control BATCH 3000,8.0,Romania,3.88,Hop Hooligans,6.0,IPA - New England / Hazy,500ml,500,16.0,IPA
Kestemont: Rabarber 2024,12.0,Belgium,3.66,Brouwerij Kestemont,5.5,Lambic - Other,Bottle 750ml,750,16.0,Lambic
Cuvée Mistral,12.0,France,4.02,Sacrilège,5.3,Wild Ale - Other,Bottle 750ml,750,16.0,Wild Ale
Brut sur Lie,12.0,Belgium,3.56,Dame Jeanne,8.5,Bière de Champagne / Bière Brut,Bottle 750ml,750,16.0,Bière de Champagne / Bière Brut
Le Pic 2022,12.0,France,3.98,Sacrilège,6.2,Grape Ale - Other,Bottle 750ml,750,16.0,Grape Ale
La Boucle Magnum,24.0,France,3.98,Levain,5.0,Sour - Other,Bottle 1500ml,1500,16.0,Sour
Nuance,12.0,France,3.91,Levain,5.5,Sour - Other,Bottle 750ml,750,16.0,Sour
Skin Contact,12.0,Spain,4.0,Cyclic Beer Farm,6.8,Grape Ale - Other,Bottle 750ml,750,16.0,Grape Ale
Whirly Brain (canned: 22-07-24),7.05,Germany,3.94,FUERST WIACEK,8.0,IPA - Imperial / Double,Can 440ml,440,16.02,IPA
Second Hand Emotion (bbf: 05-25),7.05,Germany,3.93,FrauGruber Brewing,8.0,IPA - Imperial / Double New England / Hazy,Can 440ml,440,16.02,IPA
Pantheon,7.05,England,4.02,Tartarus Beers,8.0,IPA - Imperial / Double New England / Hazy,Can 440ml,440,16.02,IPA
First Foot Forward,7.05,Denmark,3.88,Mikkeller,8.0,IPA - Imperial / Double New England / Hazy,Can 440ml,440,16.02,IPA
Pannepot Special Reserve Vintage 2019,5.29,Belgium,3.99,De Struise Brouwers,10.1,Belgian Strong Dark Ale,330ml,330,16.03,Belgian Strong Dark Ale
Perfect Krush,5.29,Italy,3.98,CRAK Brewery,6.5,IPA - American,330ml,330,16.03,IPA
Excelsior Chai,5.69,United States,3.53,Crooked Stave Artisan Beer Project,8.0,Sour - Other,355ml,355,16.03,Sour
IPA,5.69,United States,3.93,Melvin Brewing,7.5,IPA - American,355ml,355,16.03,IPA
Tail Slider Yuzu Citrus IPA,5.29,Netherlands,3.55,Two Chefs Brewing,6.5,IPA - Fruited,330ml,330,16.03,IPA
Squeezy Breezy Yuzu Citrus Sour,5.29,Netherlands,3.53,Two Chefs Brewing,6.2,Sour - Other,330ml,330,16.03,Sour
Gorilla Adiós Amigos Stout,5.29,Germany,3.53,Gorilla Cervecería Berlin,6.5,Stout - Other,330ml,330,16.03,Stout
Santa's Little Helper,5.29,Denmark,3.68,Mikkeller,4.9,Pale Ale - New England / Hazy,330ml,330,16.03,Pale Ale
Tart Cherry Berliner Weisse,5.69,United States,3.85,North Coast Brewing Company,4.1,Sour - Fruited Berliner Weisse,355ml,355,16.03,Sour
Lervig / Slowboat You You Pangu,5.29,Norway,3.74,LERVIG,8.2,IPA - Imperial / Double New England / Hazy,330ml,330,16.03,IPA
Mercè,5.29,Spain,3.8,Garage Beer Co.,5.0,IPA - New England / Hazy,330ml,330,16.03,IPA
Penalty Shot,7.59,United States,4.12,Little Willow Brewing Company,8.1,IPA - Imperial / Double New England / Hazy,473ml,473,16.05,IPA
Flips and Cartwheels,7.59,United States,4.2,Little Willow Brewing Company,8.0,IPA - Imperial / Double New England / Hazy,473ml,473,16.05,IPA
De Cam Oude Lambiek,12.04,Belgium,3.86,Geuzestekerij De Cam,6.5,Lambic - Traditional,Bottle 750ml,750,16.05,Lambic
Pu Erh Me Another One!,7.06,Romania,3.83,OneTwo,5.0,Sour - Fruited,Can 440ml,440,16.05,Sour
Faith,7.06,England,3.89,Alpha Delta Brewing/ Northern Monk,6.8,IPA - American,Can 440ml,440,16.05,IPA
Carrot Factory,5.3,Hungary,3.59,Fehér Nyúl,6.5,Sour - Smoothie / Pastry,330ml,330,16.06,Sour
Steinitz,5.3,England,4.19,Buxton Brewery,14.0,Porter - Imperial / Double,330ml,330,16.06,Porter
Blow Out,5.3,Denmark,3.62,Mikkeller,6.0,IPA - American,330ml,330,16.06,IPA
WTF?! Free Gelato AF,5.3,Poland,3.71,Funky Fluid,0.5,Non-Alcoholic - Sour,330ml,330,16.06,Non-Alcoholic
Berliner Ryesse Kriek-Munt,5.3,Belgium,3.68,Brouwerij Alvinne,4.0,Sour - Fruited Berliner Weisse,Bottle 330ml,330,16.06,Sour
Drop Project / Seagrove Public – Ridge,5.3,England,3.67,Drop Project,4.8,Pilsner - Other,330ml,330,16.06,Pilsner
French Toast Bänger Imperial Stout,5.3,Estonia,4.07,Põhjala,12.0,Stout - Imperial / Double Pastry,330ml,330,16.06,Stout
Space Hopera Pale Ale,5.3,England,3.68,Original Stormtrooper Beer,6.6,Pale Ale - New England / Hazy,330ml,330,16.06,Pale Ale
St Bernardus ABT 12,5.3,Belgium,4.0,Brouwerij St.Bernardus,10.0,Belgian Quadrupel,Bottle 330ml,330,16.06,Belgian Quadrupel
Sint Amatus Reserva - Oostvleteren 12,5.3,Belgium,3.86,De Struise Brouwers,10.5,Belgian Quadrupel,330ml,330,16.06,Belgian Quadrupel
Naka,5.3,Belgium,3.77,Brouwerij Alvinne,5.5,Sour - Other,Bottle 330ml,330,16.06,Sour
Emma's Winter Mild x Newbarns,5.3,Sweden,3.36,Omnipollo,5.3,Mild - Dark,330ml,330,16.06,Mild
Oaked Vintermust Non-Alc Sour,5.3,Sweden,3.28,Omnipollo,0.5,Non-Alcoholic - Sour,330ml,330,16.06,Non-Alcoholic
Pohjala Kuusk,5.3,Estonia,3.64,Põhjala,6.0,IPA - American,330ml,330,16.06,IPA
Farmhouse Sour 2 Lingonberries,5.3,Belgium,3.65,Brouwerij Alvinne,8.0,Sour - Fruited,330ml,330,16.06,Sour
In Between,5.7,United States,3.84,Cushwa Brewing Company,6.8,Bock - Single / Traditional,355ml,355,16.06,Bock
Ország Söre 2024,5.3,Hungary,3.75,UGAR Brewery,6.0,IPA - New England / Hazy,Can 330ml,330,16.06,IPA
Cold Time,5.7,United States,3.67,Revolution Brewing Company,4.8,Lager - American,355ml,355,16.06,Lager
Baby Jesus Oloroso BA,5.3,Belgium,3.87,Brouwerij 't Verzet,10.0,Porter - Imperial / Double Coffee,330ml,330,16.06,Porter
Sea Fog,5.3,Estonia,3.49,Põhjala,8.0,Sour - Fruited Gose,330ml,330,16.06,Sour
Belle Bulle (Cellar Series),5.3,Estonia,3.88,Põhjala,8.0,Sour - Fruited Gose,330ml,330,16.06,Sour
Duchesse De Bourgogne Flanders Red Ale 33cl,5.3,Belgium,3.66,Brouwerij Verhaeghe,6.2,Sour - Flanders Red Ale,Bottle 330ml,330,16.06,Sour
Must Kuld Porter,5.3,Estonia,3.76,Põhjala,7.8,Porter - Other,330ml,330,16.06,Porter
Terrassebajer,5.3,Denmark,3.14,To Øl,5.0,Pale Ale - Other,330ml,330,16.06,Pale Ale
Berliner Weisse Framboise,5.3,France,3.73,Popihn,4.0,Sour - Fruited Berliner Weisse,330ml,330,16.06,Sour
Struise Tsjeeses Reserva Vintage Port BA,5.3,Belgium,3.88,De Struise Brouwers,10.0,Belgian Strong Golden Ale,330ml,330,16.06,Belgian Strong Golden Ale
Letters From Zelda,7.6,United States,4.09,Brick & Feather Brewery,6.5,IPA - New England / Hazy,473ml,473,16.07,IPA
The Bruery - Offshoot - Relax,7.6,United States,,Offshoot Beer Co.,6.7,IPA - American,473ml,473,16.07,IPA
Oro de Calabaza,7.6,United States,3.79,Jolly Pumpkin Artisan Ales,8.0,Belgian Strong Golden Ale,473ml,473,16.07,Belgian Strong Golden Ale
Quit Your Fussin' On Me,7.6,United States,4.08,Hoof Hearted Brewing,9.0,IPA - Sour,473ml,473,16.07,IPA
In Absentia,7.6,United States,4.15,Brick & Feather Brewery,7.2,IPA - New England / Hazy,473ml,473,16.07,IPA
Sabbat,5.31,Belgium,3.71,La Source Beer Co.,5.9,Historical Beer - Gruit / Ancient Herbed Ale,330ml,330,16.09,Historical Beer
BananaBanaan,7.09,Finland,3.94,Salama Brewing Company,10.4,Stout - Imperial / Double Pastry,Can 440ml,440,16.11,Stout
Oude Kriek 2019,12.09,Belgium,3.8,Brouwerij Boon,6.5,Lambic - Kriek,Bottle 750ml,750,16.12,Lambic
White Label Imperial Stout Single Malt Islay Whisky BA 2023,5.32,Netherlands,3.58,Brouwerij Emelisse,12.0,Stout - Russian Imperial,330ml,330,16.12,Stout
Gus Knows!,7.1,England,4.1,Verdant Brewing Co,6.5,IPA - New England / Hazy,Can 440ml,440,16.14,IPA
Darkside - 2024,7.1,England,3.96,Phantom Brewing Co.,8.0,Stout - Imperial / Double,Can 440ml,440,16.14,Stout
Slushasaurus Blue Raspberry Slushy Sour,7.1,England,3.45,Neon Raptor Brewing Co.,5.0,Sour - Fruited,Can 440ml,440,16.14,Sour
Mavka 2024,7.1,England,4.17,Siren Craft Brew,10.0,Stout - Imperial / Double Coffee,Can 440ml,440,16.14,Stout
The Half-Life of Magic,7.1,England,4.08,Verdant Brewing Co,6.5,IPA - New England / Hazy,Can 440ml,440,16.14,IPA
Tim the Human Shark,7.1,England,4.11,Sureshot Brewing,8.0,IPA - Imperial / Double,Can 440ml,440,16.14,IPA
Strawberry Fields Forever,7.1,France,3.77,Mogwaï Beer Company,6.0,Stout - Milk / Sweet,Can 440ml,440,16.14,Stout
Fizzician Float Session Sour,7.1,Scotland,4.03,Vault City Brewing,4.5,Sour - Fruited,Can 440ml,440,16.14,Sour
Double Up on Xmas,7.1,Denmark,3.79,Amager Bryghus,9.0,IPA - Imperial / Double New England / Hazy,Can 440ml,440,16.14,IPA
Free Fall,7.1,England,3.92,Two Flints Brewery,7.0,IPA - New Zealand,Can 440ml,440,16.14,IPA
Mr Peanut,7.1,England,3.99,Yonder Brewing & Blending,8.0,Stout - Pastry,Can 440ml,440,16.14,Stout
Utilise The Void,7.1,England,3.99,Left Handed Giant Brewing,6.5,IPA - New England / Hazy,Can 440ml,440,16.14,IPA
Snakes On A Crane,7.1,Sweden,3.92,Fermenterarna,8.0,IPA - Imperial / Double New England / Hazy,Can 440ml,440,16.14,IPA
Servebot,7.1,Germany,3.86,Blech.Brut,6.7,IPA - New England / Hazy,Can 440ml,440,16.14,IPA
Nosferatu,7.1,Spain,3.56,La Calavera,7.6,Stout - Pastry,Can 440ml,440,16.14,Stout
Earth – Nitro Stout,7.1,Netherlands,3.71,Moersleutel Craft Brewery,8.0,Stout - Other,Can 440ml,440,16.14,Stout
Anniversaire,7.1,England,3.9,Burning Sky Brewery,6.5,Farmhouse Ale - Saison,Can 440ml,440,16.14,Farmhouse Ale
Cien Gaviotes IPA,7.1,Spain,3.8,Little Rain Brewing Company,6.2,IPA - American,Can 440ml,440,16.14,IPA
Northern Monk / Amy Hastings Faith In Futures,7.1,England,3.77,Northern Monk,6.5,IPA - New England / Hazy,Can 440ml,440,16.14,IPA
Coolhead x Northern Monk Atlantis,7.1,Finland,3.56,CoolHead Brew,6.0,Sour - Fruited,Can 440ml,440,16.14,Sour
Dooper,7.1,England,4.08,Full Circle Brew Co,8.1,IPA - Imperial / Double New England / Hazy,Can 440ml,440,16.14,IPA
Pastore Torta,7.1,England,3.83,Pastore Brewing and Blending,5.0,Sour - Smoothie / Pastry,Can 440ml,440,16.14,Sour
Crimes In Citra (2024),7.1,England,4.15,Pentrich Brewing Co.,7.0,IPA - American,Can 440ml,440,16.14,IPA
Who Do You Love DDH DIPA,7.1,Spain,4.01,Caleya,8.2,IPA - Imperial / Double New England / Hazy,Can 440ml,440,16.14,IPA
"It's Not Me, It's I.B.U.!",7.1,England,3.47,Bang The Elephant Brewing Co,7.0,IPA - American,Can 440ml,440,16.14,IPA
Destination Motherland,7.1,Scotland,3.68,Overtone Brewing Co,5.5,Sour - Fruited Gose,Can 440ml,440,16.14,Sour
Cherry B'Bomb,7.1,England,3.68,Yonder Brewing & Blending,7.5,Stout - Pastry,Can 440ml,440,16.14,Stout
"Flexure – Soft, Sweet & creamy  Nedipa",7.1,Netherlands,3.91,Moersleutel Craft Brewery,8.5,IPA - Imperial / Double New England / Hazy,Can 440ml,440,16.14,IPA
40 IN THE SHADE,7.1,Spain,3.96,Garage Beer Co.,6.6,IPA - Fruited,Can 440ml,440,16.14,IPA
Oude Geuze Black Label B8,12.12,Belgium,3.79,Brouwerij Boon,7.0,Lambic - Gueuze,Bottle 750ml,750,16.16,Lambic
Extra Extra Juicy Bits,7.65,United States,4.31,WeldWerks Brewing Co.,8.6,IPA - Imperial / Double New England / Hazy,473ml,473,16.17,IPA
Barrel-Aged Narwhal,7.65,United States,4.18,Sierra Nevada Brewing Co.,11.9,Stout - Imperial / Double,473ml,473,16.17,Stout
Vieille Provision 2021,12.13,Belgium,3.98,Brouwerij De Ranke,7.5,Sour - Other,Bottle 750ml,750,16.17,Sour
Age of Exploration V4: Southern Cross & Kohia Nelson Double NEIPA,8.09,Romania,4.07,Hop Hooligans,8.0,IPA - Imperial / Double New England / Hazy,500ml,500,16.18,IPA
Singing Stories,8.1,England,4.0,Nothing Bound Brewing Co,6.2,IPA - New England / Hazy,Can 500ml,500,16.2,IPA
Tyler,8.1,England,4.05,Nothing Bound Brewing Co,6.0,IPA - New Zealand,Can 500ml,500,16.2,IPA
Birthday Juice,8.1,Romania,4.09,Hop Hooligans,10.0,IPA - Triple New England / Hazy,500ml,500,16.2,IPA
ATTIK – POMPA,8.1,Spain,3.9,Attik Brewing,6.4,IPA - New England / Hazy,500ml,500,16.2,IPA
ATTIK – VERTIGO,8.1,Spain,3.85,Attik Brewing,6.4,IPA - American,500ml,500,16.2,IPA
ATTIK – ANALOG,8.1,Spain,3.78,Attik Brewing,6.7,IPA - American,500ml,500,16.2,IPA
Piccola Saison,12.15,Italy,4.05,Siemàn,4.5,Farmhouse Ale - Bière de Coupage,Bottle 750ml,750,16.2,Farmhouse Ale
Things Behind The Sun,8.1,England,3.89,Makemake,6.0,Porter - Coffee,Can 500ml,500,16.2,Porter
Sunshine,8.1,England,4.08,DEYA Brewing Company,6.0,IPA - New England / Hazy,500ml,500,16.2,IPA
Barrel Project 2024 Barley wine in Bourbon,5.35,Netherlands,4.0,Brouwerij Kees,10.9,Barleywine - American,330ml,330,16.21,Barleywine
Barrel Project 2023 Barley wine in Bowmore,5.35,Netherlands,3.88,Brouwerij Kees,11.0,Barleywine - Other,330ml,330,16.21,Barleywine
Barrel Project Midnight Black,5.35,Netherlands,4.01,Brouwerij Kees,14.9,Stout - Russian Imperial,330ml,330,16.21,Stout
Very Big Flapjack,5.35,Scotland,3.87,Fierce Beer,10.0,Strong Ale - English,330ml,330,16.21,Strong Ale
Sourire De Mortagne Rum Ba 2021,5.35,Belgium,3.87,Brouwerij Alvinne,12.0,Sour - Other,330ml,330,16.21,Sour
Barrel Project 2023 Peated Edition,5.35,Netherlands,3.91,Brouwerij Kees,10.0,Stout - Imperial / Double,330ml,330,16.21,Stout
Kodu Imperial Baltic Porter,5.35,Estonia,3.96,Põhjala,10.6,Porter - Imperial / Double Baltic,330ml,330,16.21,Porter
8th AB - Lost in a hop field,8.11,Serbia,3.98,Dogma Brewery,8.0,IPA - Imperial / Double New England / Hazy,500ml,500,16.22,IPA
Friday Little Monday,8.11,Czech Republic,4.01,Pivovar Thrills Brewing,5.2,IPA - New England / Hazy,500ml,500,16.22,IPA
Caramel Fudge Stout Grape Brandy BA,5.36,Netherlands,4.01,Brouwerij Kees,11.0,Stout - Imperial / Double Pastry,330ml,330,16.24,Stout
Caramel Fudge Stout Moscatel BA,5.36,Netherlands,4.05,Brouwerij Kees,11.0,Stout - Imperial / Double Pastry,330ml,330,16.24,Stout
Ocean Drift,7.15,Netherlands,4.01,Folkingebrew,7.0,IPA - New England / Hazy,Can 440ml,440,16.25,IPA
Juleglod 2024,7.15,Norway,3.92,Salikatt Bryggeri,10.0,Belgian Quadrupel,Can 440ml,440,16.25,Belgian Quadrupel
Chubbles 53°N (2024),7.15,England,4.15,Cloudwater Brew Co.,6.5,IPA - New England / Hazy,Can 440ml,440,16.25,IPA
Pink Lake,7.15,Spain,4.08,SOMA Beer,7.0,IPA - New England / Hazy,Can 440ml,440,16.25,IPA
Boyicao (bbf: 07-25),7.15,Spain,4.08,Basqueland Brewing,12.5,Stout - Imperial / Double Pastry,Can 440ml,440,16.25,Stout
"Fruit, Car, Sight, Exhibition",7.15,England,4.26,Verdant Brewing Co,8.0,IPA - Imperial / Double New England / Hazy,Can 440ml,440,16.25,IPA
Edge of the Earth,7.69,United States,4.15,Beer Tree Brew,7.6,IPA - New England / Hazy,473ml,473,16.26,IPA
"Ça Mon Ami, C'est Une Pinte!",7.69,Canada,3.77,Brasserie Dieu du Ciel!,5.0,Blonde / Golden Ale - Other,473ml,473,16.26,Blonde / Golden Ale
Frequency,7.69,United States,3.7,SingleCut Beersmiths,4.7,Lager - American,473ml,473,16.26,Lager
18-Watt IPA,7.69,United States,3.88,SingleCut Beersmiths,5.0,IPA - Session,473ml,473,16.26,IPA
Kim Hibiscus Sour,7.69,United States,3.74,SingleCut Beersmiths,4.2,Sour - Other,473ml,473,16.26,Sour
Fiddler's Dream,7.69,United States,3.93,Newgrass Brewing Co.,6.7,IPA - New England / Hazy,473ml,473,16.26,IPA
Days Of Sun,7.69,United States,4.1,Beer Tree Brew,7.2,IPA - New England / Hazy,473ml,473,16.26,IPA
DDH Overlaid,7.69,United States,4.09,Phase Three Brewing,7.8,IPA - Imperial / Double New England / Hazy,473ml,473,16.26,IPA
Play Time,7.69,United States,4.09,Little Willow Brewing Company,7.1,IPA - New England / Hazy,473ml,473,16.26,IPA
Star Gazing,7.69,United States,4.14,Beer Tree Brew,7.1,IPA - New England / Hazy,473ml,473,16.26,IPA
DDH Color Channel,7.69,United States,4.11,Phase Three Brewing,7.7,IPA - Imperial / Double New England / Hazy,473ml,473,16.26,IPA
Voyageur des Brumes,7.69,Canada,3.6,Brasserie Dieu du Ciel!,5.1,Bitter - Extra Special / Strong (ESB),Bottle 473ml,473,16.26,Bitter
Dream Forest Gen II,7.69,United States,4.02,Beer Tree Brew,7.1,IPA - New England / Hazy,473ml,473,16.26,IPA
Tilquin Oude Reinette Étoilée,12.2,Belgium,4.03,Gueuzerie Tilquin,6.8,Lambic - Fruit,Bottle 750ml,750,16.27,Lambic
Kerasi,12.2,France,3.96,Les Danaïdes,6.2,Sour - Fruited,Bottle 750ml,750,16.27,Sour
Tilquin Oude Pinot Meunier sur marc,12.2,Belgium,4.15,Gueuzerie Tilquin,7.9,Lambic - Fruit,Bottle 750ml,750,16.27,Lambic
Oude Gueuze 2023-2 • 375ml,6.1,Belgium,4.11,Het Boerenerf Eylenbosch,7.0,Lambic - Gueuze,Bottle 375ml,375,16.27,Lambic
Braaaaaaaains Blackberry & Guava,7.7,United States,4.09,Drekker Brewing Company,6.3,Sour - Smoothie / Pastry,473ml,473,16.28,Sour
Strheum,7.7,United States,3.84,More Brewing Company,7.2,Sour - Fruited,473ml,473,16.28,Sour
Braaaaaaaains Blackberry & Guava,7.7,United States,4.09,Drekker Brewing Company,6.7,Sour - Smoothie / Pastry,473ml,473,16.28,Sour
Nigredo,5.39,Belgium,3.72,L'Ermitage,8.0,Sour - Other,330ml,330,16.33,Sour
Aun Mas Chili Jesus,5.39,United States,3.97,Evil Twin Brewing,12.0,Stout - Imperial / Double,Can 330ml,330,16.33,Stout
The Black Pot Cocoa Nibs Honey,5.39,Romania,4.09,Bereta Brewing Co./ Wicked Barrel,10.9,Stout - Imperial / Double,330ml,330,16.33,Stout
Lille Mango Maracuja Sauer,5.39,Germany,3.46,Lillebräu,3.9,Sour - Fruited,330ml,330,16.33,Sour
Oude Gueuze Brett-Elle,12.25,Belgium,3.87,Lambiek Fabriek,5.5,Lambic - Gueuze,Bottle 750ml,750,16.33,Lambic
Dissident,7.19,Scotland,3.71,Overtone Brewing Co,7.0,IPA - New England / Hazy,Can 440ml,440,16.34,IPA
Personal Best,7.19,Spain,4.02,Oso Brew Co,5.5,IPA - New England / Hazy,Can 440ml,440,16.34,IPA
PATRONS PROJECT 31.05 // SMUG // THE ASCENSION // VERDANT // BEAK // DIPA,7.19,England,4.17,Northern Monk,8.0,IPA - Imperial / Double New England / Hazy,Can 440ml,440,16.34,IPA
Necessary Evil,7.19,Spain,4.03,SOMA Beer,11.0,Stout - Imperial / Double,Can 440ml,440,16.34,Stout
Na Na,7.19,Sweden,3.7,Stigbergets Bryggeri,6.5,Sour - Smoothie / Pastry,Can 440ml,440,16.34,Sour
Hyllipan West Coast IPA,7.19,Sweden,3.6,Hyllie Bryggeri,6.5,IPA - American,Can 440ml,440,16.34,IPA
Mikkeller Baghaven Rubus of Rose Vanilje 2021,12.26,Denmark,3.95,Baghaven Brewing and Blending,6.1,Wild Ale - Other,Bottle 750ml,750,16.35,Wild Ale
Yonder - Rocky Road - Pastry Stout,7.2,England,3.76,Yonder Brewing & Blending,5.0,Stout - Pastry,Can 440ml,440,16.36,Stout
Perla,7.2,Sweden,4.01,Omnipollo,8.3,IPA - Imperial / Double New England / Hazy,Can 440ml,440,16.36,IPA
Damnation IPA V4,7.2,Scotland,3.88,Holy Goat Brewing,6.0,IPA - American,Can 440ml,440,16.36,IPA
Frau Gruber New Dogs New Tricks,7.2,Germany,3.84,FrauGruber Brewing,8.4,IPA - Imperial / Double New England / Hazy,Can 440ml,440,16.36,IPA
De La Senne Brussels Calling (2024),5.4,Belgium,3.69,Brasserie de la Senne,6.5,IPA - Belgian,Bottle 330ml,330,16.36,IPA
Fortunatus Raspberry Wild Ale,5.4,Poland,3.83,Browar Fortuna,5.0,Wild Ale - American,Bottle 330ml,330,16.36,Wild Ale
Lervig Naughty & Nice CAN,5.4,Norway,3.58,LERVIG,8.0,Bock - Doppelbock,330ml,330,16.36,Bock
Mango Colada Sour,5.4,Sweden,3.67,Brewski,4.0,Sour - Fruited Berliner Weisse,330ml,330,16.36,Sour
De Moersleutel / Vault City Cosmic Wonder Bird,7.2,Netherlands,4.09,Moersleutel Craft Brewery,12.0,Stout - Imperial / Double Pastry,Can 440ml,440,16.36,Stout
Sureshot - Succulent Chinese Meal,7.2,England,3.85,Sureshot Brewing,6.5,IPA - New England / Hazy,Can 440ml,440,16.36,IPA
Fortunatus Peach Wild Ale,5.4,Poland,3.7,Browar Fortuna,5.6,Wild Ale - American,Bottle 330ml,330,16.36,Wild Ale
Fortunatus Cherry Wild Ale,5.4,Poland,3.63,Browar Fortuna,4.6,Wild Ale - American,Bottle 330ml,330,16.36,Wild Ale
Superdelic,7.2,France,4.21,La Superbe,6.0,IPA - New England / Hazy,Can 440ml,440,16.36,IPA
Pauwel - Kwak,5.4,Belgium,3.76,Brouwerij Bosteels,8.4,Pale Ale - Belgian,330ml,330,16.36,Pale Ale
Harris on Cocaine,7.2,Hungary,3.72,Mad Scientist,6.5,IPA - American,Can 440ml,440,16.36,IPA
Johnny Thunder,5.4,Netherlands,3.63,KOMPAAN Dutch Craft Beer Company,12.0,Smoked Beer,330ml,330,16.36,Smoked Beer
Barrel Project 2024 Moscatel,5.4,Netherlands,3.71,Brouwerij Kees,8.5,Farmhouse Ale - Saison,330ml,330,16.36,Farmhouse Ale
Pime Oo,5.4,Estonia,4.07,Põhjala,13.6,Stout - Imperial / Double,330ml,330,16.36,Stout
September Sessions,7.2,Spain,3.88,Basqueland Brewing,5.5,IPA - Session,Can 440ml,440,16.36,IPA
Lervig Passion Tang Can,5.4,Norway,3.64,LERVIG,7.0,Sour - Fruited,330ml,330,16.36,Sour
Kapucíner 2024,5.4,Hungary,3.74,Vaskakas Sörfőzde,6.7,Stout - Coffee,330ml,330,16.36,Stout
Trouble Juice,5.4,Denmark,3.34,To Øl,4.7,IPA - Session,330ml,330,16.36,IPA
"The Kernel - Export Stout, London 1890",5.4,England,3.95,The Kernel Brewery,7.3,Stout - Foreign / Export,330ml,330,16.36,Stout
Mucho Mucho Citra,7.2,Spain,4.09,Basqueland Brewing,8.0,IPA - Imperial / Double New England / Hazy,Can 440ml,440,16.36,IPA
Swim Club,7.2,England,3.75,Unity Brewing Co,5.2,Pale Ale - American,Can 440ml,440,16.36,Pale Ale
Wilderness x Closet I Like Having You Around,7.2,Wales,3.59,Wilderness Brewery,6.2,Farmhouse Ale - Saison,Can 440ml,440,16.36,Farmhouse Ale
De Moersleutel Cinnamon Bun Plasterer,7.2,Netherlands,4.06,Moersleutel Craft Brewery,12.0,Stout - Pastry,Can 440ml,440,16.36,Stout
All Formats: Idaho 7,7.2,England,3.82,Wylam,5.2,Pale Ale - American,Can 440ml,440,16.36,Pale Ale
Killswitch,7.2,Wales,4.09,Dark Element Brew Co,7.0,IPA - New England / Hazy,Can 440ml,440,16.36,IPA
Comme un Nouveau Soleil (canned: 14-08-24),7.2,France,4.17,Fauve,8.2,IPA - Imperial / Double New England / Hazy,Can 440ml,440,16.36,IPA
Macgyver,7.2,Spain,3.84,Basqueland Brewing,5.3,IPA - Session,Can 440ml,440,16.36,IPA
Northern Monk x Outer Range Patrons Project 42.04 Waning Ember,7.2,England,4.04,Northern Monk,7.0,IPA - New England / Hazy,Can 440ml,440,16.36,IPA
Cocobanger Imperial Stout Coffee & Coconut,5.4,Estonia,4.12,Põhjala,12.5,Stout - Imperial / Double Coffee,330ml,330,16.36,Stout
Northern Monk x Two Flints x Pretty Decent Patrons Project 41.04 Ghost On The Highway,7.2,England,3.96,Northern Monk,6.5,IPA - New England / Hazy,Can 440ml,440,16.36,IPA
Pinso A Granel,5.4,Spain,3.98,Poch's Cervesa Artesana,10.5,Barleywine - English,330ml,330,16.36,Barleywine
Barricade,7.2,Scotland,4.09,Overtone Brewing Co,8.0,IPA - Imperial / Double New England / Hazy,Can 440ml,440,16.36,IPA
10yrs X Uchu,7.2,England,4.04,Verdant Brewing Co,6.5,IPA - Fruited,Can 440ml,440,16.36,IPA
10yrs X Garage Project,7.2,England,4.18,Verdant Brewing Co,6.5,IPA - New England / Hazy,Can 440ml,440,16.36,IPA
Brett Series - Petite Brett...,5.4,France,4.02,Effet Papillon,4.5,Brett Beer,330ml,330,16.36,Brett Beer
Void,7.2,Finland,4.12,Factory Brewing,7.3,IPA - New England / Hazy,Can 440ml,440,16.36,IPA
Tonka x Coffee x Vanilla Imperial Stout,7.2,Latvia,4.14,Ārpus Brewing Co.,12.0,Stout - Imperial / Double,Can 440ml,440,16.36,Stout
Arpus x Brasserie des Franches-Montagnes Red Wine Barrel Aged Saison,7.2,Latvia,3.69,Ārpus Brewing Co.,5.0,Farmhouse Ale - Saison,Can 440ml,440,16.36,Farmhouse Ale
Brewery  - Mourning Light... NEIPA,7.2,England,3.91,Black Iris Brewery,6.0,IPA - New England / Hazy,Can 440ml,440,16.36,IPA
Behemot 2023,5.4,Hungary,3.68,Szent András Sörfőzde,8.5,Porter - Imperial / Double Baltic,330ml,330,16.36,Porter
Omnipollo - Oaked Vintermust Sour Non Alc,5.4,Sweden,3.28,Omnipollo,0.5,Non-Alcoholic - Sour,330ml,330,16.36,Non-Alcoholic
King Rufus Barleywine,5.4,Norway,3.77,LERVIG,15.6,Barleywine - English,Can 330ml,330,16.36,Barleywine
Aventinus Eisbock (TAP09),5.4,Germany,3.79,Schneider Weisse G. Schneider & Sohn,12.0,Bock - Eisbock,330ml,330,16.36,Bock
Moersleutel Nut Oil Rigger,7.2,Netherlands,4.02,Moersleutel Craft Brewery,11.0,Stout - Imperial / Double,Can 440ml,440,16.36,Stout
Caramel Fudge Stout Grape Brandy Barrel Aged 2023 Pastry Stout,5.4,Netherlands,4.01,Brouwerij Kees,11.0,Stout - Imperial / Double Pastry,Can 330ml,330,16.36,Stout
Lacerda (canned: 04-10-24),7.2,Spain,4.12,Garage Beer Co.,8.5,IPA - Imperial / Double New England / Hazy,Can 440ml,440,16.36,IPA
To My Detriment,5.4,France,4.15,Prizm Brewing Co.,12.0,Stout - Imperial / Double,330ml,330,16.36,Stout
Mosaic,7.2,France,4.19,La Superbe,6.0,IPA - New England / Hazy,Can 440ml,440,16.36,IPA
Les Yeux Du Crocodile (canned: 22-08-24),7.2,France,3.99,Fauve,7.0,IPA - New England / Hazy,Can 440ml,440,16.36,IPA
In the Ways of the Old Days,7.2,Denmark,3.69,To Øl,8.2,IPA - Imperial / Double,Can 440ml,440,16.36,IPA
Reveries of… Nelson Sauvin (canned: 09-24),7.2,Finland,3.93,Factory Brewing,7.2,IPA - New England / Hazy,Can 440ml,440,16.36,IPA
Midnight Snack (canned: 13-08-24),7.2,Germany,3.99,FUERST WIACEK,8.0,IPA - Imperial / Double,Can 440ml,440,16.36,IPA
Power Bar Blacksmith,7.2,Netherlands,4.19,Moersleutel Craft Brewery,13.0,Stout - Imperial / Double Pastry,Can 440ml,440,16.36,Stout
New Zealand Gluten Free IPA,5.4,Italy,3.73,CRAK Brewery,7.0,Gluten-Free,330ml,330,16.36,Gluten-Free
Shadow on The Wall,5.4,France,4.06,Prizm Brewing Co.,13.0,Stout - Imperial / Double Coffee,330ml,330,16.36,Stout
Kameradski Balsamico,5.4,Belgium,3.63,Brouwerij 't Verzet,12.5,Stout - Russian Imperial,330ml,330,16.36,Stout
El Dorado,7.2,France,3.97,La Superbe,6.0,IPA - New England / Hazy,Can 440ml,440,16.36,IPA
Lucky Tonka Walnut Carrot Cake,7.2,Netherlands,3.99,Moersleutel Craft Brewery,12.0,Stout - Imperial / Double Pastry,Can 440ml,440,16.36,Stout
Blauw Belgian Strong Ale,5.4,Belgium,3.9,Bières de Chimay,9.0,Belgian Strong Dark Ale,330ml,330,16.36,Belgian Strong Dark Ale
Luxe Calme et Volupté,5.4,France,3.95,Fauve,6.5,Sour - Fruited Gose,330ml,330,16.36,Sour
Dark And Stormy Ale - Brewers Reserve 2022,5.81,United States,3.41,Central Waters Brewing Company,12.3,Scotch Ale / Wee Heavy,355ml,355,16.37,Scotch Ale / Wee Heavy
Struise Black Damnationxvi - Ivan The Terrible,6.14,Belgium,4.21,De Struise Brouwers,15.0,Stout - Russian Imperial,Bottle 375ml,375,16.37,Stout
Nitro Milk Stout,7.75,United States,3.72,Barrier Brewing Company,4.8,Stout - Milk / Sweet,473ml,473,16.38,Stout
Street Fight In Napels (Pilsner Italian),7.75,United States,3.8,Mill 77 Brewing,5.2,Pilsner - Italian,473ml,473,16.38,Pilsner
Tilquin Oude Gueuze Tilquin Cuvée Arthur,12.29,Belgium,4.15,Gueuzerie Tilquin,7.0,Lambic - Gueuze,Bottle 750ml,750,16.39,Lambic
De Cam Geuze,12.29,Belgium,4.05,Geuzestekerij De Cam,6.0,Lambic - Gueuze,Bottle 750ml,750,16.39,Lambic
Cuvée Lambiekstoemper 2024 Oude Gueuze - LIMITED EDITION,12.29,Belgium,4.06,Brewery John Martin & Brewery Timmermans,6.7,Lambic - Gueuze,Bottle 750ml,750,16.39,Lambic
HORAL Oude Geuze Megablend 2022,12.29,Belgium,3.94,Brouwerij Boon,7.0,Lambic - Gueuze,Bottle 750ml,750,16.39,Lambic
Vayamos Companieros,8.2,Poland,3.78,Magic Road,8.0,IPA - Imperial / Double,500ml,500,16.4,IPA
"Pretty - Cherries, Apples, Strawberries & Cream",8.2,Poland,3.71,Magic Road,5.5,Sour - Smoothie / Pastry,500ml,500,16.4,Sour
Addicted to you,8.2,Poland,3.77,Magic Road,4.5,IPA - Session,500ml,500,16.4,IPA
Extinction is Forever Hyacinth Macaw,8.2,Austria,3.7,Brauhaus Bevog,5.3,Pale Ale - New England / Hazy,500ml,500,16.4,Pale Ale
Head Full of Dynomite v.53,6.15,United States,4.03,Fremont Brewing,6.8,IPA - New England / Hazy,Bottle 375ml,375,16.4,IPA
Black Beauty - Cherries & Coffee,8.2,Poland,3.73,Magic Road,6.0,Sour - Smoothie / Pastry,500ml,500,16.4,Sour
Limited edition: HORAL Megablend 2024,12.3,Belgium,3.93,Brouwerij Boon,7.0,Lambic - Gueuze,Bottle 750ml,750,16.4,Lambic
Fuerst Wiacek Scary Cassettes,7.22,Germany,3.98,FUERST WIACEK,6.8,IPA - New England / Hazy,Can 440ml,440,16.41,IPA
Nevel Perry,12.31,Netherlands,3.46,Nevel Wild Ales,6.0,Cider - Perry / Poiré,Bottle 750ml,750,16.41,Cider
Fuerst Wiacek Long Tooth,7.22,Germany,3.97,FUERST WIACEK,6.8,IPA - New England / Hazy,Can 440ml,440,16.41,IPA
El Rollo / Pizza Port,5.83,United States,3.79,Coronado Brewing Company,7.2,IPA - American,355ml,355,16.42,IPA
Siren / Cigar City Caribbean Chocolate Cake 2021 - Nitro,5.42,United States,4.04,Cigar City Brewing/ Siren Craft Brew,7.4,Stout - Milk / Sweet,330ml,330,16.42,Stout
Dessert Station Apple Pie,7.79,United States,4.4,Corporate Ladder Brewing Company,6.5,Gluten-Free,473ml,473,16.47,Gluten-Free
Fading Parade,7.79,United States,3.9,Perennial Artisan Ales,6.5,IPA - New England / Hazy,473ml,473,16.47,IPA
Pourparlers BIO,12.35,France,3.77,Sacrilège,6.3,Farmhouse Ale - Saison,Bottle 750ml,750,16.47,Farmhouse Ale
STONE & FLESH,7.25,Spain,4.07,Garage Beer Co.,8.0,IPA - Imperial / Double,Can 440ml,440,16.48,IPA
SWIRL SOUR - BLUEBERRY,7.25,Spain,4.08,MALANDAR Craft Beer,6.0,Sour - Smoothie / Pastry,Can 440ml,440,16.48,Sour
De Moersleutel Coconut Wrecking Ball,7.25,Netherlands,4.09,Moersleutel Craft Brewery,11.0,Stout - Imperial / Double Pastry,Can 440ml,440,16.48,Stout
SWIRL SOUR - MANGO & PEACH,7.25,Spain,3.8,MALANDAR Craft Beer,6.0,Sour - Smoothie / Pastry,Can 440ml,440,16.48,Sour
Beam Cannon,7.25,England,4.05,Azvex Brewing Company,7.0,IPA - New England / Hazy,Can 440ml,440,16.48,IPA
9th Birthday DDH IPA,7.25,England,4.06,Cloudwater Brew Co.,6.0,IPA - New England / Hazy,Can 440ml,440,16.48,IPA
They Live,7.25,Spain,4.01,Caleya,8.2,IPA - Imperial / Double,Can 440ml,440,16.48,IPA
"Funny Noise Machine – Fruited Sour with Guava , Lime Peel and Beetroot",7.25,Romania,3.84,Bereta Brewing Co.,3.9,Sour - Smoothie / Pastry,Can 440ml,440,16.48,Sour
Northbound,7.25,Netherlands,3.85,Moersleutel Craft Brewery,11.0,Porter - Imperial / Double Baltic,Can 440ml,440,16.48,Porter
Floem / Norm Brewing Silk Screen,7.25,Netherlands,3.96,Floem,7.7,IPA - Imperial / Double New England / Hazy,Can 440ml,440,16.48,IPA
Moersleutel Bean Butcher,7.25,Netherlands,4.18,Moersleutel Craft Brewery,11.0,Stout - Imperial / Double Pastry,Can 440ml,440,16.48,Stout
Moersleutel Power Bar Blacksmith,7.25,Netherlands,4.19,Moersleutel Craft Brewery,13.0,Stout - Imperial / Double Pastry,Can 440ml,440,16.48,Stout
Fudge Vortex,7.25,Netherlands,4.02,Moersleutel Craft Brewery,12.0,Stout - Imperial / Double Pastry,Can 440ml,440,16.48,Stout
DIPA DDH – NECTARON / NELSON SAUVIN / MOSAIC,7.25,France,3.95,Popihn,8.0,IPA - Imperial / Double New England / Hazy,Can 440ml,440,16.48,IPA
MONKS,7.25,Netherlands,3.97,White Dog Brewery,8.0,IPA - Imperial / Double New England / Hazy,Can 440ml,440,16.48,IPA
Komanche,7.25,Spain,3.99,KOM Beer,7.0,IPA - New England / Hazy,Can 440ml,440,16.48,IPA
Carpe Noctem (2024),7.25,Germany,4.03,Sudden Death Brewing Co.,7.9,IPA - Imperial / Double,Can 440ml,440,16.48,IPA
Julebryg 2022,7.25,Denmark,3.35,Amager Bryghus,6.5,Rye Beer,Can 440ml,440,16.48,Rye Beer
PATRONS PROJECT 38.04 // ADRIAN BAXTER // SLOTH // MOERSLEUTEL,7.25,England,4.01,Northern Monk,8.4,Stout - Imperial / Double Pastry,Can 440ml,440,16.48,Stout
Here Comes The Geronimo,7.25,Brazil,4.18,Salvador Brewing Co.,8.0,IPA - Imperial / Double New England / Hazy,Can 440ml,440,16.48,IPA
Moersleutel / Kees It Takes Two,7.25,Netherlands,4.07,Moersleutel Craft Brewery,12.0,Stout - Imperial / Double,Can 440ml,440,16.48,Stout
De Moersleutel Toffee Bricklayer,7.25,Netherlands,4.11,Moersleutel Craft Brewery,12.0,Stout - Imperial / Double Pastry,Can 440ml,440,16.48,Stout
10 YRS x UCHU,7.25,England,4.04,Verdant Brewing Co,6.5,IPA - Fruited,Can 440ml,440,16.48,IPA
Dutch Plumber,7.25,France,4.12,Game Over Brewing Co.,10.5,Stout - Imperial / Double,Can 440ml,440,16.48,Stout
Singletrack Nelson (canned: 27-08-24),7.25,Norway,4.09,Salikatt Bryggeri,8.0,IPA - Imperial / Double New England / Hazy,Can 440ml,440,16.48,IPA
Queen Size Choco Jambo,7.25,Finland,3.81,CoolHead Brew,10.0,Stout - Imperial / Double Pastry,Can 440ml,440,16.48,Stout
Camel Up! (canned: 28-08-24),7.25,Norway,4.19,Salikatt Bryggeri,8.0,IPA - Imperial / Double New England / Hazy,Can 440ml,440,16.48,IPA
Blech.Brut / Didko Hat Phantom,7.25,Germany,3.87,Blech.Brut,6.5,IPA - New England / Hazy,Can 440ml,440,16.48,IPA
Earth Dance,7.25,Brazil,4.21,Cervejaria Fermi,8.0,IPA - Imperial / Double New England / Hazy,Can 440ml,440,16.48,IPA
All The Beautiful Things,7.25,Brazil,4.17,Cervejaria Escafandrista,8.0,IPA - Imperial / Double New England / Hazy,Can 440ml,440,16.48,IPA
Quadzilla II,7.25,Denmark,3.87,To Øl,13.0,IPA - Quadruple,Can 440ml,440,16.48,IPA
Oscillation 036,7.8,United States,4.12,Finback Brewery,8.4,IPA - Imperial / Double,Can 473ml,473,16.49,IPA
Autopop - Pineapple Soda,7.8,Canada,3.87,Blood Brothers Brewing,4.0,Sour - Fruited,473ml,473,16.49,Sour
Flora,12.37,Spain,3.68,Cyclic Beer Farm,4.9,Grape Ale - Other,Bottle 750ml,750,16.49,Grape Ale
I'm Selling Bananas,7.26,Hungary,4.13,Mad Scientist,6.0,Sour - Smoothie / Pastry,Can 440ml,440,16.5,Sour
Tripel Kruik,8.25,Netherlands,3.64,Hertog Jan,8.5,Belgian Tripel,500ml,500,16.5,Belgian Tripel
Liquid X,12.38,Hungary,3.8,MadX,8.3,IPA - Sour,Bottle 750ml,750,16.51,IPA
Mikkeller Baghaven Gift From Demeter Blend #3,12.38,Denmark,3.69,Baghaven Brewing and Blending,7.6,Wild Ale - Other,Bottle 750ml,750,16.51,Wild Ale
Meesterstuk 2017 Imperial Porter,5.45,Netherlands,3.96,Jopen,12.5,Porter - Imperial / Double,330ml,330,16.52,Porter
Way in the Dark – Imperial Porter – Collab Burnt Mill,5.45,Estonia,4.06,Pühaste Brewery,11.5,Porter - Imperial / Double,330ml,330,16.52,Porter
The Black Eye – Coffee – Porter,5.45,Estonia,3.8,Pühaste Brewery,6.5,Porter - Coffee,330ml,330,16.52,Porter
Integrity – Black Sour with Cocoa and Red Fruits aged in Wisky Barrels,5.45,Spain,3.66,La Calavera,11.0,Sour - Other,330ml,330,16.52,Sour
Loveship,5.45,Netherlands,3.82,vandeStreek bier,9.0,IPA - Imperial / Double New England / Hazy,330ml,330,16.52,IPA
ÖÖ – Imperial Baltic Porter,5.45,Estonia,3.93,Põhjala,10.5,Porter - Imperial / Double Baltic,330ml,330,16.52,Porter
For the Love of Hops ”Scarlet”,5.45,Netherlands,4.03,Brouwerij Frontaal,9.5,IPA - Triple New England / Hazy,330ml,330,16.52,IPA
De Meester / Alvinne Land Van De Meester,5.45,Netherlands,3.49,Vrienden Van Bob,11.0,Wheat Beer - Hefeweizen,330ml,330,16.52,Wheat Beer
Cocobänger – Imperial Stout,5.45,Estonia,4.12,Põhjala,12.5,Stout - Imperial / Double Coffee,330ml,330,16.52,Stout
Kveik Culture: Brewski,5.45,Norway,3.77,LERVIG,8.0,Sour - Smoothie / Pastry,330ml,330,16.52,Sour
Dolio – Imperial Stout,5.45,Germany,3.69,Brauerei Lemke,11.0,Stout - Imperial / Double,330ml,330,16.52,Stout
Flivver – Barley Wine,5.45,Czech Republic,3.67,Axiom Brewery,11.0,Barleywine - American,330ml,330,16.52,Barleywine
Barrel Project – Moscatel  2024,5.45,Netherlands,3.71,Brouwerij Kees,8.5,Farmhouse Ale - Saison,Can 330ml,330,16.52,Farmhouse Ale
LUMMUS – Imperial Milk Stout,5.45,Estonia,3.97,Pühaste Brewery,11.5,Stout - Imperial / Double Milk,330ml,330,16.52,Stout
Six Months behind Schedule 2023 Edition – Imperial Stout,5.45,Bulgaria,3.87,Sofia Electric Brewing,10.0,Stout - Imperial / Double,330ml,330,16.52,Stout
Promenons-nous dans les bois,12.4,France,3.99,Hoppy Road,7.0,Farmhouse Ale - Other,Bottle 750ml,750,16.53,Farmhouse Ale
Oude Geus Genereus,6.2,Belgium,4.07,Den Herberg,6.7,Lambic - Gueuze,Bottle 375ml,375,16.53,Lambic
Inspiro,7.28,Germany,3.95,Blech.Brut,6.0,IPA - New England / Hazy,Can 440ml,440,16.55,IPA
Arpus Brewing Co. Tdh Mosaic X Citra X Galaxy Dipa,5.46,Latvia,4.01,Ārpus Brewing Co.,6.5,IPA - New England / Hazy,330ml,330,16.55,IPA
Wild Blond,12.41,Belgium,3.6,Brouwerij Eylenbosch,7.0,Farmhouse Ale - Bière de Coupage,Bottle 750ml,750,16.55,Farmhouse Ale
TIPA DDH  Riwaka / Nelson Sauvin / Citra,7.29,France,4.08,Popihn,9.6,IPA - Triple New England / Hazy,Can 440ml,440,16.57,IPA
Tin Foil Hat Series Reptilian Elite,7.29,Finland,3.89,CoolHead Brew,6.5,IPA - New England / Hazy,Can 440ml,440,16.57,IPA
YOU CAN'T HIDE FROM THE DEADMAN,7.29,Germany,4.07,Sudden Death Brewing Co.,8.0,IPA - Imperial / Double New England / Hazy,Can 440ml,440,16.57,IPA
Fresh Harvest: Riwaka,7.29,Sweden,4.03,Fermenterarna,8.0,IPA - Imperial / Double New England / Hazy,Can 440ml,440,16.57,IPA
Fuerst Wiacek ATE,7.29,Germany,4.19,FUERST WIACEK,8.0,IPA - Imperial / Double New England / Hazy,Can 440ml,440,16.57,IPA
Reveries Of... Nelson Sauvin,7.29,Finland,3.93,Factory Brewing,7.2,IPA - New England / Hazy,Can 440ml,440,16.57,IPA
Beyond This Place,7.29,England,3.81,Left Handed Giant Brewing,6.8,IPA - American,Can 440ml,440,16.57,IPA
Opening Theme,7.29,England,4.04,Left Handed Giant Brewing,6.5,IPA - New England / Hazy,Can 440ml,440,16.57,IPA
Triple Fruited Mango Sour,7.29,Scotland,3.75,Vault City Brewing,6.2,Sour - Fruited,Can 440ml,440,16.57,Sour
Swirl Sour - Mango & Peach,7.29,Spain,3.8,MALANDAR Craft Beer,6.0,Sour - Smoothie / Pastry,Can 440ml,440,16.57,Sour
All the beautiful things,7.29,Brazil,4.17,Cervejaria Escafandrista,8.0,IPA - Imperial / Double New England / Hazy,Can 440ml,440,16.57,IPA
Pondichéry,7.29,Belgium,3.78,Misery Beer Co.,8.3,IPA - New England / Hazy,Can 440ml,440,16.57,IPA
Comfort Ahead,7.29,Wales,3.99,Polly's Brew Co.,6.5,IPA - New England / Hazy,Can 440ml,440,16.57,IPA
Sudden Death A Grand Toast TDH DIPA,7.29,Germany,4.09,Sudden Death Brewing Co.,9.3,IPA - Imperial / Double New England / Hazy,Can 440ml,440,16.57,IPA
Faith in Futures // Amy Hastings // DDH Hazy IPA,7.29,England,3.8,Northern Monk,6.5,IPA - New England / Hazy,Can 440ml,440,16.57,IPA
Fuerst Wiacek Whippersnapper,7.29,Germany,4.05,FUERST WIACEK,8.0,IPA - Imperial / Double,Can 440ml,440,16.57,IPA
Raindance,7.29,Finland,4.06,Factory Brewing,8.3,IPA - Imperial / Double New England / Hazy,Can 440ml,440,16.57,IPA
Rhubarb Cheesecake,7.29,England,4.0,Yonder Brewing & Blending,6.5,Sour - Smoothie / Pastry,Can 440ml,440,16.57,Sour
Double Impala,7.29,Finland,4.06,Factory Brewing,8.0,IPA - Imperial / Double New England / Hazy,Can 440ml,440,16.57,IPA
Steezy DDH,7.29,United States,4.16,Outer Range Brewing Co.,7.2,IPA - New England / Hazy,Can 440ml,440,16.57,IPA
Death Grip IPA,7.29,Sweden,3.71,Apex Brewing Company,7.5,IPA - American,Can 440ml,440,16.57,IPA
Walk,7.29,Switzerland,4.06,Hoppy People,8.0,IPA - Imperial / Double New England / Hazy,Can 440ml,440,16.57,IPA
Right Here Right Now,7.29,Switzerland,3.98,Hoppy People,8.0,IPA - Imperial / Double New England / Hazy,Can 440ml,440,16.57,IPA
Pressed: Stroopwafel,7.79,United States,4.19,Phase Three Brewing,12.0,Porter - Imperial / Double Coffee,Can 470ml,470,16.57,Porter
PATRONS PROJECT 41.04 // BOBBI ABBEY // GHOST ON THE HIGHWAY // TWO FLINTS // PRETTY DECENT BEER CO // DDH IPA,7.29,England,3.96,Northern Monk,6.5,IPA - New England / Hazy,Can 440ml,440,16.57,IPA
9Club V2,7.29,France,4.04,The Piggy Brewing Company,9.2,IPA - Triple New England / Hazy,Can 440ml,440,16.57,IPA
"Passion Fruit, Lime, Mango Lassi Heathen // Tropical Lassi IPA",7.29,England,3.79,Northern Monk,7.2,IPA - Fruited,Can 440ml,440,16.57,IPA
J.R.E.A.M Cake,7.29,Scotland,4.02,Vault City Brewing,5.8,Sour - Smoothie / Pastry,Can 440ml,440,16.57,Sour
LACERDA,7.29,Spain,4.12,Garage Beer Co.,8.5,IPA - Imperial / Double New England / Hazy,Can 440ml,440,16.57,IPA
Reveries Of… Nelson Sauvin,7.29,Finland,3.93,Factory Brewing,7.2,IPA - New England / Hazy,Can 440ml,440,16.57,IPA
PATRONS PROJECT 42.04 // BILLELIS // WANING EMBER // OUTER RANGE BREWING // DDH IPA,7.29,England,4.04,Northern Monk,7.0,IPA - New England / Hazy,Can 440ml,440,16.57,IPA
Fuerst Wiacek x Track It's Been Awhile TDH IPA ( 24),7.29,England,3.71,North Brewing Co.,5.5,Pale Ale - American,Can 440ml,440,16.57,Pale Ale
What Dreams Are Made of,7.29,England,4.17,Verdant Brewing Co,8.4,IPA - Imperial / Double New England / Hazy,Can 440ml,440,16.57,IPA
I Love Hops #12,7.29,Switzerland,4.07,Hoppy People,8.0,IPA - Imperial / Double New England / Hazy,Can 440ml,440,16.57,IPA
Rhubarb & Custard Sour,7.29,Scotland,3.93,Vault City Brewing,4.7,Sour - Smoothie / Pastry,Can 440ml,440,16.57,Sour
East,7.29,Finland,3.92,CoolHead Brew,7.0,IPA - New England / Hazy,Can 440ml,440,16.57,IPA
Aura,7.29,United States,4.11,Great Notion Brewing,7.2,IPA - New England / Hazy,Can 440ml,440,16.57,IPA
For The Love Of Hops Coral New England White IPA,7.29,Netherlands,3.6,Brouwerij Frontaal,5.5,IPA - White / Wheat,Can 440ml,440,16.57,IPA
Here comes Geronimo,7.29,Brazil,4.18,Salvador Brewing Co.,8.0,IPA - Imperial / Double New England / Hazy,Can 440ml,440,16.57,IPA
HYPER DRIFT,7.29,Spain,4.08,Garage Beer Co.,8.2,IPA - Imperial / Double,Can 440ml,440,16.57,IPA
Wavy,7.29,Spain,4.08,SOMA Beer,6.5,IPA - New England / Hazy,Can 440ml,440,16.57,IPA
Extinction Is Forever!: Philippine Crocodile,8.29,Austria,3.89,Brauhaus Bevog,7.1,IPA - New England / Hazy,500ml,500,16.58,IPA
Infinite Mass,8.29,United States,4.12,Equilibrium Brewery,8.0,IPA - Imperial / Double,500ml,500,16.58,IPA
Citra Paradox,8.29,United States,4.15,Equilibrium Brewery,8.1,IPA - Imperial / Double,500ml,500,16.58,IPA
Ulysse,7.3,France,3.97,Mogwaï Beer Company,8.3,IPA - Imperial / Double,Can 440ml,440,16.59,IPA
White Metal Tiger,7.3,France,3.92,Mogwaï Beer Company,6.6,IPA - American,Can 440ml,440,16.59,IPA
Mink Session IPA,7.3,Denmark,3.53,Bad Seed Brewing,5.0,IPA - Session,Can 440ml,440,16.59,IPA
NEIPA Mosaic El Dorado,7.3,France,3.94,Brasserie Cambier,6.0,IPA - New England / Hazy,Can 440ml,440,16.59,IPA
Chit Happens,7.3,France,3.89,Mogwaï Beer Company,6.0,IPA - New England / Hazy,Can 440ml,440,16.59,IPA
Barrel Aged Mendacious,10.95,England,3.61,Weird Beard Brew Co.,9.2,Stout - Imperial / Double Pastry,660ml,660,16.59,Stout
Sterrenstof,7.3,Finland,3.22,Revenant Brewing Project collab/ Frontaal Brewing Co.,8.0,IPA,Can 440ml,440,16.59,IPA
Chocolate Fudge Brownie,7.3,England,3.9,Northern Monk,8.4,Stout - Milk / Sweet,Can 440ml,440,16.59,Stout
Patrons Project 18.07 // Sandy Kerr // North Sea Sessions // Pipeline Brewing // Pale Ale,7.3,England,3.85,Northern Monk,5.0,Pale Ale - New Zealand,Can 440ml,440,16.59,Pale Ale
50/50: Amarillo/Simcoe,7.3,Sweden,3.81,O/O Brewing,6.5,IPA - American,Can 440ml,440,16.59,IPA
The Caramel On The Cake,7.3,France,3.9,Les Intenables - Craft Beer -,12.4,Stout - Imperial / Double,Can 440ml,440,16.59,Stout
Twisted Transistor (bbf: 7-25),7.3,Germany,4.09,FrauGruber Brewing,10.2,IPA - Triple New England / Hazy,Can 440ml,440,16.59,IPA
Waning Ember,7.3,England,4.04,Northern Monk,7.0,IPA - New England / Hazy,Can 440ml,440,16.59,IPA
Sloth,7.3,England,4.01,Northern Monk,8.4,Stout - Imperial / Double Pastry,Can 440ml,440,16.59,Stout
A Tope!,7.3,Spain,3.92,Gro Brewers,8.0,IPA - Imperial / Double New England / Hazy,Can 440ml,440,16.59,IPA
MAIN SEQUENCE  -  THT/BBE 04/24,7.3,Spain,4.0,Garage Beer Co.,10.0,IPA - Triple,Can 440ml,440,16.59,IPA
De Moersleutel Fryed Brain,7.3,Netherlands,3.99,Moersleutel Craft Brewery,11.0,Stout - Imperial / Double,Can 440ml,440,16.59,Stout
Labratchet,7.3,Netherlands,4.11,Moersleutel Craft Brewery,15.0,Stout - Imperial / Double Pastry,Can 440ml,440,16.59,Stout
The House On The Hill,7.3,Denmark,3.79,Dry & Bitter Brewing Company,6.6,IPA - New England / Hazy,Can 440ml,440,16.59,IPA
Toffee Brick Layer,7.3,Netherlands,4.11,Moersleutel Craft Brewery,12.0,Stout - Imperial / Double Pastry,Can 440ml,440,16.59,Stout
Nissevenner 2024 Vienna Lager x ÅBEN,7.3,Denmark,3.38,SKØL Brygkompagni,7.5,Lager - Vienna,Can 440ml,440,16.59,Lager
Muffin Framboise,7.3,France,4.16,Les Intenables - Craft Beer -,6.7,Sour - Smoothie / Pastry,Can 440ml,440,16.59,Sour
Slacks,7.3,Wales,3.97,Polly's Brew Co.,6.0,IPA - New England / Hazy,Can 440ml,440,16.59,IPA
Haze From the Crypt: Hell Champion,7.3,Germany,4.02,Sudden Death Brewing Co.,6.8,IPA - New England / Hazy,Can 440ml,440,16.59,IPA
Fresh Pulp IPA,7.3,England,3.83,Buxton Brewery,6.0,IPA - New England / Hazy,Can 440ml,440,16.59,IPA
Memento Mori (bbf: 08-25),7.3,Brazil,4.09,Spartacus Brewing,8.5,IPA - Imperial / Double New England / Hazy,Can 440ml,440,16.59,IPA
Jart-Elle - 75cl,12.45,Belgium,3.89,Lambiek Fabriek,6.0,Lambic - Kriek,Bottle 750ml,750,16.6,Lambic
Gelato Sourpuss: Cat Concerto,8.3,Romania,4.22,Hop Hooligans,6.0,Sour - Smoothie / Pastry,Can 500ml,500,16.6,Sour
Gelato Sourpuss: Redbeards Revenge,8.3,Romania,4.3,Hop Hooligans,6.0,Sour - Smoothie / Pastry,Can 500ml,500,16.6,Sour
Hop Hooligans / P.I.G.S. - Sharpest Knife In The Drawer,8.3,Romania,3.63,Hop Hooligans,6.0,Sour Ale,Can 500ml,500,16.6,Sour Ale
Gelato Sourpuss: Monday Motivation,8.3,Romania,4.32,Hop Hooligans,6.0,Sour - Smoothie / Pastry,Can 500ml,500,16.6,Sour
Oud Beersel: Oude Kriek 2021,12.45,Belgium,4.09,Oud Beersel,6.0,Lambic - Kriek,Bottle 750ml,750,16.6,Lambic
Lambiek Fabriek: Juicy & Wild Muri-Elle 2020,12.45,Belgium,4.03,Lambiek Fabriek,7.0,Lambic - Fruit,Bottle 750ml,750,16.6,Lambic
Evil Twin / Westbrook Imperial Mexican Biscotti Cake Break - VINTAGE 2017,10.79,United States,4.17,Evil Twin Brewing/ Westbrook Brewing Co.,10.4,Stout - Imperial / Double,Bottle 650ml,650,16.6,Stout
Smoothiesh: What Did the Sushi Say To the Bee?,8.3,Croatia,4.24,Pulfer Brewery,5.0,Sour - Smoothie / Pastry,500ml,500,16.6,Sour
Fatamorgana,5.48,Sweden,3.35,Omnipollo,8.0,IPA - Session,Can 330ml,330,16.61,IPA
Succubus Oude Gueuze,6.23,Belgium,3.93,Hanssens Artisanaal,6.0,Lambic - Gueuze,Bottle 375ml,375,16.61,Lambic
Grand Cru MAGNUM,24.95,Belgium,3.71,Brasserie St-Feuillien,9.5,Belgian Strong Golden Ale,Bottle 1500ml,1500,16.63,Belgian Strong Golden Ale
Herbie,12.47,Spain,3.87,Cyclic Beer Farm,5.6,Farmhouse Ale - Saison,Bottle 750ml,750,16.63,Farmhouse Ale
Caramel Fudge Stout Barrel Aged Het Anker,5.49,Netherlands,4.01,Brouwerij Kees,11.0,Stout - Imperial / Double Pastry,330ml,330,16.64,Stout
Caramel Fudge Stout Bourbon 2024,5.49,Netherlands,4.02,Brouwerij Kees,11.5,Stout - Imperial / Double,330ml,330,16.64,Stout
Pineapple Express Witbier,5.49,Netherlands,3.46,Brouwerij Frontaal,5.2,Wheat Beer - Witbier / Blanche,330ml,330,16.64,Wheat Beer
BLACK CHEESECAKE,5.49,Latvia,4.0,Hopalaa,10.0,Stout - Imperial / Double,330ml,330,16.64,Stout
Fai Tality – Foreign Legion 2024,5.49,Netherlands,3.65,KOMPAAN Dutch Craft Beer Company,10.4,Barleywine - English,330ml,330,16.64,Barleywine
Jesse Rauchmann – Foreign Legion 2024,5.49,Netherlands,3.76,KOMPAAN Dutch Craft Beer Company,9.8,Bock - Doppelbock,330ml,330,16.64,Bock
Smokey – Foreign Legion 2024,5.49,Netherlands,3.74,KOMPAAN Dutch Craft Beer Company,10.0,Bock - Doppelbock,330ml,330,16.64,Bock
Vlad the Vet – Foreign Legion 2024,5.49,Netherlands,3.77,KOMPAAN Dutch Craft Beer Company,11.1,Stout - Imperial / Double,330ml,330,16.64,Stout
Candric LaMer – Foreign Legion 2024,5.49,Netherlands,3.89,KOMPAAN Dutch Craft Beer Company,10.9,Barleywine - American,330ml,330,16.64,Barleywine
New Zealand,5.49,Italy,3.73,CRAK Brewery,7.0,Gluten-Free,330ml,330,16.64,Gluten-Free
BLACK TIRAMISU,5.49,Latvia,3.78,Hopalaa,10.0,Stout - Imperial / Double,330ml,330,16.64,Stout
Stainless Forest,5.49,United States,4.12,Burlington Beer Company,8.2,IPA - Imperial / Double New England / Hazy,330ml,330,16.64,IPA
BLACK CHOCOLATE FUDGE,5.49,Latvia,3.98,Hopalaa,10.0,Stout - Imperial / Double,330ml,330,16.64,Stout
Dubbelmås,5.49,Sweden,4.05,Stigbergets Bryggeri,8.5,IPA - Imperial / Double New England / Hazy,330ml,330,16.64,IPA
Three Times Three / Omnipollo / Root+Branch / Fidens / Green Cheeck / WeldWerks / Vitamin Sea,5.49,United States,4.21,Equilibrium Brewery,10.5,IPA - Triple,330ml,330,16.64,IPA
Melchior Vintage Recipe Serie Whisky Barrel Aged,5.49,Belgium,3.9,Brouwerij Alvinne,11.0,Winter Ale,330ml,330,16.64,Winter Ale
Matrioshka Imperial Stout,5.49,Spain,3.68,Cierzo Brewing Co.,10.5,Stout - Imperial / Double,330ml,330,16.64,Stout
Ivan the Impostor – Foreign Legion 2024,5.49,Netherlands,3.94,KOMPAAN Dutch Craft Beer Company,12.0,Belgian Quadrupel,330ml,330,16.64,Belgian Quadrupel
Trappist Westvleteren 8,5.49,Belgium,4.18,Brouwerij De Sint-Sixtusabdij van Westvleteren,8.0,Belgian Dubbel,330ml,330,16.64,Belgian Dubbel
Imperial Brown Stout London 1856,5.49,England,4.06,The Kernel Brewery,10.1,Stout - Russian Imperial,330ml,330,16.64,Stout
Give me Shelter,5.49,Germany,4.0,Sudden Death Brewing Co.,7.0,IPA - New England / Hazy,330ml,330,16.64,IPA
Lervig Liquid Reboot,5.49,Norway,3.96,LERVIG,7.7,IPA - Imperial / Double New England / Hazy,330ml,330,16.64,IPA
Hopsplosie,5.49,Netherlands,4.03,Brouwerij Neef,7.0,IPA - New England / Hazy,330ml,330,16.64,IPA
Meute DIPA,5.49,Belgium,3.82,La Source Beer Co.,6.5,IPA - New England / Hazy,Can 330ml,330,16.64,IPA
Deserted Island New England Weizen IPA,5.49,Netherlands,3.51,Brouwerij Frontaal,4.7,IPA - Other,330ml,330,16.64,IPA
Poolside,5.49,Netherlands,3.84,Dutch Bargain,9.0,IPA - Triple New England / Hazy,330ml,330,16.64,IPA
Pistache,12.49,France,3.93,Prizm Brewing Co.,12.0,IPA - Imperial / Double New England / Hazy,Bottle 750ml,750,16.65,IPA
Lactic Fantastic Apricot,5.5,Netherlands,3.58,De Kromme Haring,5.0,Wild Ale - American,330ml,330,16.67,Wild Ale
Cumulus Fractus,12.5,France,3.65,Aerofab,6.5,Sour - Berliner Weisse,Bottle 750ml,750,16.67,Sour
Cumulus,12.5,France,4.25,Aerofab,5.3,Sour - Berliner Weisse,Bottle 750ml,750,16.67,Sour
Aurrera Stanitsa,5.5,Spain,4.13,Laugar Brewery,11.2,Stout - Russian Imperial,330ml,330,16.67,Stout
Baladin Nazionale Gluten Free,5.5,Italy,3.35,BIRRIFICIO AGRICOLO BALADIN - Baladin Indipendente Italian Farm Brewery,6.5,Gluten-Free,330ml,330,16.67,Gluten-Free
Cubulteria,5.5,Italy,3.56,Karma,6.5,Wheat Beer - Witbier / Blanche,330ml,330,16.67,Wheat Beer
Achel Gallant,12.5,Belgium,3.78,Brouwerij der Sint-Benedictusabdij De Achelse Kluis,9.5,Belgian Strong Golden Ale,Bottle 750ml,750,16.67,Belgian Strong Golden Ale
Abricot 2022,12.5,France,3.79,Sacrilège,5.4,Wild Ale - Other,Bottle 750ml,750,16.67,Wild Ale
Five Friends,5.5,England,3.54,Oliver's Cider & Perry,6.8,Cider - Dry,Bottle 330ml,330,16.67,Cider
Gueuze 2024,12.5,Belgium,4.2,Brasserie Cantillon,5.5,Lambic - Gueuze,Bottle 750ml,750,16.67,Lambic
Young & Wild Fontan-Elle,12.5,Belgium,3.94,Lambiek Fabriek,5.5,Lambic - Traditional,Bottle 750ml,750,16.67,Lambic
Rhubarbe,12.5,France,3.97,La Brasserie du Mont Salève,4.2,Sour - Fruited,Bottle 750ml,750,16.67,Sour
Brutale,12.5,France,4.05,La Brasserie du Mont Salève,6.0,Sour - Other,Bottle 750ml,750,16.67,Sour
Parcelles,12.5,France,4.04,La Brasserie du Mont Salève,6.0,Grape Ale - Other,Bottle 750ml,750,16.67,Grape Ale
Tatanka V2,5.5,France,4.1,Hoppy Road,10.7,Stout - Imperial / Double,330ml,330,16.67,Stout
Maple Banger,5.5,Estonia,3.92,Põhjala,13.0,Stout - Imperial / Double,330ml,330,16.67,Stout
Chocolate Porter,5.5,Estonia,3.84,Põhjala,10.0,Porter - Imperial / Double,330ml,330,16.67,Porter
Spectrum Shift,5.5,Estonia,4.05,Pühaste Brewery,8.0,IPA - Triple New England / Hazy,330ml,330,16.67,IPA
Fresita,12.5,Spain,3.85,Cyclic Beer Farm,5.6,Sour - Fruited,Bottle 750ml,750,16.67,Sour
Piece of Cake 'Rocky Road',5.5,Netherlands,4.04,Brouwerij Frontaal,10.0,Stout - Imperial / Double Pastry,330ml,330,16.67,Stout
VNDL Pistache,12.5,France,4.05,Vendale,12.0,Grape Ale - Other,Bottle 750ml,750,16.67,Grape Ale
Himbeer Weisse,5.5,Germany,3.11,Braumanufaktur Hertl,3.8,Sour - Fruited Berliner Weisse,330ml,330,16.67,Sour
Imperial Stout BA Cerise...,5.5,France,4.08,Brasserie Iron,11.0,Stout - Imperial / Double,330ml,330,16.67,Stout
Big Papa,5.5,Netherlands,3.82,Brouwerij LOST,12.0,Stout - Russian Imperial,330ml,330,16.67,Stout
Oude Gueuze 2021/2022,12.5,Belgium,4.08,Gueuzerie Tilquin,7.0,Lambic - Gueuze,Bottle 750ml,750,16.67,Lambic
Monyo Mojo Workin'24 Raspberry x Basil,5.5,Hungary,3.85,MONYO Brewing Co.,4.2,Sour - Fruited,330ml,330,16.67,Sour
Land Van De Meester (Alvinne collab),5.5,Belgium,3.84,Brewery De Meester,11.0,Belgian Strong Dark Ale,330ml,330,16.67,Belgian Strong Dark Ale
Altitude,12.5,France,4.25,La Montagnarde Sauvage,5.5,Sour - Other,Bottle 750ml,750,16.67,Sour
Never Look Back BA,5.5,Netherlands,3.98,Brouwerij Frontaal,11.0,Barleywine - American,330ml,330,16.67,Barleywine
Rouge,6.25,England,3.99,Pastore Brewing and Blending,5.5,Wild Ale - Other,Bottle 375ml,375,16.67,Wild Ale
Tripel Karmeliet Tripel,5.5,Belgium,3.99,Brouwerij Bosteels,8.4,Belgian Tripel,330ml,330,16.67,Belgian Tripel
Oude Geuze 2022 Blend 8,12.5,Belgium,4.06,Brouwerij 3 Fonteinen,6.0,Lambic - Gueuze,Bottle 750ml,750,16.67,Lambic
Cuvée Mistral,12.5,France,4.02,Sacrilège,8.4,Wild Ale - Other,Bottle 750ml,750,16.67,Wild Ale
Oerbier Belgian Strong Dark Ale,5.5,Belgium,3.71,Brouwerij De Dolle Brouwers,9.0,Belgian Strong Dark Ale,330ml,330,16.67,Belgian Strong Dark Ale
Rye Wine,5.5,Germany,3.81,BRLO,10.0,Rye Wine,330ml,330,16.67,Rye Wine
Deerhunter 2021 BA vol. II,5.5,Netherlands,4.18,Brouwerij Frontaal,13.4,Stout - Russian Imperial,330ml,330,16.67,Stout
Calamity,5.5,France,3.89,Hoppy Road,10.6,Stout - Imperial / Double,330ml,330,16.67,Stout
Gift From Demeter Blend 2,12.5,Denmark,3.69,Baghaven Brewing and Blending,7.6,Wild Ale - Other,Bottle 750ml,750,16.67,Wild Ale
Struise Cuvee Delphine (2020),5.5,Belgium,4.13,De Struise Brouwers,13.0,Stout - Russian Imperial,330ml,330,16.67,Stout
Kees - Barrel Project Bowmore 2023,5.5,Netherlands,3.88,Brouwerij Kees,11.0,Barleywine - Other,330ml,330,16.67,Barleywine
Coffee Stout,12.5,Czech Republic,4.3,Rodinný Pivovar Zichovec,14.0,Stout - Imperial / Double Coffee,Bottle 750ml,750,16.67,Stout
Barrel Project Peated 2023,5.5,Netherlands,3.91,Brouwerij Kees,10.0,Stout - Imperial / Double,330ml,330,16.67,Stout
Kees - Barrel Project Bourbon 2024,5.5,Netherlands,4.0,Brouwerij Kees,10.9,Barleywine - American,330ml,330,16.67,Barleywine
Homeland / Nevel Misthoorn,5.5,United States,3.76,New Holland Brewing,5.8,Stout - Other,330ml,330,16.67,Stout
Noot Aan De Man BA,5.5,Netherlands,3.53,100 Watt Brewery,9.7,Brown Ale - Imperial / Double,330ml,330,16.67,Brown Ale
Earth Is Not Flat,5.5,Romania,3.92,Hop Hooligans,6.5,IPA - New England / Hazy,Can 330ml,330,16.67,IPA
Bored Panda,5.5,Sweden,3.8,Brewski,11.2,Barleywine - English,330ml,330,16.67,Barleywine
Ugar Brewery Trailer 025,5.5,Hungary,3.91,UGAR Brewery,7.2,IPA - New England / Hazy,330ml,330,16.67,IPA
No Half Stackin',5.5,Bulgaria,3.76,Alchemik,7.0,Sour - Fruited,330ml,330,16.67,Sour
Black Master #02 German Whisky BA,5.5,Belgium,4.15,Brewery De Meester,12.0,Stout - Russian Imperial,330ml,330,16.67,Stout
Old School #2 Armagnac / Whisky BA,5.5,Belgium,4.03,Brewery De Meester,12.0,Barleywine - English,330ml,330,16.67,Barleywine
Barley Wine Special Edition Double Maple Syrup,5.5,Netherlands,3.88,Muifelbrouwerij,12.5,Barleywine - Other,330ml,330,16.67,Barleywine
Yorkshire Pudding,5.5,Spain,3.52,Basqueland Brewing,5.7,IPA - English,330ml,330,16.67,IPA
Oude Gueuze (2023) Batch 3,12.5,Belgium,4.09,Het Boerenerf Eylenbosch,7.0,Lambic - Gueuze,Bottle 750ml,750,16.67,Lambic
Chai - Repas de Famille,12.5,France,3.65,Brasserie La Malpolon,6.0,Farmhouse Ale - Other,Bottle 750ml,750,16.67,Farmhouse Ale
La Guillotine Tripel,5.5,Belgium,3.57,Delirium - Huyghe Brewery,8.5,Belgian Strong Golden Ale,330ml,330,16.67,Belgian Strong Golden Ale
Szilvás Gombóc Double Cinnamon Edition,5.5,Hungary,3.84,Mad Scientist,10.0,Sour - Smoothie / Pastry,330ml,330,16.67,Sour
Escale 2023,12.5,France,3.81,Sacrilège,6.4,Farmhouse Ale - Bière de Coupage,Bottle 750ml,750,16.67,Farmhouse Ale
Prune 2022,12.5,France,3.98,Sacrilège,5.5,Wild Ale - Other,Bottle 750ml,750,16.67,Wild Ale
Ardenne Wood - Gallia Belgica,5.5,Belgium,3.8,Brasserie Minne,11.0,Wheat Beer - Wheat Wine,330ml,330,16.67,Wheat Beer
Saison Lee Yuzu (33 cl),5.5,France,4.3,Nano Brasserie SPO,5.9,Farmhouse Ale - Saison,330ml,330,16.67,Farmhouse Ale
Cantaloupe Express (Alvinne collab),12.5,Belgium,3.59,Brouwerij Alvinne/ MadX,6.9,Farmhouse Ale - Other,Bottle 750ml,750,16.67,Farmhouse Ale
Glas Op Poot,5.5,Netherlands,3.34,Bierbrouwerij Vermeersen,5.0,Wheat Beer - Witbier / Blanche,330ml,330,16.67,Wheat Beer
Lemon Ale,5.5,Italy,3.33,Karma,5.5,Wheat Beer - Witbier / Blanche,330ml,330,16.67,Wheat Beer
Mingus,12.5,Spain,3.81,Cyclic Beer Farm,5.9,Farmhouse Ale - Saison,Bottle 750ml,750,16.67,Farmhouse Ale
Etyeki Apple of the God,5.5,Hungary,3.75,Etyeki Sörmanufaktúra,6.0,Sour - Fruited,330ml,330,16.67,Sour
Walhalla - Daemon 19 - Astaroth,5.5,Netherlands,3.82,Walhalla Brouwerij & Proeflokaal,10.0,Smoked Beer,330ml,330,16.67,Smoked Beer
Chaos,12.51,Belgium,3.84,La Source Beer Co.,6.8,Grape Ale - Other,Bottle 750ml,750,16.68,Grape Ale
Cigale (Chardonnay & Simcoe Edition),12.51,Belgium,3.87,La Source Beer Co.,8.2,Grape Ale - Other,Bottle 750ml,750,16.68,Grape Ale
Hop & Stave,12.52,Italy,3.96,Siemàn,6.2,Wild Ale - American,Bottle 750ml,750,16.69,Wild Ale
Trinity in Black - keykeg,333.8,Russia,4.15,AF Brew/ Pühaste Brewery/ Zagovor Brewery,12.5,Stout - Imperial / Double Milk,20000ml,20000,16.69,Stout
Cuvée de Mortagne Oloroso BA,5.51,Belgium,3.99,Brouwerij Alvinne,12.8,Belgian Quadrupel,330ml,330,16.7,Belgian Quadrupel
QDH Galaxy x Nelson x Mosaic Cryo TIPA,7.35,Latvia,3.98,Ārpus Brewing Co.,9.5,IPA - Triple New England / Hazy,Can 440ml,440,16.7,IPA
Creepy (canned: 16-09-24),7.35,Spain,4.14,SOMA Beer,8.0,IPA - Imperial / Double New England / Hazy,Can 440ml,440,16.7,IPA
Are We Having Fun Yet?,7.9,United States,3.95,Hoof Hearted Brewing,6.0,Pale Ale - American,473ml,473,16.7,Pale Ale
Dessert Station: Peach Rings,7.9,United States,4.04,Corporate Ladder Brewing Company,6.5,Gluten-Free,473ml,473,16.7,Gluten-Free
Cigalo,7.35,Spain,3.46,La Pirata Brewing,10.0,Porter - Imperial / Double Baltic,Can 440ml,440,16.7,Porter
Dolores,7.9,United States,3.82,Living Häus Beer Company,4.8,Pilsner - Other,473ml,473,16.7,Pilsner
IRL (canned: 23-10-24),7.35,Spain,4.13,SOMA Beer,8.0,IPA - Imperial / Double New England / Hazy,Can 440ml,440,16.7,IPA
Pohjala CocoBänger,5.51,Estonia,4.12,Põhjala,12.5,Stout - Imperial / Double Coffee,330ml,330,16.7,Stout
Feed The Machine,7.35,France,4.13,Prizm Brewing Co.,11.0,Stout - Imperial / Double,Can 440ml,440,16.7,Stout
Volta 2023,12.55,Spain,3.78,Cyclic Beer Farm,4.0,Sour - Fruited,Bottle 750ml,750,16.73,Sour
Wild Cider Bourbon BA,12.55,Belgium,3.66,Brewery De Meester,8.0,Cider - Dry,Bottle 750ml,750,16.73,Cider
Chokoh Ha - keykeg,334.8,Estonia,4.03,Pühaste Brewery,12.0,Porter - Imperial / Double,20000ml,20000,16.74,Porter
Fruit Works Mango - Passion - Strawberry Gose,7.37,Hungary,4.0,Brew Your Mind,7.2,Sour - Fruited,Can 440ml,440,16.75,Sour
Damn That Feels Nice,7.37,Romania,3.88,Bereta Brewing Co.,6.2,IPA - New England / Hazy,Can 440ml,440,16.75,IPA
Wired And Gold,7.37,Spain,3.71,Garage Beer Co.,6.0,Sour - Fruited Berliner Weisse,Can 440ml,440,16.75,Sour
Veloria Spectra,7.37,Germany,3.96,Blech.Brut,6.5,IPA - New England / Hazy,Can 440ml,440,16.75,IPA
Double Gatekeeper,7.37,England,3.79,Buxton Brewery,8.2,Porter - Imperial / Double,Can 440ml,440,16.75,Porter
Cuvée de Mortagne,5.53,Belgium,3.9,Brouwerij Alvinne,12.8,Belgian Quadrupel,330ml,330,16.76,Belgian Quadrupel
Son of a Baptist,5.95,United States,3.97,"Epic Brewing Co. (Utah, Colorado)",8.0,Stout - Imperial / Double Coffee,355ml,355,16.76,Stout
Oud Beersel Oude Geuze 2022,12.57,Belgium,3.94,Brouwerij Boon,6.5,Lambic - Gueuze,Bottle 750ml,750,16.76,Lambic
Devillé Geus Genereus,6.29,Belgium,3.32,Den Herberg,6.2,Brett Beer,Bottle 375ml,375,16.77,Brett Beer
Omnipollo / Sierra Nevada - Maze,7.38,Sweden,3.77,Omnipollo,5.6,Pale Ale - American,Can 440ml,440,16.77,Pale Ale
Cassis 37.5cl,6.3,Belgium,3.63,Brouwerij Lindemans,3.5,Lambic - Fruit,Bottle 375ml,375,16.8,Lambic
Banana Foster Buttermilk Pancake Stack,7.39,England,3.58,Buxton Brewery,9.7,Stout - Imperial / Double Pastry,Can 440ml,440,16.8,Stout
Mirakel 2023,12.6,Belgium,3.8,Brouwerij De Ranke,5.5,Lambic - Gueuze,Bottle 750ml,750,16.8,Lambic
Saturated in Motueka,8.4,England,4.19,DEYA Brewing Company,8.0,IPA - Imperial / Double New England / Hazy,500ml,500,16.8,IPA
Noa Pecan Mud Cake Stout,8.4,Sweden,4.19,Omnipollo,11.0,Stout - Imperial / Double Pastry,Bottle 500ml,500,16.8,Stout
WILL IT FLOAT #6,7.39,Netherlands,3.77,White Dog Brewery,6.0,Sour - Smoothie / Pastry,Can 440ml,440,16.8,Sour
Techno Tomboy,7.39,United States,4.07,Outer Range Brewing Co.,7.2,IPA - New England / Hazy,Can 440ml,440,16.8,IPA
Deya Steady Rolling Strata DIPA 2024,8.4,England,4.16,DEYA Brewing Company,8.0,IPA - Imperial / Double,Can 500ml,500,16.8,IPA
CHOCOLATE FUDGE BROWNIE // STOUT,7.39,England,3.86,Northern Monk,8.4,Stout - Imperial / Double Pastry,Can 440ml,440,16.8,Stout
Arpus TDH Talus x Cascade IPA,7.39,Latvia,3.91,Ārpus Brewing Co.,6.5,IPA - New England / Hazy,Can 440ml,440,16.8,IPA
Saison Du Pinacle,12.6,Canada,3.79,Brasserie Dunham,6.5,Farmhouse Ale - Saison,Bottle 750ml,750,16.8,Farmhouse Ale
Sharpest Knife In The Drawer,8.4,Greece,4.43,P.i.g.s. Brewery,6.0,Sour - Smoothie / Pastry,500ml,500,16.8,Sour
Arpus TDH NZ Cascade x Rakau x Citra IPA,7.39,Latvia,3.88,Ārpus Brewing Co.,6.5,IPA - New England / Hazy,Can 440ml,440,16.8,IPA
Evil Dead 2 (2024) X Chain House,8.4,England,4.16,Rivington Brewing Co,8.0,IPA - Imperial / Double,500ml,500,16.8,IPA
Florida Vibes: Pinkie,8.4,Poland,3.99,Funky Fluid,7.2,Sour - Fruited,Can 500ml,500,16.8,Sour
Zichovec x Sudden Death Winter Affair Gossip,8.4,Czech Republic,3.92,Rodinný Pivovar Zichovec,6.0,Sour - Fruited,Can 500ml,500,16.8,Sour
Funky Fluid x Ruse Pink Mirror,8.4,Poland,3.93,Funky Fluid,8.0,IPA - Imperial / Double New England / Hazy,Can 500ml,500,16.8,IPA
Saltimbocca,6.3,Belgium,3.83,Brasserie Zythologist,5.5,Farmhouse Ale - Bière de Garde,Bottle 375ml,375,16.8,Farmhouse Ale
Vinohradsky Pivovar - Māhutonga,8.4,Czech Republic,3.73,Vinohradský pivovar,5.9,IPA - New England / Hazy,Can 500ml,500,16.8,IPA
Double Steady Rolling Strata,8.4,England,4.14,DEYA Brewing Company,8.0,IPA - Imperial / Double New England / Hazy,500ml,500,16.8,IPA
Doesjel (season 19|20) Blend No. 85  -  SHOP ONLY,12.6,Belgium,4.16,Brouwerij 3 Fonteinen,6.5,Lambic - Gueuze,Bottle 750ml,750,16.8,Lambic
Deya Living In And Out Of Tune,8.4,England,3.3,DEYA Brewing Company,7.0,Lager - Other,Can 500ml,500,16.8,Lager
Oude Geuze,6.3,Belgium,3.37,Brouwerij Boon,6.5,Lambic - Gueuze,Bottle 375ml,375,16.8,Lambic
Timmermans Oude Kriek,6.3,Belgium,3.72,Brewery John Martin & Brewery Timmermans,5.5,Lambic - Kriek,Bottle 375ml,375,16.8,Lambic
Bonsai,6.3,Belgium,3.61,Brasserie Zythologist,4.5,Sour - Other,Bottle 375ml,375,16.8,Sour
South of Eleven,7.95,United States,4.15,Hoof Hearted Brewing,10.0,IPA - Triple New England / Hazy,473ml,473,16.81,IPA
Bottle Logic 714 Blonde Ale,7.95,United States,3.54,Bottle Logic Brewing,4.8,Blonde / Golden Ale - Other,473ml,473,16.81,Blonde / Golden Ale
Taste the Crystals Vol. 2,7.95,United States,3.97,Transient Artisan Ales,8.0,IPA - Imperial / Double,473ml,473,16.81,IPA
Chasing Trees New England IPA,7.95,United States,4.04,DankHouse Brewing Company,8.2,IPA - Imperial / Double,Can 473ml,473,16.81,IPA
Common Roots Sun Garden,7.95,United States,4.25,Hoof Hearted Brewing,8.0,IPA - Imperial / Double,473ml,473,16.81,IPA
Cascade Green Sweater Double IPA,5.55,Netherlands,3.75,Uiltje Brewing Company,8.0,IPA - Imperial / Double,Can 330ml,330,16.82,IPA
Kyrkans Festöl Pilsner x Living Häus Beer Co. & Wayfinder Beer,7.4,Sweden,3.47,Omnipollo,5.2,Pilsner - German,Can 440ml,440,16.82,Pilsner
Screened Out Of Heaven,7.4,England,3.91,Sureshot Brewing,6.0,IPA - New England / Hazy,Can 440ml,440,16.82,IPA
Ridgeline,7.4,Norway,4.18,Salikatt Bryggeri,10.0,IPA - Triple New England / Hazy,Can 440ml,440,16.82,IPA
Super Muffin,7.4,France,4.12,Les Intenables - Craft Beer -,6.7,Sour - Smoothie / Pastry,Can 440ml,440,16.82,Sour
Sueno Latino,5.55,Netherlands,3.92,Van Moll,10.5,Porter - Baltic,330ml,330,16.82,Porter
Muffin Myrtille,7.4,France,4.07,Les Intenables - Craft Beer -,6.7,Sour - Smoothie / Pastry,Can 440ml,440,16.82,Sour
Wind – Belgian Quadrupel,7.4,Netherlands,4.07,Moersleutel Craft Brewery,12.0,Belgian Quadrupel,Can 440ml,440,16.82,Belgian Quadrupel
WRCLW Baltic Porter - Salted Caramel Nitro,5.55,Poland,3.91,Browar Stu Mostów,9.1,Porter - Imperial / Double Baltic,330ml,330,16.82,Porter
PATRONS PROJECT 36.07 // CHRIS (SIMPSONS ARTIST) // WITCHES FINGERS // DDH IPA,7.4,England,3.67,Northern Monk,7.0,IPA - New England / Hazy,Can 440ml,440,16.82,IPA
Sweet Shop Violets Sour,7.4,Scotland,3.84,Vault City Brewing,6.5,Sour - Fruited,Can 440ml,440,16.82,Sour
ATE,7.4,Germany,4.19,FUERST WIACEK,8.0,IPA - Imperial / Double New England / Hazy,Can 440ml,440,16.82,IPA
They Went on Forever,7.4,England,4.03,Verdant Brewing Co,6.0,IPA - New England / Hazy,Can 440ml,440,16.82,IPA
For the Love of Hops Indigo Edition  Triple White NEIPA,7.4,Netherlands,3.8,Brouwerij Frontaal,9.5,IPA - Triple,Can 440ml,440,16.82,IPA
Perfect Krush (canned: 01-10-24),5.55,Italy,3.98,CRAK Brewery,6.5,IPA - American,330ml,330,16.82,IPA
Vive la Fête,5.55,Netherlands,3.55,Van Moll,9.8,IPA - Imperial / Double,330ml,330,16.82,IPA
Prizmàtics,7.4,Spain,4.1,KOM Beer,8.0,IPA - Imperial / Double New England / Hazy,Can 440ml,440,16.82,IPA
Nilbog Milk,7.4,England,4.0,Sureshot Brewing,6.5,IPA - New England / Hazy,Can 440ml,440,16.82,IPA
Gute Nacht Freunde,5.55,Netherlands,3.84,Van Moll,10.0,Wheat Beer - Wheat Wine,330ml,330,16.82,Wheat Beer
Green Godfather IPA,7.4,Denmark,3.79,Bad Seed Brewing,6.8,IPA - American,Can 440ml,440,16.82,IPA
Switchback (BFF:02-02-25),7.4,Norway,4.13,Salikatt Bryggeri,8.0,IPA - Imperial / Double New England / Hazy,Can 440ml,440,16.82,IPA
Wishful Thinking,7.4,Wales,3.78,Polly's Brew Co.,5.3,Pale Ale - New England / Hazy,Can 440ml,440,16.82,Pale Ale
Pear Drops Sour,7.4,Scotland,3.92,Vault City Brewing,4.8,Sour - Fruited,Can 440ml,440,16.82,Sour
Once Upon A Time In Manchester: Stout,7.4,England,3.9,Cloudwater Brew Co.,7.0,Stout - English,Can 440ml,440,16.82,Stout
Mango x Redcurrant x Blackberry Smoothie Sour Ale,7.4,Latvia,4.22,Ārpus Brewing Co.,5.0,Sour - Smoothie / Pastry,Can 440ml,440,16.82,Sour
Singapore Sling Sour,7.4,Scotland,3.8,Vault City Brewing,6.4,Sour - Fruited,Can 440ml,440,16.82,Sour
Panoramix,7.4,Spain,4.08,KOM Beer,8.2,IPA - Imperial / Double New England / Hazy,Can 440ml,440,16.82,IPA
FILIBUSTER | grainfog series 2/5,7.4,Germany,4.05,Atelier der Braukünste,6.7,IPA - New England / Hazy,Can 440ml,440,16.82,IPA
De Meester x Alvinne Land van de Meester,5.55,Belgium,3.84,Brewery De Meester,11.0,Belgian Strong Dark Ale,330ml,330,16.82,Belgian Strong Dark Ale
Surfing While Sciencing,7.96,United States,4.04,Equilibrium Brewery,8.0,IPA - Imperial / Double,473ml,473,16.83,IPA
Gnomies - keg K,336.8,United States,4.17,Celestial Beerworks,8.0,IPA - Imperial / Double New England / Hazy,20000ml,20000,16.84,IPA
Soma Sus,7.41,Spain,4.15,SOMA Beer,8.0,IPA - Imperial / Double New England / Hazy,Can 440ml,440,16.84,IPA
Soma Gang,7.41,Spain,4.1,SOMA Beer,8.0,IPA - Imperial / Double,Can 440ml,440,16.84,IPA
Soma Dizzy,7.41,Spain,4.04,SOMA Beer,8.0,IPA - Imperial / Double New England / Hazy,Can 440ml,440,16.84,IPA
Twerking Turkeys,7.42,England,3.94,Neon Raptor Brewing Co.,6.5,Sour - Fruited Gose,Can 440ml,440,16.86,Sour
Right Time (Lager American Light),5.99,United States,3.76,Resident Culture Brewing Co.,4.5,Lager - American Light,355ml,355,16.87,Lager
Animal,5.99,United States,3.72,Fort Point Beer Company,7.5,IPA - American,355ml,355,16.87,IPA
Tripel,5.99,United States,3.87,Allagash Brewing Company,9.0,Belgian Tripel,355ml,355,16.87,Belgian Tripel
Big Weekend,5.99,United States,3.77,Coronado Brewing Company,8.8,IPA - Imperial / Double,355ml,355,16.87,IPA
KBS Cinnamon Vanilla Cocoa,5.99,United States,4.1,Founders Brewing Co.,12.0,Stout - Imperial / Double Coffee,355ml,355,16.87,Stout
North Sky [Bottle],5.99,United States,3.76,Allagash Brewing Company,7.5,Stout - Belgian,355ml,355,16.87,Stout
Barrel Aged Speculoos Stout,5.57,Belgium,3.93,Totem,13.0,Stout - Russian Imperial,330ml,330,16.88,Stout
State Machine DDH Riwaka,7.99,United States,4.11,Spyglass Brewing Company,6.6,IPA - New England / Hazy,473ml,473,16.89,IPA
Stoner!,7.99,United States,3.92,SingleCut Beersmiths,6.8,IPA - American,473ml,473,16.89,IPA
Dent De Requin,7.99,Canada,3.81,Brasserie Dieu du Ciel!,6.5,IPA - American,473ml,473,16.89,IPA
Moralité,7.99,Canada,3.96,Brasserie Dieu du Ciel!,6.9,IPA - American,473ml,473,16.89,IPA
Camoufleur,7.99,United States,3.74,Grimm Artisanal Ales,6.0,Farmhouse Ale - Saison,473ml,473,16.89,Farmhouse Ale
Schubie Snacks,7.99,United States,4.04,Millpond Brewing,6.0,Pale Ale - New England / Hazy,473ml,473,16.89,Pale Ale
Big Simcoe Vibes,7.99,United States,4.06,Other Half Brewing Co.,6.5,IPA - New England / Hazy,473ml,473,16.89,IPA
Pug,7.99,Canada,3.98,Superflux Beer Company,6.5,IPA - New England / Hazy,473ml,473,16.89,IPA
Disco Soleil,7.99,Canada,3.68,Brasserie Dieu du Ciel!,6.5,IPA - Fruited,Can 473ml,473,16.89,IPA
Tailpipin' Dual Exhaust,7.99,United States,4.2,Hoof Hearted Brewing,9.7,IPA - Triple,473ml,473,16.89,IPA
Binary Stars Eclipse,7.99,United States,4.0,Spyglass Brewing Company,7.2,IPA - New England / Hazy,473ml,473,16.89,IPA
Patersbier,7.99,United States,3.84,Grimm Artisanal Ales,4.9,Belgian Enkel / Patersbier,473ml,473,16.89,Belgian Enkel / Patersbier
Protostar,7.99,United States,3.93,Equilibrium Brewery,6.0,IPA - American,473ml,473,16.89,IPA
Stereo Sets: The Purple Tape,7.99,United States,3.92,3 Sons Brewing Co.,8.0,IPA - Imperial / Double New England / Hazy,473ml,473,16.89,IPA
DDH The All Seeing Eye,7.99,United States,4.34,Long Live Beerworks,8.4,IPA - Imperial / Double New England / Hazy,473ml,473,16.89,IPA
Double Cup,7.99,United States,4.14,Common Roots Brewing Company,14.0,Stout - Imperial / Double Coffee,473ml,473,16.89,Stout
Colour & Shape,7.99,Canada,4.12,Superflux Beer Company,6.5,IPA - American,473ml,473,16.89,IPA
Tea Time Terror Raspberry (Flavored Malt Beverage),7.99,United States,4.07,Abomination Brewing Company,8.0,Flavored Malt Beverage,473ml,473,16.89,Flavored Malt Beverage
Los Tabernacos – Mangue,7.99,Canada,4.24,Brasserie du Bas-Canada,6.5,IPA - Milkshake,473ml,473,16.89,IPA
Airstream,7.99,Canada,4.14,Superflux Beer Company,6.5,IPA - New Zealand,473ml,473,16.89,IPA
Return to Space,7.99,United States,4.09,Great Notion Brewing,7.2,IPA - New England / Hazy,473ml,473,16.89,IPA
Meet The Riwakas,7.99,United States,4.08,Hop Butcher For The World,6.5,IPA - New England / Hazy,473ml,473,16.89,IPA
Crop Sensor,7.99,United States,3.94,Phase Three Brewing,6.5,IPA - New England / Hazy,473ml,473,16.89,IPA
Oude Kriek,12.67,Belgium,3.78,Brouwerij Kestemont,5.5,Lambic - Kriek,Bottle 750ml,750,16.89,Lambic
Impact Strategy,7.99,United States,3.76,Modern Times Beer,8.0,IPA - Fruited,Can 473ml,473,16.89,IPA
I'd Rather Be Juicing,7.99,United States,4.08,Other Half Brewing Co.,7.0,IPA - New England / Hazy,473ml,473,16.89,IPA
Walkabout Pina Colada,7.99,United States,4.03,Fat Orange Cat Brew Co.,5.3,Sour - Fruited,473ml,473,16.89,Sour
Amai,7.99,United States,4.04,The Drowned Lands Brewery,10.8,Belgian Strong Dark Ale,473ml,473,16.89,Belgian Strong Dark Ale
Draught,7.99,United States,3.94,Magnify Brewing Company,6.0,Stout - Milk / Sweet,473ml,473,16.89,Stout
Ten Acres: Coffee,7.99,United States,4.11,The Drowned Lands Brewery,9.0,Stout - Coffee,473ml,473,16.89,Stout
Thick Haze,6.0,United States,3.66,Oskar Blues Brewery,7.0,IPA - New England / Hazy,355ml,355,16.9,IPA
Oktoberfest,6.0,United States,3.82,Parish Brewing Co.,5.4,Märzen,Can 355ml,355,16.9,Märzen
Crank,6.0,United States,3.86,Cycle Brewing Company,7.0,IPA - American,355ml,355,16.9,IPA
Fallen Mist,6.0,United States,3.95,Superstition Meadery,6.0,Cider - Herbed / Spiced / Hopped,Can 355ml,355,16.9,Cider
Infintiy – Imperial Porter,8.45,Poland,4.0,Browar Rockmill,12.0,Porter - Imperial / Double,500ml,500,16.9,Porter
Auld Dubliner,6.0,United States,3.39,DC Brau Brewing Company,5.0,Red Ale - American Amber / Red,355ml,355,16.9,Red Ale
"Cream & Sugar, Please",6.0,United States,3.85,Cycle Brewing Company,4.9,Porter - Coffee,355ml,355,16.9,Porter
Firestone Walker - Mind Haze Brain Melter,6.0,United States,3.81,Firestone Walker Brewing Company,8.5,IPA - Imperial / Double New England / Hazy,355ml,355,16.9,IPA
Sea The Lights,8.0,United States,4.16,Vitamin Sea Brewing,7.3,IPA - New England / Hazy,473ml,473,16.91,IPA
Whale Parking,8.0,United States,4.16,Finback Brewery,8.2,IPA - Imperial / Double New England / Hazy,473ml,473,16.91,IPA
Elusive,8.0,United States,4.18,Vitamin Sea Brewing,6.8,IPA - New England / Hazy,473ml,473,16.91,IPA
Beer Geek Cocoa Shake (MSD),8.0,United States,4.1,Mikkeller Brewing San Diego,13.0,Stout - Imperial / Double,473ml,473,16.91,Stout
Staked Plains Pilsner,8.0,United States,3.65,Jester King Brewery,4.8,Pilsner - Other,473ml,473,16.91,Pilsner
Cuvée Kluysbosch Vijgenlambiek (Fig Lambic) - LIMITED EDITION,12.69,Belgium,3.78,Brouwerij Angerik,7.6,Lambic - Framboise,Bottle 750ml,750,16.92,Lambic
Double Moonage,12.69,United States,4.17,Cellarmaker Brewing Company,8.2,IPA - Imperial / Double New England / Hazy,Bottle 750ml,750,16.92,IPA
More German Goes Not (canned: 30-07-24),7.45,Germany,3.92,Sudden Death Brewing Co.,7.8,Bock - Weizenbock,Can 440ml,440,16.93,Bock
Salem IPA,7.45,Belgium,3.88,Misery Beer Co.,6.0,IPA - American,Can 440ml,440,16.93,IPA
Ridgeline (bbf: 30-03-25),7.45,Norway,4.18,Salikatt Bryggeri,10.0,IPA - Triple New England / Hazy,Can 440ml,440,16.93,IPA
Island Ibuki IX – Sour IPA,7.45,England,3.9,Pomona Island Brew Co.,6.5,IPA - Fruited,Can 440ml,440,16.93,IPA
Cellar of Shadows,7.45,Netherlands,4.02,Folkingebrew,12.0,Stout - Imperial / Double,Can 440ml,440,16.93,Stout
Night Flight – Barrel Aged Pastry Stout,7.45,Germany,4.15,FrauGruber Brewing,14.2,Stout - Imperial / Double Pastry,Can 440ml,440,16.93,Stout
"A Philipine, a Japanese and a Brazilian Walk Into a Bar Sour IPA",6.35,Portugal,3.98,Fermentage,5.0,IPA - Sour,Bottle 375ml,375,16.93,IPA
Blueprint (Enigma) (bbf: 09-26),7.45,Netherlands,4.13,Folkingebrew,8.5,IPA - Imperial / Double New England / Hazy,Can 440ml,440,16.93,IPA
Blueprint (Galaxy) (bbf: 09-26),7.45,Netherlands,4.12,Folkingebrew,8.5,IPA - Imperial / Double New England / Hazy,Can 440ml,440,16.93,IPA
Ain't There Nothing I Can Take – Sour IPA,7.45,England,4.01,Pomona Island Brew Co.,6.5,IPA - Sour,Can 440ml,440,16.93,IPA
Hit The Silk (bbf: 08-25),7.45,Brazil,4.14,Spartacus Brewing,9.0,IPA - Triple New England / Hazy,Can 440ml,440,16.93,IPA
Lille Testbild IPA,5.59,Germany,3.73,Lillebräu,6.8,IPA - Other,330ml,330,16.94,IPA
Deer Hunter B.A. 2024,5.59,Netherlands,4.21,Brouwerij Frontaal,10.5,Stout - Russian Imperial,330ml,330,16.94,Stout
I've Got Friends In The Music Business B.A. 2023,5.59,Netherlands,4.14,Brouwerij Frontaal,10.0,Stout - Imperial / Double,330ml,330,16.94,Stout
Kuehn Kunz Rosen Offenbarung Barleywine,5.59,Germany,3.69,KUEHN KUNZ ROSEN,10.5,Barleywine - Other,330ml,330,16.94,Barleywine
La Cresent Moon,12.71,United States,3.93,Funk Factory Geuzeria,6.0,Lambic - Fruit,Bottle 750ml,750,16.95,Lambic
Van Aert Gueuze Artisanale Cassis,12.71,Belgium,3.9,Belgoo,7.2,Lambic - Fruit,Bottle 750ml,750,16.95,Lambic
Tilquin Gueuze 60-40 2023-2024,6.36,Belgium,4.01,Gueuzerie Tilquin,6.8,Lambic - Gueuze,Bottle 375ml,375,16.96,Lambic
10 Days Barrel Project 2024  IPA,5.6,Netherlands,4.14,Brouwerij Kees,11.2,Barleywine - Other,330ml,330,16.97,Barleywine
Legio IV,5.6,Belgium,3.52,Galea Craft Beers,7.0,Sour - Fruited,330ml,330,16.97,Sour
Black Damnation Moccha Bomb 02 Vintage 2018 Jack Daniels Barrel Aged Imperial Stout,5.6,Belgium,3.97,De Struise Brouwers,13.0,Stout - Russian Imperial,330ml,330,16.97,Stout
Harassment by Stout,5.6,Estonia,3.92,Lehe Pruulikoda,13.0,Stout - Imperial / Double,330ml,330,16.97,Stout
Tournay Noel,5.6,Belgium,3.51,Brasserie de Cazeau,8.2,Winter Ale,330ml,330,16.97,Winter Ale
Wild Adam Lambiek Cider,12.73,United States,3.64,Boston Beer Company,6.7,Lambic - Fruit,Bottle 750ml,750,16.97,Lambic
Omnipollo x Newbarns - Emmas Wintermild,5.6,Sweden,3.36,Omnipollo,5.3,Mild - Dark,330ml,330,16.97,Mild
Oude Geuze Coigneau - Limited Edition,12.73,Belgium,3.88,Brouwerij Boon,8.7,Lambic - Gueuze,Bottle 750ml,750,16.97,Lambic
Struise Cuvée Delphine Vintage 2020,5.6,Belgium,4.23,De Struise Brouwers,13.0,Stout - Russian Imperial,330ml,330,16.97,Stout
Bill,7.47,Sweden,4.06,Stigbergets Bryggeri,8.2,IPA - Imperial / Double,Can 440ml,440,16.98,IPA
Royal Cookie Black Forest Cake,8.49,Poland,3.96,Funky Fluid,11.0,Stout - Imperial / Double Pastry,Can 500ml,500,16.98,Stout
Saison Noire,7.47,Belgium,3.68,Misery Beer Co.,6.2,Farmhouse Ale - Saison,Can 440ml,440,16.98,Farmhouse Ale
Hot Cakes #5,8.49,Croatia,4.27,Pulfer Brewery,5.5,Sour - Smoothie / Pastry,500ml,500,16.98,Sour
Pretty - Banana & White Guava,8.5,Poland,3.51,Magic Road,5.0,Sour - Smoothie / Pastry,500ml,500,17.0,Sour
Grand Prestige Barleywine Kruik,8.5,Netherlands,3.81,Hertog Jan,10.0,Barleywine - Other,500ml,500,17.0,Barleywine
Ricochet,7.99,United States,3.93,Mason Ale Works,8.2,IPA - Imperial / Double New England / Hazy,Can 470ml,470,17.0,IPA
The Middle Of Silence,8.5,Poland,4.16,Maltgarden/ Piwne Podziemie,10.2,Stout - Imperial / Double Milk,500ml,500,17.0,Stout
Allen's Coffee Stout,8.5,United States,3.89,Lone Pine Brewing Company,4.8,Stout - Milk / Sweet,500ml,500,17.0,Stout
Gelato Sourpuss: Redbeard's Revenge,8.5,Romania,4.3,Hop Hooligans,6.0,Sour - Smoothie / Pastry,500ml,500,17.0,Sour
Fröjaor – Farmhouse Ale – MHD 15.02.2024,12.75,Germany,3.86,Kemker Kultuur (Brauerei J. Kemker),6.0,Historical Beer - Gruit / Ancient Herbed Ale,Bottle 750ml,750,17.0,Historical Beer
Spiritual Soak,8.5,Romania,3.65,Hop Hooligans,5.0,Farmhouse Ale - Saison,500ml,500,17.0,Farmhouse Ale
Bunch of Cool Cats,7.99,Canada,3.8,Messorem,5.5,Sour - Fruited Gose,Can 470ml,470,17.0,Sour
Smoothiesh: What's A Vampire Bat's Favorite Type Of Fruit?,8.5,Croatia,4.28,Pulfer Brewery,5.5,Sour - Smoothie / Pastry,500ml,500,17.0,Sour
Horns,8.5,Romania,3.95,Hop Hooligans,11.0,Stout - Imperial / Double,Can 500ml,500,17.0,Stout
Gelato XTREME Verde,8.5,Poland,4.19,Funky Fluid,8.0,Sour - Smoothie / Pastry,500ml,500,17.0,Sour
Fifty/Fifty - Peach & Apricot,8.5,Poland,3.7,Magic Road,5.0,Fruit Beer,500ml,500,17.0,Fruit Beer
Beauty - Pinepple Ice Cream,8.5,Poland,3.58,Magic Road,5.0,Sour - Fruited,500ml,500,17.0,Sour
Smoothiesh: A Neck-Tarine!,8.5,Croatia,4.27,Pulfer Brewery,5.5,Sour - Smoothie / Pastry,500ml,500,17.0,Sour
Skeleton Bot,7.99,Canada,4.06,Messorem,5.0,Lager - Other,Can 470ml,470,17.0,Lager
Raindance,7.49,Finland,4.06,Factory Brewing,8.0,IPA - Imperial / Double New England / Hazy,Can 440ml,440,17.02,IPA
Tonka X Coffee X Vanilla Imperial Stout,7.49,Latvia,4.14,Ārpus Brewing Co.,12.0,Stout - Imperial / Double,Can 440ml,440,17.02,Stout
Cherry Blast Slushy Sour,7.49,Scotland,3.94,Vault City Brewing,5.9,Sour - Fruited,Can 440ml,440,17.02,Sour
Double Dragon,7.49,Spain,4.07,Basqueland Brewing,8.0,IPA - Imperial / Double,Can 440ml,440,17.02,IPA
GANG,7.49,Spain,4.1,SOMA Beer,8.0,IPA - Imperial / Double,Can 440ml,440,17.02,IPA
Gluttony DH Imperial IPA,7.49,Denmark,3.83,Amager Bryghus,9.4,IPA - Imperial / Double,Can 440ml,440,17.02,IPA
Parabolic,7.49,Spain,3.84,Garage Beer Co.,7.5,Porter - Baltic,Can 440ml,440,17.02,Porter
FAM,7.49,Spain,4.12,SOMA Beer,8.0,IPA - Imperial / Double New England / Hazy,Can 440ml,440,17.02,IPA
PATRONS PROJECT 38.04 // ADRIAN BAXTER // SLOTH // MOERSLEUTEL // PASTRY STOUT,7.49,England,4.01,Northern Monk,8.4,Stout - Imperial / Double Pastry,Can 440ml,440,17.02,Stout
Reindeer Fuel 2024 Winter Barley Wine,7.49,Denmark,3.77,Amager Bryghus,10.0,Barleywine - Other,Can 440ml,440,17.02,Barleywine
Sudden Death x Adroit Theory Funeral Clown Fruit Sour,7.49,Germany,4.08,Sudden Death Brewing Co.,6.66,Sour - Smoothie / Pastry,Can 440ml,440,17.02,Sour
Monstrosity Part 2,7.49,Netherlands,4.24,White Dog Brewery,11.0,Stout - Imperial / Double Pastry,Can 440ml,440,17.02,Stout
Tokyo Kaiju West Coast DIPA,7.49,Hungary,3.69,Mad Scientist,9.0,IPA - Fruited,Can 440ml,440,17.02,IPA
California Christmas Chocolate Orange Imperial Stout,7.49,Denmark,3.73,Amager Bryghus,11.0,Stout - Imperial / Double Pastry,Can 440ml,440,17.02,Stout
Sauce,7.49,Spain,4.18,SOMA Beer,8.5,IPA - Imperial / Double New England / Hazy,Can 440ml,440,17.02,IPA
IRL,7.49,Spain,4.13,SOMA Beer,8.0,IPA - Imperial / Double New England / Hazy,Can 440ml,440,17.02,IPA
Bears And White Dogs,7.49,England,4.02,Pomona Island Brew Co.,6.5,IPA - New England / Hazy,Can 440ml,440,17.02,IPA
Communion,7.49,Greece,3.94,P.i.g.s. Brewery,6.8,IPA - New England / Hazy,Can 440ml,440,17.02,IPA
Lux In Tenebris,7.49,France,4.17,The Piggy Brewing Company,9.9,IPA - Triple New England / Hazy,Can 440ml,440,17.02,IPA
Pie For Maureen Round Her Shed,7.49,England,3.92,Pomona Island Brew Co.,6.5,IPA - Sour,Can 440ml,440,17.02,IPA
"Flora, Fauna, Air And Water",7.49,Wales,3.87,Polly's Brew Co.,6.0,Sour - Fruited Gose,Can 440ml,440,17.02,Sour
Cake Break,7.49,Sweden,3.22,Moersleutel Craft Brewery,12.0,Imperial Pastry Stout,Can 440ml,440,17.02,Imperial Pastry Stout
Falling Levels,7.49,Wales,3.88,Polly's Brew Co.,5.9,IPA - New England / Hazy,Can 440ml,440,17.02,IPA
Chocolate Fudge Brownie Stout,7.49,England,3.86,Northern Monk,8.4,Stout - Imperial / Double Pastry,Can 440ml,440,17.02,Stout
Tropadelic,7.49,Denmark,3.67,Bad Seed Brewing,4.2,Sour - Fruited Berliner Weisse,Can 440ml,440,17.02,Sour
Private Resort,7.49,Denmark,3.56,Gamma Brewing Company,5.0,Sour - Fruited,Can 440ml,440,17.02,Sour
Fuerst Wiacek Whirly Brain DDH DIPA (New Batch 24),7.49,Germany,3.94,FUERST WIACEK,8.0,IPA - Imperial / Double,Can 440ml,440,17.02,IPA
Gang,7.49,Spain,4.1,SOMA Beer,8.0,IPA - Imperial / Double,Can 440ml,440,17.02,IPA
Sea Cliffs,7.49,United States,3.87,Outer Range Brewing Co.,6.0,IPA - New England / Hazy,Can 440ml,440,17.02,IPA
RIZZ,7.49,Spain,4.11,SOMA Beer,8.0,IPA - Imperial / Double New England / Hazy,Can 440ml,440,17.02,IPA
Mango Lime Lassi Sour,7.49,Scotland,3.94,Vault City Brewing,5.7,Sour - Fruited,Can 440ml,440,17.02,Sour
Hydrologic,7.49,United States,3.91,Outer Range Brewing Co.,5.0,IPA - Session,Can 440ml,440,17.02,IPA
Funeral Clown 2024,7.49,Germany,4.23,Sudden Death Brewing Co.,5.0,Sour - Smoothie / Pastry,Can 440ml,440,17.02,Sour
Heart Full of Soul,7.49,Germany,4.06,FrauGruber Brewing,10.5,IPA - Triple New England / Hazy,Can 440ml,440,17.02,IPA
Lyric Proof Vest,7.49,England,3.71,Pomona Island Brew Co.,6.8,IPA - American,Can 440ml,440,17.02,IPA
Lode of Gold,7.49,Germany,4.05,Sudden Death Brewing Co.,7.7,IPA - Imperial / Double New England / Hazy,Can 440ml,440,17.02,IPA
Fallow Plans,7.49,Wales,4.16,Polly's Brew Co.,8.2,IPA - Imperial / Double,Can 440ml,440,17.02,IPA
Magic Hour,7.49,United States,3.86,Outer Range Brewing Co.,6.9,Sour - Fruited,Can 440ml,440,17.02,Sour
Lacerda,7.49,Spain,4.12,Garage Beer Co.,8.5,IPA - Imperial / Double New England / Hazy,Can 440ml,440,17.02,IPA
Circadian Rhythm,7.49,Wales,4.09,Polly's Brew Co.,8.0,IPA - Imperial / Double,Can 440ml,440,17.02,IPA
Daemon Engine,7.49,England,4.05,Azvex Brewing Company,8.2,IPA - Imperial / Double,Can 440ml,440,17.02,IPA
Freak Shake: Blueberry Cinder Toffee,7.49,England,3.89,Yonder Brewing & Blending,8.4,Sour - Smoothie / Pastry,Can 440ml,440,17.02,Sour
AIXO ES XAUXA!,7.49,Spain,4.04,Gro Brewers,10.0,IPA - Triple New England / Hazy,Can 440ml,440,17.02,IPA
Strawberry Lemonade,7.49,Spain,3.74,Basqueland Brewing,6.0,Sour - Fruited,Can 440ml,440,17.02,Sour
Night Sleigher,7.49,Norway,3.83,Amundsen Brewery,7.5,IPA - Imperial / Double New England / Hazy,Can 440ml,440,17.02,IPA
They went on forever,7.49,England,4.03,Verdant Brewing Co,6.0,IPA - New England / Hazy,Can 440ml,440,17.02,IPA
Pleroma Peach Melba Créme Brulée,5.62,Sweden,3.65,Omnipollo,6.0,Sour - Smoothie / Pastry,Can 330ml,330,17.03,Sour
Pinta Risfactor Coffee & Vanilla,5.62,Poland,4.08,Browar PINTA,10.0,Stout - Imperial / Double,330ml,330,17.03,Stout
KCBC Beyond the Abyss,8.06,United States,3.74,KCBC - Kings County Brewers Collective,10.0,Stout - Oatmeal,473ml,473,17.04,Stout
Gueuze-Lambic,6.39,Belgium,4.18,Brasserie Cantillon,5.0,Lambic - Gueuze,Bottle 375ml,375,17.04,Lambic
texas terror brew,7.5,France,3.91,Game Over Brewing Co.,10.0,IPA - Triple New England / Hazy,Can 440ml,440,17.05,IPA
The Piggy Lux In Tenebris,7.5,France,4.17,The Piggy Brewing Company,9.9,IPA - Triple New England / Hazy,Can 440ml,440,17.05,IPA
Glasshouse Birthday IPA,7.5,England,3.89,GlassHouse Beer Co,6.5,IPA - New England / Hazy,Can 440ml,440,17.05,IPA
Hazards Of Love,7.5,England,3.94,Pentrich Brewing Co.,7.3,IPA - American,Can 440ml,440,17.05,IPA
"BRIX - Pink Guava, Pineapple & Passion Fruit",7.5,Latvia,3.99,ODU Brewery,5.5,Sour - Smoothie / Pastry,Can 440ml,440,17.05,Sour
BRIX - Pink Guava & Strawberry,7.5,Latvia,3.93,ODU Brewery,5.5,Sour - Smoothie / Pastry,Can 440ml,440,17.05,Sour
Labratchet Espresso Lava Cake,7.5,Netherlands,4.11,Moersleutel Craft Brewery,15.0,Stout - Imperial / Double Pastry,Can 440ml,440,17.05,Stout
Lucky Tonka,7.5,Netherlands,4.1,Moersleutel Craft Brewery,11.0,Stout - Imperial / Double Pastry,Can 440ml,440,17.05,Stout
Bereta 8 Down,7.5,Romania,3.92,Bereta Brewing Co.,6.2,IPA - New England / Hazy,Can 440ml,440,17.05,IPA
Lupo Capisco,7.5,Wales,3.95,Polly's Brew Co.,5.6,Pale Ale - American,Can 440ml,440,17.05,Pale Ale
Manaaki Manaaki,7.5,England,4.36,Little Monster Brewing Co,8.0,IPA - Imperial / Double,Can 440ml,440,17.05,IPA
"(Ah Yes,) I See You Know Your Judo Well!",7.5,Netherlands,4.03,White Dog Brewery,10.5,Stout - Imperial / Double Pastry,Can 440ml,440,17.05,Stout
Sticky Mud,7.5,Netherlands,4.18,Moersleutel Craft Brewery,11.0,Stout - Imperial / Double Pastry,Can 440ml,440,17.05,Stout
Common Ground,7.5,Netherlands,4.04,Moersleutel Craft Brewery,12.0,Stout - Imperial / Double Pastry,Can 440ml,440,17.05,Stout
Yul Yul,7.5,England,4.1,Little Monster Brewing Co,8.0,IPA - Imperial / Double,Can 440ml,440,17.05,IPA
Pigs On Two Legs,7.5,Netherlands,3.96,White Dog Brewery,7.5,IPA - New England / Hazy,Can 440ml,440,17.05,IPA
Juleglød,7.5,Norway,3.91,Salikatt Bryggeri,10.0,Belgian Quadrupel,Can 440ml,440,17.05,Belgian Quadrupel
DOUBLE WAI-ITI DRIP,7.5,Spain,4.06,SOMA Beer,8.0,IPA - Imperial / Double New England / Hazy,Can 440ml,440,17.05,IPA
Fluffy Clafoutis,7.5,France,4.03,Les Intenables - Craft Beer -,8.0,Sour - Smoothie / Pastry,Can 440ml,440,17.05,Sour
Bianca Pina Colada Lassi Gose,7.5,Sweden,3.86,Omnipollo,6.0,Sour - Smoothie / Pastry,Can 440ml,440,17.05,Sour
Drunken Pumpkin (Pumpkin / Yam Beer),7.5,Germany,3.26,Sudden Death Brewing Co.,6.5,Pumpkin / Yam Beer,Can 440ml,440,17.05,Pumpkin / Yam Beer
Lucky Tonka S'mores Imperial Stout,7.5,Netherlands,4.1,Moersleutel Craft Brewery,11.0,Stout - Imperial / Double Pastry,Can 440ml,440,17.05,Stout
Berry Crumble,7.5,England,3.9,Double-Barrelled Brewery,5.5,Sour - Smoothie / Pastry,Can 440ml,440,17.05,Sour
Morning Glory,7.5,Germany,3.96,FrauGruber Brewing,12.0,Stout - Imperial / Double Coffee,Can 440ml,440,17.05,Stout
Northern Monk x CoolHead Patrons Project 48.01 DDH IPA,7.5,England,3.88,Northern Monk,6.0,IPA - New England / Hazy,Can 440ml,440,17.05,IPA
Black Is Beautiful Vol. 2,7.5,Sweden,4.02,Omnipollo,7.5,IPA - New England / Hazy,Can 440ml,440,17.05,IPA
Permanent Holiday,7.5,Ireland,3.96,Galway Bay Brewery,6.2,IPA - New Zealand,Can 440ml,440,17.05,IPA
Patrons Project 44.02 French Martini Pale Ale,7.5,England,3.7,Northern Monk,5.7,Pale Ale - Fruited,Can 440ml,440,17.05,Pale Ale
Heavy Duties - Cinnamon Bun Plasterer,7.5,Nederland,3.39,Moersleutel,12.0,stout,Can 440ml,440,17.05,stout
On Tour #5 Milkshake IPA (Bereta collab),7.5,Belgium,,Fugu Brewing Co.,7.0,IPA - Milkshake,Can 440ml,440,17.05,IPA
Northern Monk / Coolhead Brew - Patrons Project: 48.01 Salome,7.5,England,3.88,Northern Monk,6.0,IPA - New England / Hazy,Can 440ml,440,17.05,IPA
When a Goat Follows His Hero in a Car,7.5,England,4.19,Pomona Island Brew Co.,8.0,IPA - Imperial / Double New England / Hazy,Can 440ml,440,17.05,IPA
Fuerst Wiacek / Puhaste - Permafrost,7.5,Germany,3.83,FUERST WIACEK,7.0,Porter - Baltic,Can 440ml,440,17.05,Porter
Arpus TDH Nelson x Strata IPA,7.5,Latvia,3.97,Ārpus Brewing Co.,6.5,IPA - New England / Hazy,Can 440ml,440,17.05,IPA
Paradise Plumes,7.5,Germany,4.12,Sudden Death Brewing Co.,5.0,Sour - Smoothie / Pastry,Can 440ml,440,17.05,Sour
Uncle Pop's Soda Series - Root Beer Float Pastry Sour,7.5,Norway,3.55,Amundsen Brewery,6.0,Sour - Smoothie / Pastry,Can 440ml,440,17.05,Sour
Double Citra,7.5,France,4.05,Brasserie Cambier,8.0,IPA - Imperial / Double,Can 440ml,440,17.05,IPA
Bulletproof,7.5,Norway,4.24,Salikatt Bryggeri,10.0,IPA - Triple New England / Hazy,Can 440ml,440,17.05,IPA
West Coast IPA Is Dead X Green Cheek,7.5,England,3.84,Cloudwater Brew Co.,7.2,IPA - American,Can 440ml,440,17.05,IPA
Darkest Hour Imperial Stout,7.5,Netherlands,3.95,Folkingebrew,11.0,Stout - Imperial / Double,Can 440ml,440,17.05,Stout
Custard Pie,7.5,Romania,4.18,Bereta Brewing Co.,3.0,Sour - Smoothie / Pastry,Can 440ml,440,17.05,Sour
Punch The Clock,7.5,Romania,3.92,Bereta Brewing Co.,3.2,Sour - Smoothie / Pastry,Can 440ml,440,17.05,Sour
Moersleutel Marzipan Steamroller,7.5,Netherlands,4.08,Moersleutel Craft Brewery,11.0,Stout - Pastry,Can 440ml,440,17.05,Stout
London Black Nitro,7.5,England,3.77,Anspach & Hobday,4.4,Porter - English,Can 440ml,440,17.05,Porter
Nectar Fusion,7.5,Netherlands,3.85,Moersleutel Craft Brewery,11.0,Rye Wine,Can 440ml,440,17.05,Rye Wine
Mango Lassi Heathen | Passion Fruit & Lime,7.5,England,3.79,Northern Monk,7.2,IPA - Fruited,Can 440ml,440,17.05,IPA
Let's Talk About It,7.5,England,4.14,Pressure Drop Brewing,7.4,IPA - New England / Hazy,Can 440ml,440,17.05,IPA
Pastore Zuppa,7.5,England,3.94,Pastore Brewing and Blending,6.0,Sour - Smoothie / Pastry,Can 440ml,440,17.05,Sour
Mango Lassi Heathen,7.5,England,3.8,Northern Monk,7.2,IPA - Fruited,Can 440ml,440,17.05,IPA
Even Sharks Need Water,7.5,Netherlands,3.6,Brouwerij Hoornse Hop,4.8,IPA - Triple,Can 440ml,440,17.05,IPA
Dike,7.5,Norway,2.93,Tartarus,6.1,Gluten-Free,Can 440ml,440,17.05,Gluten-Free
Random Rules,7.5,England,4.09,Verdant Brewing Co,6.5,IPA - New England / Hazy,Can 440ml,440,17.05,IPA
Passo,7.5,England,4.07,Beak Brewery,6.5,IPA - New England / Hazy,Can 440ml,440,17.05,IPA
Fruit Salad Days: Mango & Lime,7.5,Ireland,3.63,Whiplash,3.8,Sour - Fruited Berliner Weisse,Can 440ml,440,17.05,Sour
9th Birthday DIPA,7.5,England,4.14,Cloudwater Brew Co.,8.0,IPA - Imperial / Double New England / Hazy,Can 440ml,440,17.05,IPA
Brewing King Of Bones,7.5,Germany,3.87,Black Rebel Brewing Company,7.2,IPA - Imperial / Double New England / Hazy,Can 440ml,440,17.05,IPA
Lode of Gold (canned: 08-08-24),7.5,Germany,4.05,Sudden Death Brewing Co.,7.7,IPA - Imperial / Double New England / Hazy,Can 440ml,440,17.05,IPA
It's Not A Phase!,7.5,Netherlands,3.95,White Dog Brewery,10.5,Stout - Imperial / Double Pastry,Can 440ml,440,17.05,Stout
Lucky Tonka Carrot Cake,7.5,Netherlands,3.99,Moersleutel Craft Brewery,12.0,Stout - Imperial / Double Pastry,Can 440ml,440,17.05,Stout
Northern Monk / Moersleutel Patrons Project 38.04 Adrian Baxter Sloth,7.5,England,4.01,Northern Monk,8.4,Stout - Imperial / Double Pastry,Can 440ml,440,17.05,Stout
Eirene,7.5,England,3.76,Tartarus Beers,6.1,Sour - Fruited,Can 440ml,440,17.05,Sour
Eunomia,7.5,England,3.94,Tartarus Beers,6.1,Porter - Coffee,Can 440ml,440,17.05,Porter
Pomona Island x Beak Infinity DDH IPA,7.5,England,4.1,Pomona Island Brew Co.,6.3,IPA - New England / Hazy,Can 440ml,440,17.05,IPA
Bang The Elephant The Bodhisattva,7.5,England,3.82,Bang The Elephant Brewing Co,5.2,IPA - New England / Hazy,Can 440ml,440,17.05,IPA
WILL IT FLOAT #9,7.5,Netherlands,3.29,White Dog Brewery,6.0,Belgian Blonde,Can 440ml,440,17.05,Belgian Blonde
Monks,7.5,Netherlands,3.97,White Dog Brewery,8.0,IPA - Imperial / Double New England / Hazy,Can 440ml,440,17.05,IPA
Spring Saison,12.8,Sweden,3.58,O/O Brewing,5.8,Farmhouse Ale - Saison,Bottle 750ml,750,17.07,Farmhouse Ale
Pounce,6.4,United States,4.09,Dancing Gnome,6.0,IPA - American,Bottle 375ml,375,17.07,IPA
Bière De Table,12.8,Canada,3.74,Brasserie Dunham,4.3,Table Beer,Bottle 750ml,750,17.07,Table Beer
Grisette De Dunham,12.8,Canada,3.86,Brasserie Dunham,5.2,Farmhouse Ale - Grisette,Bottle 750ml,750,17.07,Farmhouse Ale
Brett-Elle Oude Geuze,6.4,Belgium,3.87,Lambiek Fabriek,6.0,Lambic - Gueuze,Bottle 375ml,375,17.07,Lambic
Kreeftwerk,6.4,Netherlands,3.47,De Kromme Haring/ Wilder Wald,4.5,Historical Beer - Lichtenhainer,Bottle 375ml,375,17.07,Historical Beer
Minga,6.4,Netherlands,3.87,Brouwerij Halve Tamme,10.4,Barleywine - Other,Bottle 375ml,375,17.07,Barleywine
Oude Geuze,6.4,Belgium,4.06,Brouwerij 3 Fonteinen,5.3,Lambic - Gueuze,Bottle 375ml,375,17.07,Lambic
Fluctus,12.8,France,4.1,Aerofab,8.7,IPA - Farmhouse,Bottle 750ml,750,17.07,IPA
Expensive Piece,8.08,United States,4.08,Ascension Brewing Company,5.0,Sour - Fruited Berliner Weisse,473ml,473,17.08,Sour
Loud Pockets India Pale Ale,8.1,United States,4.1,DankHouse Brewing Company,7.0,IPA - New England / Hazy,Can 473ml,473,17.12,IPA
Möbius,8.1,United States,4.0,Equilibrium Brewery,7.0,Porter - American,473ml,473,17.12,Porter
Pistachu,5.65,Estonia,3.85,Anderson's Craft Beer,11.5,Stout - Imperial / Double Pastry,330ml,330,17.12,Stout
Damaged,8.1,United States,3.82,Adroit Theory,5.4,Lager - Dark,473ml,473,17.12,Lager
Pink Nett – Bier Wein Hybrid,5.65,Germany,3.27,KUEHN KUNZ ROSEN,5.5,Grape Ale - Other,330ml,330,17.12,Grape Ale
Pillow Hat,8.1,United States,3.81,Hudson Valley Brewery,4.0,IPA - Session,473ml,473,17.12,IPA
Barrel Project Quadrupel 2024 Barrel Aged Quadrupel,5.65,Netherlands,3.44,Brouwerij Kees,9.9,Belgian Quadrupel,Can 330ml,330,17.12,Belgian Quadrupel
Places I've Been Double New England IPA,8.1,United States,4.01,Toppling Goliath Brewing Co.,7.8,IPA - Imperial / Double,Can 473ml,473,17.12,IPA
Milieu,8.1,United States,3.98,The Drowned Lands Brewery,9.0,Belgian Tripel,473ml,473,17.12,Belgian Tripel
Surette 2021,12.85,Switzerland,4.07,À tue-tête,6.5,Sour - Other,Bottle 750ml,750,17.13,Sour
Muri-Elle,12.85,Belgium,4.03,Lambiek Fabriek,7.0,Lambic - Fruit,Bottle 750ml,750,17.13,Lambic
Ārpus x Nerdbrewing Coconut x Vanilla x Maple Imperial Stout,7.55,Latvia,3.88,Ārpus Brewing Co.,12.0,Stout - Imperial / Double,Can 440ml,440,17.16,Stout
Heart Full Of Soul (bbf: 05-25),7.55,Germany,4.06,FrauGruber Brewing,10.5,IPA - Triple New England / Hazy,Can 440ml,440,17.16,IPA
High Tide (BBF: 02-25),7.55,Finland,4.1,Factory Brewing,8.0,IPA - Imperial / Double New England / Hazy,Can 440ml,440,17.16,IPA
World in a World (BBF: 07-25),7.55,Netherlands,3.98,Folkingebrew,7.0,IPA - Sour,Can 440ml,440,17.16,IPA
Low Tide (BBF:05-25),7.55,Finland,4.07,Factory Brewing,8.0,IPA - Imperial / Double New England / Hazy,Can 440ml,440,17.16,IPA
AleSmith's Non-Alcoholic IPA,6.1,United States,3.3,AleSmith Brewing Company,0.4,Non-Alcoholic - IPA,355ml,355,17.18,Non-Alcoholic
Crazy Lines,8.6,Poland,3.79,Browar Nepomucen/ Browar Stu Mostów,7.0,IPA - New England / Hazy,500ml,500,17.2,IPA
"So much S***** People in this F****** World  Part II – Barrel Aged fruited Gose 6 Months in Oloroso Barrels- Collab LaCalavera , Bierboutique Konstanz , Cheersragazzzi , Alehub",6.45,Spain,3.52,La Calavera,6.0,Wheat Beer - Dunkelweizen,Bottle 375ml,375,17.2,Wheat Beer
Keep Near Until Done,7.57,Denmark,3.4,Gamma Brewing Company,5.0,Pale Ale - American,Can 440ml,440,17.2,Pale Ale
Julebryg,12.9,Germany,,ÜberQuell Brauwerkstätten,8.0,Spiced / Herbed Beer,Bottle 750ml,750,17.2,Spiced / Herbed Beer
#DIPA,7.57,Denmark,3.84,To Øl,8.7,IPA - Imperial / Double New England / Hazy,Can 440ml,440,17.2,IPA
Social Battery (Norm collaboration),8.6,Romania,4.02,Hop Hooligans,8.0,IPA - Imperial / Double New England / Hazy,500ml,500,17.2,IPA
10 Layers,8.15,United States,4.08,RAR Brewing,7.2,Stout - Pastry,473ml,473,17.23,Stout
Oude Geuze Black Label B7,12.92,Belgium,3.67,Brouwerij Boon,7.0,Lambic - Gueuze,Bottle 750ml,750,17.23,Lambic
Naima,5.69,Italy,3.99,CRAK Brewery,6.2,IPA - New England / Hazy,330ml,330,17.24,IPA
Atrium / D'Oude Maalderij Reserva Tonka Barley Wine BA Panama Rhum,5.69,Belgium,3.85,Brasserie Atrium/ D'Oude Maalderij,10.2,Barleywine - Other,330ml,330,17.24,Barleywine
Pirniraks,5.69,Estonia,3.3,Põhjala,3.8,Sour - Fruited,330ml,330,17.24,Sour
Rhubarbe - keykeg,344.8,Belgium,4.08,Gueuzerie Tilquin,6.3,Lambic - Other,20000ml,20000,17.24,Lambic
Die Bake Seenebel Hazy IPA,5.69,Germany,3.73,Die Bake Braumanufaktur,5.9,IPA - New England / Hazy,330ml,330,17.24,IPA
Moment of Clarity,7.59,Finland,3.7,CoolHead Brew,7.0,IPA - American,Can 440ml,440,17.25,IPA
Black Is Beautiful Vol. 2 IPA,7.59,Sweden,4.02,Omnipollo,7.5,IPA - New England / Hazy,Can 440ml,440,17.25,IPA
Funky Fluid / 450 North Gelato XTREME: Jungle Juice SLUSHY XXL,8.63,Poland,4.03,Funky Fluid,8.0,Sour - Smoothie / Pastry,500ml,500,17.26,Sour
Funky Fluid / Imprint Gelato XTREME: Blueb Raspb Banana S'mores Milkshake Schmoojee,8.63,Poland,4.12,Funky Fluid,8.0,Sour - Smoothie / Pastry,500ml,500,17.26,Sour
Gelato XTREME: Yellow Fluff,8.63,Poland,4.26,Funky Fluid,8.0,Sour - Smoothie / Pastry,500ml,500,17.26,Sour
Rizz (canned: 21-08-24),7.6,Spain,4.11,SOMA Beer,8.0,IPA - Imperial / Double New England / Hazy,Can 440ml,440,17.27,IPA
Souldance (canned: 08-24),7.6,Finland,4.1,Factory Brewing,8.0,IPA - Imperial / Double New England / Hazy,Can 440ml,440,17.27,IPA
NPC (canned: 02-09-24),7.6,Spain,4.19,SOMA Beer,8.0,IPA - Imperial / Double New England / Hazy,Can 440ml,440,17.27,IPA
Double Dippy Doo DIPA,7.6,Denmark,4.03,Dry & Bitter Brewing Company,7.5,IPA - Imperial / Double New England / Hazy,Can 440ml,440,17.27,IPA
Fontan-Elle (Young - Wild),12.95,Belgium,3.94,Lambiek Fabriek,5.5,Lambic - Traditional,Bottle 750ml,750,17.27,Lambic
Fate Loves The Fearless Barley Wine,5.7,Netherlands,3.91,Brouwerij Kees,14.8,Barleywine - American,Can 330ml,330,17.27,Barleywine
Whispering,7.6,England,4.04,Track Brewing Company,6.0,IPA - New England / Hazy,Can 440ml,440,17.27,IPA
Sécateur (Grape Ale),5.7,France,3.88,Brasserie La Malpolon,7.8,Grape Ale - Other,330ml,330,17.27,Grape Ale
Gouden Carolus Imperial Dark 2019,12.95,Belgium,4.13,Brouwerij Het Anker,11.0,Belgian Strong Dark Ale,Bottle 750ml,750,17.27,Belgian Strong Dark Ale
Holy Haze Organic IPA x Kølster,7.6,Denmark,3.59,Kølster Malt og Øl,6.0,IPA - New England / Hazy,Can 440ml,440,17.27,IPA
Schneider Cuvée Barrique TAPX (2019),12.95,Germany,3.61,Schneider Weisse G. Schneider & Sohn,9.5,Bock - Weizendoppelbock,Bottle 750ml,750,17.27,Bock
Chocolate Strawberry Dutch Pancake Sour,7.6,Scotland,3.97,Vault City Brewing,5.3,Sour - Smoothie / Pastry,Can 440ml,440,17.27,Sour
Shoryuken Fruitplosion 2.0,5.7,Norway,3.85,Cervisiam,4.7,Sour - Fruited Berliner Weisse,Can 330ml,330,17.27,Sour
Salty Suprise,5.7,Norway,3.58,Cervisiam,4.7,Sour - Fruited Gose,Can 330ml,330,17.27,Sour
Arpus x Saint Errant TDH Nelson Mosaic IPA,7.6,Latvia,3.99,Ārpus Brewing Co.,6.5,IPA - New England / Hazy,Can 440ml,440,17.27,IPA
Poch's Graduat!,5.7,Spain,3.92,Poch's Cervesa Artesana,8.5,IPA - Imperial / Double,330ml,330,17.27,IPA
Comfort Ahead (bbf: 12-06-25),7.6,Wales,3.99,Polly's Brew Co.,6.5,IPA - New England / Hazy,Can 440ml,440,17.27,IPA
Lambiek Fabriek: Juicy & Wild Gros-Elle 2021,12.95,Belgium,3.99,Lambiek Fabriek,7.7,Lambic - Fruit,Bottle 750ml,750,17.27,Lambic
Kerstmus (2024),12.95,Netherlands,3.54,Bird Brewery,8.0,Belgian Tripel,Bottle 750ml,750,17.27,Belgian Tripel
Jelly King - Guava Mango Passionfruit,8.17,Canada,4.14,Bellwoods Brewery,5.6,Sour - Fruited,473ml,473,17.27,Sour
Delirium Nocturnum Belgian Strong Golden Ale,5.7,Belgium,3.76,Delirium - Huyghe Brewery,8.5,Belgian Strong Dark Ale,330ml,330,17.27,Belgian Strong Dark Ale
Lupulus Tripel 75cl,12.95,Netherlands,3.31,vendor-unknown,4.5,Belgian Blonde,Bottle 750ml,750,17.27,Belgian Blonde
Hafgufa Port BA,5.7,Netherlands,3.73,Gulden Triomfator,10.0,Stout - Imperial / Double,330ml,330,17.27,Stout
Spikes West Coast IPA x Garage Beer Co.,7.6,Estonia,3.69,Põhjala,6.4,IPA - American,Can 440ml,440,17.27,IPA
Beer Co Soup IPA,7.6,Spain,3.94,Garage Beer Co.,6.0,IPA - New England / Hazy,Can 440ml,440,17.27,IPA
Loko Mad,7.6,Portugal,3.92,Dois Corvos,10.0,Stout - Imperial / Double,Can 440ml,440,17.27,Stout
Jelly King - Cranberry Tangerine,8.17,Canada,4.1,Bellwoods Brewery,5.6,Sour - Fruited,473ml,473,17.27,Sour
Hr. Frederiksen Imperial Stout,7.6,Denmark,3.91,Amager Bryghus,10.5,Stout - Imperial / Double,Can 440ml,440,17.27,Stout
Pistaccino,5.7,France,3.95,Brasserie Iron,10.0,Stout - Imperial / Double Milk,330ml,330,17.27,Stout
Reindeer Fuel 2024 Barley Wine,7.6,Denmark,3.77,Amager Bryghus,10.0,Barleywine - Other,Can 440ml,440,17.27,Barleywine
Cuvée Clarisse Wild Weasel Whisky Infused,12.95,Belgium,3.75,Brouwerij Wilderen,9.5,Belgian Strong Dark Ale,Bottle 750ml,750,17.27,Belgian Strong Dark Ale
Ordered State,7.6,England,3.87,Cloudwater Brew Co.,7.0,IPA - New England / Hazy,Can 440ml,440,17.27,IPA
Authentic Frontier Gibberish,7.6,England,3.8,Pomona Island Brew Co.,7.3,IPA - American,Can 440ml,440,17.27,IPA
Secret Santa 2024 Christmas Quadruple,7.6,Denmark,3.45,Amager Bryghus,10.5,Belgian Quadrupel,Can 440ml,440,17.27,Belgian Quadrupel
Coolhead Brew / DEYA - Birds Ain't Real,7.6,Finland,3.68,CoolHead Brew,5.5,Pale Ale - New England / Hazy,Can 440ml,440,17.27,Pale Ale
Nebuchadnezzar DIPA,5.7,Sweden,3.92,Omnipollo,8.5,IPA - Imperial / Double,330ml,330,17.27,IPA
Delirium Christmas Belgian Winter Ale,5.7,Belgium,3.76,Delirium - Huyghe Brewery,10.0,Winter Ale,330ml,330,17.27,Winter Ale
Sima Brewing Ahhhromantic,5.7,Hungary,3.78,SIMA brewing,8.5,IPA - Imperial / Double New England / Hazy,330ml,330,17.27,IPA
Brasserie LeFort Barrel Aged,12.95,Belgium,3.45,Omer Vander Ghinste,10.0,Sour - Other,Bottle 750ml,750,17.27,Sour
Coconut Concrete Jungle Juice Sour,7.6,Scotland,3.82,Vault City Brewing,6.6,Sour - Fruited,Can 440ml,440,17.27,Sour
Duchesse Cherry Flanders Red Ale,5.7,Belgium,3.93,Brouwerij Verhaeghe,6.8,Sour - Flanders Red Ale,Bottle 330ml,330,17.27,Sour
Duchesse Cherry Chocolate Flanders Red Ale,5.7,Belgium,3.9,Brouwerij Verhaeghe,6.8,Sour - Flanders Red Ale,Bottle 330ml,330,17.27,Sour
Hazedelic Daydream,7.6,Germany,4.02,Sudden Death Brewing Co.,8.5,IPA - Imperial / Double,Can 440ml,440,17.27,IPA
Common Ground – Banana Pastry Inspired Stout,7.6,Poland,4.05,Funky Fluid,11.4,Stout - Imperial / Double Pastry,Can 440ml,440,17.27,Stout
Black Damnation 16: Ivan the Terrible (2022),5.7,Belgium,4.21,De Struise Brouwers,15.0,Stout - Russian Imperial,330ml,330,17.27,Stout
Twenty Two Anniversary Ale,5.7,Belgium,4.08,De Struise Brouwers,14.0,Stout - Belgian,330ml,330,17.27,Stout
Bela Lugosi Is Chasing Me,7.6,England,4.03,Sureshot Brewing,6.7,IPA - New England / Hazy,Can 440ml,440,17.27,IPA
Diole Noel,5.7,Belgium,3.48,Brasserie Caulier,9.0,Winter Ale,330ml,330,17.27,Winter Ale
Gaia,12.95,Spain,4.06,Guerrilla Imports/ Yria Cervezas,8.0,Cider - Dry,Bottle 750ml,750,17.27,Cider
Kråka Bourbon BA,5.7,Belgium,3.56,NordHunn,8.5,Belgian Strong Dark Ale,330ml,330,17.27,Belgian Strong Dark Ale
Shaolin,5.7,Belgium,3.7,Diaz Brewing Company,6.4,IPA - Other,330ml,330,17.27,IPA
Black Chocolate Fudge Stout,5.7,Latvia,3.98,Hopalaa,10.0,Stout - Imperial / Double,330ml,330,17.27,Stout
"Danish Berry Pudding ""Rødgrød Med Fløde"" Sour x Væskebalancen",7.6,Scotland,4.0,Vault City Brewing,6.4,Sour - Smoothie / Pastry,Can 440ml,440,17.27,Sour
Fireside Brewing Flappie,12.95,Netherlands,,Mister Hop,10.0,Winter Warmer,Bottle 750ml,750,17.27,Winter Warmer
White Chocolate Cherry Cheesecake,7.6,Scotland,4.09,Vault City Brewing,6.3,Sour - Smoothie / Pastry,Can 440ml,440,17.27,Sour
La Trappe / Tynt Meadow / Zundert Three Rules of Authentic Trappist,12.95,Netherlands,3.82,Bierbrouwerij De Koningshoeven,7.4,Belgian Dubbel,Bottle 750ml,750,17.27,Belgian Dubbel
Asura,7.6,Spain,4.11,Yria Cervezas,13.0,Stout - Russian Imperial,Can 440ml,440,17.27,Stout
Schneider Cuvée Barrique Tap X 2018,12.95,Germany,3.82,Schneider Weisse G. Schneider & Sohn,9.5,Bock - Weizenbock,Bottle 750ml,750,17.27,Bock
Spectrum Shift,5.7,Estland,3.22,Pühaste Brewery collab/ Rivington Brewing Co,10.0,IPA,330ml,330,17.27,IPA
Flash Pop,7.6,Spain,3.62,Basqueland Brewing,6.4,Sour - Fruited,Can 440ml,440,17.27,Sour
Stoutste Droom BA,5.7,Netherlands,3.91,Brouwerij Het Platte Harnas,10.0,Stout - Russian Imperial,330ml,330,17.27,Stout
Resemblance,7.6,England,3.99,Track Brewing Company,6.5,IPA - New England / Hazy,Can 440ml,440,17.27,IPA
Schneider Cuvée Barrique Tap X 2019,12.95,Germany,3.61,Schneider Weisse G. Schneider & Sohn,9.5,Bock - Weizendoppelbock,Bottle 750ml,750,17.27,Bock
"Bonito Del Norte (Cloudwater collab, 9th anniversary)",7.6,Spain,3.96,Basqueland Brewing,6.4,IPA - New England / Hazy,Can 440ml,440,17.27,IPA
Big Sur,7.6,Spain,3.8,Basqueland Brewing,6.3,IPA - American,Can 440ml,440,17.27,IPA
Big Doink Double IPA,7.6,Denmark,4.01,Gamma Brewing Company,8.0,IPA - Imperial / Double New England / Hazy,Can 440ml,440,17.27,IPA
Skyline,7.6,Spain,3.87,Basqueland Brewing,6.5,IPA - New England / Hazy,Can 440ml,440,17.27,IPA
Gordons Xmas,5.7,Belgium,3.41,Brewery John Martin & Brewery Timmermans,8.8,Scotch Ale / Wee Heavy,330ml,330,17.27,Scotch Ale / Wee Heavy
Saison À La Rose (33 cl),5.7,France,4.01,Nano Brasserie SPO,6.1,Farmhouse Ale - Saison,330ml,330,17.27,Farmhouse Ale
Orangie 2023,12.96,Spain,3.73,Cyclic Beer Farm,4.0,Farmhouse Ale - Saison,Bottle 750ml,750,17.28,Farmhouse Ale
Lervig Rackhouse Norwegian Lowbush,12.97,Norway,3.96,LERVIG,4.5,Sour - Other,Bottle 750ml,750,17.29,Sour
Early Start,7.61,England,4.07,Buxton Brewery,10.5,Stout - Imperial / Double,Can 440ml,440,17.3,Stout
Lervig / Alesmith Kveik Culture: Alesmith,5.71,Norway,3.7,LERVIG,6.5,IPA - American,330ml,330,17.3,IPA
Gueuze (Fondgueuze) Ex 2020,6.49,Belgium,4.15,Brouwerij Girardin,5.0,Lambic - Gueuze,Bottle 375ml,375,17.31,Lambic
Timmermans Lambic & Stout,6.49,Belgium,3.68,Brewery John Martin & Brewery Timmermans/ Guinness,6.0,Stout - Belgian,Bottle 375ml,375,17.31,Stout
Tilquin: Meerts au Riesling 2022,6.49,Belgium,4.01,Gueuzerie Tilquin,5.8,Lambic - Fruit,Bottle 375ml,375,17.31,Lambic
St Louis Fond Tradition Kriek Lambic black label 09/09/2020,6.49,Belgium,3.82,Kasteel Brouwerij Vanhonsebrouck,6.5,Lambic - Kriek,Bottle 375ml,375,17.31,Lambic
Watergeus (11/2023),6.49,Netherlands,3.78,Vandenbroek,6.2,Lambic - Gueuze,Bottle 375ml,375,17.31,Lambic
Timmermans Oude Gueuze 2015-2018,6.49,Belgium,3.87,Brewery John Martin & Brewery Timmermans,6.7,Lambic - Gueuze,Bottle 375ml,375,17.31,Lambic
St Louis Fond Tradition Kriek Lambic white label 07/08/2024 (Batch 2019),6.49,Belgium,3.81,Kasteel Brouwerij Vanhonsebrouck,6.5,Lambic - Kriek,Bottle 375ml,375,17.31,Lambic
Zundert 10 Jubileum Fles,12.99,Netherlands,4.01,Trappistenbrouwerij de Kievit B.V.,10.0,Belgian Quadrupel,Bottle 750ml,750,17.32,Belgian Quadrupel
Oude Geuze new label 28/10/2019 Blend 121 18|19,12.99,Belgium,4.25,Brouwerij 3 Fonteinen,6.6,Lambic - Gueuze,Bottle 750ml,750,17.32,Lambic
Oude Geuze 28/05/2019 Blend 77 18|19,12.99,Belgium,4.24,Brouwerij 3 Fonteinen,6.2,Lambic - Gueuze,Bottle 750ml,750,17.32,Lambic
Schneider TAPX Cuvee Barrique Edition 2019,12.99,Germany,3.88,Schneider Weisse G. Schneider & Sohn,9.5,Bock - Weizenbock,Bottle 750ml,750,17.32,Bock
Oude Geuze 15/10/2019 Blend 117 18|19,12.99,Belgium,4.16,Brouwerij 3 Fonteinen,5.5,Lambic - Gueuze,Bottle 750ml,750,17.32,Lambic
Oude Geuze 07/05/2019 Blend 69 18|19,12.99,Belgium,4.27,Brouwerij 3 Fonteinen,6.4,Lambic - Gueuze,Bottle 750ml,750,17.32,Lambic
Batch No. 1731,12.99,United States,3.42,The Bruery Terreux,5.1,Wild Ale - American,Bottle 750ml,750,17.32,Wild Ale
Watergeus (4/2024),12.99,Netherlands,,Vandenbroek,6.2,Lambic - Other,Bottle 750ml,750,17.32,Lambic
Oude Geuze 13/05/2019 Blend 72 18|19,12.99,Belgium,4.26,Brouwerij 3 Fonteinen,8.2,Lambic - Gueuze,Bottle 750ml,750,17.32,Lambic
La Trappe Three Rules of Authentic Trappist,12.99,Netherlands,3.82,Bierbrouwerij De Koningshoeven,7.4,Belgian Dubbel,Bottle 750ml,750,17.32,Belgian Dubbel
Oude Geuze Black Label Edition #4,12.99,Belgium,4.02,Brouwerij Boon,7.0,Lambic - Gueuze,Bottle 750ml,750,17.32,Lambic
Oude Geuze 03/04/2019 Blend 63 18|19,12.99,Belgium,4.26,Brouwerij 3 Fonteinen,6.7,Lambic - Gueuze,Bottle 750ml,750,17.32,Lambic
Oude Geuze Brett-Elle 05/2020,12.99,Belgium,3.87,Lambiek Fabriek,5.5,Lambic - Gueuze,Bottle 750ml,750,17.32,Lambic
Serbian Barrels Series No. 2 - Saison on Cherries,12.99,Serbia,3.82,Dogma Brewery,8.0,Farmhouse Ale - Saison,Bottle 750ml,750,17.32,Farmhouse Ale
Quetsch Watergeus (4/2022),12.99,Netherlands,3.89,Vandenbroek,5.8,Lambic - Fruit,Bottle 750ml,750,17.32,Lambic
Year Four,12.99,United States,4.09,Liquid Gravity Brewing Company,10.0,IPA - Imperial / Double Milkshake,Bottle 750ml,750,17.32,IPA
Cuvee van de Keizer Whiskey Infused,12.99,Belgium,4.0,Brouwerij Het Anker,11.7,Belgian Strong Dark Ale,Bottle 750ml,750,17.32,Belgian Strong Dark Ale
Oude Geuze 02/04/2019 Blend 62 18|19,12.99,Belgium,4.3,Brouwerij 3 Fonteinen,6.8,Lambic - Gueuze,Bottle 750ml,750,17.32,Lambic
Serbian Barrels Series No. 3 - Saison Mixed Berries,12.99,Serbia,3.82,Dogma Brewery,8.0,Farmhouse Ale - Saison,Bottle 750ml,750,17.32,Farmhouse Ale
Oude Geuze 24/04/2019 Blend 67 18|19,12.99,Belgium,4.26,Brouwerij 3 Fonteinen,7.0,Lambic - Gueuze,Bottle 750ml,750,17.32,Lambic
Cuvée Prestige Madeira,12.99,Belgium,4.01,Brouwerij Van Steenberge,10.5,Belgian Strong Dark Ale,Bottle 750ml,750,17.32,Belgian Strong Dark Ale
Grande Réserve Limited Edition (2024),12.99,Belgium,4.1,Bières de Chimay,9.0,Belgian Strong Dark Ale,Bottle 750ml,750,17.32,Belgian Strong Dark Ale
Oude Geuze Vieille,6.5,Belgium,3.77,Oud Beersel,6.5,Lambic - Gueuze,Bottle 375ml,375,17.33,Lambic
Estrella,13.0,Canada,3.84,Revel Cider Company,6.5,Cider - Dry,Bottle 750ml,750,17.33,Cider
Field Guide,13.0,Canada,4.13,Revel Cider Company,7.5,Cider - Other Fruit,Bottle 750ml,750,17.33,Cider
Lightweaver,6.5,Spain,3.72,La Calavera,6.5,Farmhouse Ale - Saison,Bottle 375ml,375,17.33,Farmhouse Ale
Lees Blanc,13.0,Canada,,Revel Cider Company,7.2,Cider - Other Fruit,Bottle 750ml,750,17.33,Cider
Harrie BA '23,6.5,Netherlands,3.59,Kaapse Brouwers,6.1,Farmhouse Ale - Saison,Bottle 375ml,375,17.33,Farmhouse Ale
Chante Loup 2020,13.0,France,4.09,Brasserie La Malpolon,5.5,Cider - Graff,Bottle 750ml,750,17.33,Cider
Et dans chaque goutte se sublime le temps 2023,13.0,Netherlands,3.49,Bouquier,4.7,Wild ale,Bottle 750ml,750,17.33,Wild ale
Lady In Black,6.5,Poland,3.78,Magic Road,10.5,Stout - Imperial / Double Pastry,Bottle 375ml,375,17.33,Stout
Siren Caribbean Chocolate Mole Cake 2021,5.72,England,3.96,Siren Craft Brew,8.8,Stout - Milk / Sweet,330ml,330,17.33,Stout
Kestemont - Oude Kriek - 75cl,13.0,Belgium,3.78,Brouwerij Kestemont,5.5,Lambic - Kriek,Bottle 750ml,750,17.33,Lambic
Single & Wild Colon Elle 2023,13.0,Belgium,3.9,Lambiek Fabriek,8.5,Lambic - Gueuze,Bottle 750ml,750,17.33,Lambic
Auguste BA '23,6.5,Netherlands,3.55,Kaapse Brouwers,6.5,Farmhouse Ale - Saison,Bottle 375ml,375,17.33,Farmhouse Ale
Oude Geuze à l'Ancienne Brewing season 2015-2016,6.5,Belgium,3.37,Brouwerij Boon,7.0,Lambic - Gueuze,Bottle 375ml,375,17.33,Lambic
Perfect Breakfast,6.5,Poland,4.03,Magic Road,11.0,Stout - Imperial / Double Pastry,Bottle 375ml,375,17.33,Stout
Mandarine,13.0,France,3.98,Sacrilège,6.3,Wild Ale - Other,Bottle 750ml,750,17.33,Wild Ale
Purper,13.0,Netherlands,3.67,Nevel Wild Ales,4.5,Wild Ale - Other,Bottle 750ml,750,17.33,Wild Ale
Rhub-Elle,13.0,Belgium,3.94,Lambiek Fabriek,5.0,Lambic - Other,Bottle 750ml,750,17.33,Lambic
Black-Belle,13.0,Belgium,3.94,Lambiek Fabriek,6.5,Lambic - Fruit,Bottle 750ml,750,17.33,Lambic
Mingha (Munichwine),6.5,Netherlands,3.87,Brouwerij Halve Tamme,10.4,Barleywine - Other,Bottle 375ml,375,17.33,Barleywine
Gueuze 60-40,6.5,Belgium,4.01,Gueuzerie Tilquin,6.8,Lambic - Gueuze,Bottle 375ml,375,17.33,Lambic
Sorry #7 Ich Bin's,6.5,Germany,4.05,Heintz Artisanal Ales,6.0,Farmhouse Ale - Brett,Bottle 375ml,375,17.33,Farmhouse Ale
La Patrie,13.0,France,3.98,Brasserie de la Goutte d'Or,6.6,Farmhouse Ale - Bière de Garde,Bottle 750ml,750,17.33,Farmhouse Ale
Éclipse,13.0,France,3.78,Sacrilège,5.6,Wild Ale - Other,Bottle 750ml,750,17.33,Wild Ale
Geuze Adelaar Spiced (2022),13.0,Belgium,3.54,Brouwerij-Stokerij Sako,8.0,Lambic - Gueuze,Bottle 750ml,750,17.33,Lambic
Warm Autumn Feelings Imperial Brown Ale,6.5,Portugal,3.86,Fermentage,8.0,Brown Ale - Imperial / Double,Bottle 375ml,375,17.33,Brown Ale
Kestemont: Oude Geuze 2023,13.0,Belgium,3.75,Brouwerij Kestemont,6.0,Lambic - Gueuze,Bottle 750ml,750,17.33,Lambic
Gueuze 40-60,6.5,Belgium,4.05,Gueuzerie Tilquin,6.8,Lambic - Gueuze,Bottle 375ml,375,17.33,Lambic
Party!,13.0,Canada,3.9,Revel Cider Company,6.7,Cider - Other Fruit,Bottle 750ml,750,17.33,Cider
Oude Kriek Jartelle,6.5,Belgium,3.93,Lambiek Fabriek,6.0,Lambic - Kriek,Bottle 375ml,375,17.33,Lambic
Farmhouse Sour #5,13.0,Belgium,4.04,Brouwerij Alvinne,8.0,Sour - Other,Bottle 750ml,750,17.33,Sour
Geuze Black Label,6.5,Belgium,4.0,Brouwerij Girardin,5.0,Lambic - Gueuze,Bottle 375ml,375,17.33,Lambic
Maurice,13.0,Belgium,3.45,Brouwerij De Dochter van de Korenaar,7.0,Lambic - Traditional,Bottle 750ml,750,17.33,Lambic
Gueuze Bio,6.5,Belgium,4.24,Brasserie Cantillon,5.5,Lambic - Gueuze,Bottle 375ml,375,17.33,Lambic
Rise of the Dahu,13.0,United States,4.14,River Roost Brewery,8.0,IPA - Imperial / Double New England / Hazy,Bottle 750ml,750,17.33,IPA
Hubris Gamay,13.0,France,3.95,Brasserie Tempérance,6.3,Grape Ale - Other,Bottle 750ml,750,17.33,Grape Ale
Death of Civillization In Slow Motion Pt. 2 (Ghost MORSOV),8.2,United States,4.2,Adroit Theory,8.5,IPA - Imperial / Double New England / Hazy,473ml,473,17.34,IPA
Operation Warfare 2 – Sedition (Ghost: Sedition),8.2,United States,4.15,Adroit Theory,8.3,IPA - New England / Hazy,473ml,473,17.34,IPA
Speedway Stout Madagascar Vanilla,8.2,United States,4.04,AleSmith Brewing Company,12.0,Stout - Imperial / Double,473ml,473,17.34,Stout
To Love Is To Know,8.2,United States,4.06,Hop Butcher For The World,8.0,IPA - Imperial / Double New England / Hazy,473ml,473,17.34,IPA
140 Years (canned: 27-09-24),7.65,Switzerland,4.25,Hoppy People,10.0,IPA - Triple New England / Hazy,Can 440ml,440,17.39,IPA
Parallel Lines,7.65,Wales,4.01,Polly's Brew Co.,8.1,IPA - Imperial / Double New England / Hazy,Can 440ml,440,17.39,IPA
"Right Here, Right Now (canned: 23-09-24)",7.65,Switzerland,3.98,Hoppy People,8.0,IPA - Imperial / Double New England / Hazy,Can 440ml,440,17.39,IPA
Double Reveries of… Citra (canned: 09-24),7.65,Finland,4.24,Factory Brewing,8.0,IPA - Imperial / Double New England / Hazy,Can 440ml,440,17.39,IPA
I Love Hops #12 (canned: 25-09-24),7.65,Switzerland,4.07,Hoppy People,8.0,IPA - Imperial / Double New England / Hazy,Can 440ml,440,17.39,IPA
Progressive Dialogue (canned: 09-24),7.65,Finland,3.98,Factory Brewing,8.5,IPA - Imperial / Double,Can 440ml,440,17.39,IPA
Goatsmoker 2024,7.65,Scotland,3.97,Holy Goat Brewing,8.0,Stout - Imperial / Double,Can 440ml,440,17.39,Stout
Maximum Sunshine,7.65,England,4.07,Neon Raptor Brewing Co.,8.4,IPA - Imperial / Double New England / Hazy,Can 440ml,440,17.39,IPA
Break Me Into Bigger Pieces,8.7,England,3.91,DEYA Brewing Company,6.5,IPA - Fruited,Can 500ml,500,17.4,IPA
"Wonders - Lychee, Guava, Coconut Milk & Ube Yam",8.7,Poland,3.88,Magic Road,5.0,Sour - Smoothie / Pastry,500ml,500,17.4,Sour
Fifty/Fifty - Raspberry & Redcurrant,8.7,Poland,3.91,Magic Road,5.1,Sour - Smoothie / Pastry,500ml,500,17.4,Sour
Many Worlds,8.7,England,4.07,Makemake,8.0,IPA - Sour,500ml,500,17.4,IPA
Co oznacza dzwon? Raspberry Cocoa Brownie,8.7,Poland,3.93,Magic Road,5.6,Sour - Fruited,500ml,500,17.4,Sour
Tree Octopus,8.7,England,4.04,Weekend Project,8.0,IPA - Imperial / Double New England / Hazy,Can 500ml,500,17.4,IPA
The Glow,8.23,United States,4.03,Cellarmaker Brewing Company,5.7,Pale Ale - American,473ml,473,17.4,Pale Ale
There's A Lot To Do,8.7,England,3.87,DEYA Brewing Company,6.0,IPA - American,Can 500ml,500,17.4,IPA
Foot In The Door,8.7,England,4.03,Baron Brewing,8.4,Porter - Baltic,Can 500ml,500,17.4,Porter
Fruit Tart,8.7,Poland,4.15,Magic Road,9.0,Freeze-Distilled Beer,500ml,500,17.4,Freeze-Distilled Beer
Barley Wine Barrel Aged 2024: Balcones,5.75,Netherlands,4.13,Brouwerij de Molen,11.4,Barleywine - English,330ml,330,17.42,Barleywine
Noches Eternas,5.75,Netherlands,3.84,Butcher’s Tears,9.5,Stout - Foreign / Export,330ml,330,17.42,Stout
Surmapatt – Imperial Porter,5.75,Estonia,4.07,Pühaste Brewery,12.0,Porter - Imperial / Double,330ml,330,17.42,Porter
Momentum Blackcurrant- Imperial Porter,5.75,Estonia,4.01,Pühaste Brewery,12.0,Porter - Imperial / Double Baltic,330ml,330,17.42,Porter
Jean-Michel²: Brasil Campo Das Vertentes Coffee with Coconut & Vanilla,5.75,Poland,3.73,Browar Nepomucen,8.5,Stout - Coffee,330ml,330,17.42,Stout
El Matador,5.75,Argentina,3.91,Juguetes Perdidos,10.5,Stout - Russian Imperial,330ml,330,17.42,Stout
Bluebasour – Sour – Collab mit First Craft Beer,5.75,Hungary,3.53,FIRST Craft Beer,5.4,Sour - Fruited,330ml,330,17.42,Sour
Barrel Friends Forever,5.75,Netherlands,4.19,Brouwerij Frontaal,11.0,Barleywine - American,330ml,330,17.42,Barleywine
BLCK BA,5.75,Netherlands,3.91,Berging Brouwerij,12.5,Barleywine - Other,330ml,330,17.42,Barleywine
Schorschweizen 13 %,5.75,Germany,3.09,Schorschbräu,13.0,Bock - Weizenbock,330ml,330,17.42,Bock
Deerhunter 2021 – Russian Imperial Stout,5.75,Netherlands,3.93,Brouwerij Frontaal,13.4,Stout - Russian Imperial,330ml,330,17.42,Stout
Mellifera Noir (Mead – Cyser),5.75,Netherlands,3.54,Elegast Cidery,10.6,Mead - Cyser,330ml,330,17.42,Mead
Stadsbrouwerij Suikerohm,5.75,Netherlands,3.63,100 Watt Brewery/ Oldskool Brewery,12.0,Barleywine - English,330ml,330,17.42,Barleywine
Baltic Porter Day 2024 – Imperial Porter,5.75,Estonia,4.04,Põhjala,10.0,Porter - Imperial / Double Baltic,330ml,330,17.42,Porter
Dolle Brouwers Stille Nacht 2024,5.75,Belgium,4.11,Brouwerij De Dolle Brouwers,12.0,Belgian Strong Golden Ale,330ml,330,17.42,Belgian Strong Golden Ale
Vive La Fete Gin BA,5.75,Netherlands,3.55,Van Moll,9.8,IPA - Imperial / Double,330ml,330,17.42,IPA
Caramel Fudge Stout BA Bourbon,5.75,Netherlands,4.21,Brouwerij Kees,11.5,Stout - Imperial / Double,330ml,330,17.42,Stout
Russian Imperial Stout Cardamome Tonka,5.75,France,4.1,Popihn,11.5,Stout - Russian Imperial,330ml,330,17.42,Stout
Caramel Fudge Stout BA Het Anker,5.75,Netherlands,4.21,Brouwerij Kees,11.5,Stout - Imperial / Double,330ml,330,17.42,Stout
Double Dry Hop Pseudo Sue,8.25,United States,4.31,Toppling Goliath Brewing Co.,5.8,Pale Ale - New England / Hazy,473ml,473,17.44,Pale Ale
Cosmic Archer,8.25,United States,4.11,Toppling Goliath Brewing Co.,7.8,IPA - Imperial / Double New England / Hazy,473ml,473,17.44,IPA
The Veil Two Parts Monster,8.25,United States,4.01,The Veil Brewing Co.,6.0,IPA - New England / Hazy,473ml,473,17.44,IPA
Tilquin Oude Quetsche,13.08,Belgium,4.17,Gueuzerie Tilquin,6.4,Lambic - Fruit,Bottle 750ml,750,17.44,Lambic
Theogony Project - God of War(Spartacus Collab),7.68,Greece,4.06,Seven Island Brewery,11.0,Stout - Imperial / Double Coffee,Can 440ml,440,17.45,Stout
Firestone Walker - Mind Haze Cosmic Crusher,6.2,United States,3.78,Firestone Walker Brewing Company,9.5,IPA - Imperial / Double,355ml,355,17.46,IPA
Muddle Jumble,7.69,Spain,3.93,Basqueland Brewing,5.8,IPA - New England / Hazy,Can 440ml,440,17.48,IPA
Double Reveries Of… Citra,7.69,Finland,4.24,Factory Brewing,8.0,IPA - Imperial / Double New England / Hazy,Can 440ml,440,17.48,IPA
Sadako,7.69,England,3.98,Weird Beard Brew Co.,9.5,Stout - Imperial / Double,Can 440ml,440,17.48,Stout
Over Ripe,7.69,United States,4.28,Great Notion Brewing,7.0,IPA - New England / Hazy,Can 440ml,440,17.48,IPA
Micro Machines,7.69,Spain,3.76,Basqueland Brewing,5.0,IPA - Session,Can 440ml,440,17.48,IPA
Das Pils,7.69,United States,3.82,HEAVY REEL BREWING CO.,5.7,Pilsner - German,Can 440ml,440,17.48,Pilsner
Maximum Sunshine,7.7,England,4.07,Neon Raptor Brewing Co.,8.0,IPA - Imperial / Double New England / Hazy,Can 440ml,440,17.5,IPA
× Indie Hops: Strata,7.7,England,3.97,Cloudwater Brew Co.,7.0,IPA - New England / Hazy,Can 440ml,440,17.5,IPA
Flow State,7.7,England,3.89,Burnt Mill Brewery,6.0,IPA - New England / Hazy,Can 440ml,440,17.5,IPA
Fear Of The Unknown,7.7,England,3.98,Left Handed Giant Brewing,6.9,Stout - Pastry,Can 440ml,440,17.5,Stout
Juleglød (2024),7.7,Norway,3.92,Salikatt Bryggeri,10.0,Belgian Quadrupel,Can 440ml,440,17.5,Belgian Quadrupel
Cumulus Lupulus,7.7,Norway,3.57,Amundsen Brewery,5.3,IPA - New England / Hazy,Can 440ml,440,17.5,IPA
Umbrella Proof,7.7,Denmark,3.29,Gamma Brewing Company,8.0,Sour - Fruited,Can 440ml,440,17.5,Sour
Lime x Mango x Passionfruit x Pineapple x Coconut x Vanilla Smoothie Sour Ale,7.7,Latvia,4.26,Ārpus Brewing Co.,5.5,Sour - Smoothie / Pastry,Can 440ml,440,17.5,Sour
Pineapple x Lime x Coconut x Vanilla Smoothie Sour Ale,7.7,Latvia,4.24,Ārpus Brewing Co.,4.5,Sour - Smoothie / Pastry,Can 440ml,440,17.5,Sour
Mango x Apricot x Pineapple x Cherry x Coconut x Vanilla Smoothie Sour Ale (Dankhouse USA collab),7.7,Latvia,4.24,Ārpus Brewing Co.,5.0,Sour - Smoothie / Pastry,Can 440ml,440,17.5,Sour
Earth Guide For Aliens,7.7,Sweden,4.03,Elmeleven,8.2,Sour - Smoothie / Pastry,Can 440ml,440,17.5,Sour
Not Your Grandma´s Rote Grutze,7.7,Germany,3.74,Sudden Death Brewing Co.,5.0,Sour - Fruited,Can 440ml,440,17.5,Sour
Not Your Grandma's Rote Grütze,7.7,Germany,3.74,Sudden Death Brewing Co.,5.0,Sour - Fruited,Can 440ml,440,17.5,Sour
GLOW DAZE,7.7,Spain,4.09,Garage Beer Co.,9.0,IPA - Imperial / Double New England / Hazy,Can 440ml,440,17.5,IPA
Yonder Roobarb & Custard,7.7,England,4.08,Yonder Brewing & Blending,7.5,Sour - Fruited,Can 440ml,440,17.5,Sour
Northern Monk / Uchu - Patrons Project: 34.05 Wheel Of Fortune,7.7,England,3.47,Northern Monk,6.0,IPA - Fruited,Can 440ml,440,17.5,IPA
Violets,7.7,Scotland,3.84,Vault City Brewing,6.5,Sour - Fruited,Can 440ml,440,17.5,Sour
FLOOD THE ZONE WITH SHIT | grainfog series 1/5,7.7,Germany,4.08,Atelier der Braukünste,7.8,IPA - Imperial / Double New England / Hazy,Can 440ml,440,17.5,IPA
Cows More Cows,7.7,England,3.89,Disruption is Brewing,7.4,Stout - Milk / Sweet,Can 440ml,440,17.5,Stout
Northern Monk x Bereta Patrons Project 47.01 Barbarian Hermit,7.7,England,3.76,Northern Monk,7.5,IPA - Black / Cascadian Dark Ale,Can 440ml,440,17.5,IPA
It's Happening Again!,7.7,Sweden,4.03,Stigbergets Bryggeri,9.5,IPA - Triple,Can 440ml,440,17.5,IPA
Novum X Dark Elements,7.7,England,4.2,Neon Raptor Brewing Co.,8.2,IPA - Imperial / Double New England / Hazy,Can 440ml,440,17.5,IPA
Delirium Tremens Mini Keg,87.5,Belgium,3.85,Delirium - Huyghe Brewery,8.5,Belgian Strong Golden Ale,5000ml,5000,17.5,Belgian Strong Golden Ale
Tropicus,7.7,Norway,3.65,Amundsen Brewery,5.0,Sour - Fruited,Can 440ml,440,17.5,Sour
Field Of Dreams,7.7,Norway,3.81,Amundsen Brewery,6.5,IPA - New England / Hazy,Can 440ml,440,17.5,IPA
For The Love Of Hops,7.7,Netherlands,3.9,Brouwerij Frontaal,8.0,IPA - White / Wheat,Can 440ml,440,17.5,IPA
Festbier,7.7,Germany,3.45,FrauGruber Brewing,6.2,Festbier,Can 440ml,440,17.5,Festbier
Borderline Supernova,7.7,Netherlands,4.0,White Dog Brewery,7.4,IPA - New England / Hazy,Can 440ml,440,17.5,IPA
Creepy,7.7,Spain,4.14,SOMA Beer,8.0,IPA - Imperial / Double New England / Hazy,Can 440ml,440,17.5,IPA
Fields Of Citra,7.7,England,3.91,Burnt Mill Brewery,6.0,IPA - New England / Hazy,Can 440ml,440,17.5,IPA
Somewhere In Texas...,7.7,Germany,4.02,Sudden Death Brewing Co.,5.5,Sour - Fruited,Can 440ml,440,17.5,Sour
Pineapple x Apricot x Vanilla Smoothie Sour Ale,7.7,Latvia,4.19,Ārpus Brewing Co.,5.0,Sour - Smoothie / Pastry,Can 440ml,440,17.5,Sour
Shaky Tail,7.7,Wales,3.96,Polly's Brew Co.,5.5,Pale Ale - American,Can 440ml,440,17.5,Pale Ale
Proven Theory,8.29,United States,3.94,Benchtop Brewing Company,7.0,IPA - American,473ml,473,17.53,IPA
Fudgement Day: Temple of Hazelnut,8.29,United States,4.1,Magnify Brewing Company,11.0,Stout - Imperial / Double,473ml,473,17.53,Stout
Baby Brochachosaurus,8.29,United States,3.89,Benchtop Brewing Company,6.0,IPA - New England / Hazy,473ml,473,17.53,IPA
dHop2,8.29,United States,4.28,Equilibrium Brewery,8.5,IPA - Imperial / Double,473ml,473,17.53,IPA
Astro Fluff,8.29,United States,3.85,Equilibrium Brewery,6.5,IPA - American,473ml,473,17.53,IPA
Baby Zombies,8.29,United States,3.71,Benchtop Brewing Company,5.2,IPA - American,473ml,473,17.53,IPA
1-800-DoubleDouble-XtraXtra-FrootieFrootie-BiggieBiggie-JuicyJuicy,8.29,United States,4.22,Hoof Hearted Brewing,10.0,IPA - Triple,473ml,473,17.53,IPA
Perception of Depth,8.29,United States,3.91,Phase Three Brewing,6.5,Brown Ale - American,473ml,473,17.53,Brown Ale
Fulcrum,8.29,United States,4.19,Equilibrium Brewery,8.0,IPA - Imperial / Double,473ml,473,17.53,IPA
Speedway Stout: Affogato Edition,8.29,United States,4.08,AleSmith Brewing Company,12.0,Stout - Imperial / Double Coffee,473ml,473,17.53,Stout
Retreat [this is a hazy double IPA],8.29,United States,4.02,Offshoot Beer Co.,8.6,IPA - Imperial / Double New England / Hazy,473ml,473,17.53,IPA
Emma's Winter Mild,5.79,Sweden,3.36,Omnipollo,5.3,Mild - Dark,330ml,330,17.55,Mild
Tenuta Bembo x CRAK,5.79,Italy,3.64,CRAK Brewery,5.0,Sour - Fruited Gose,330ml,330,17.55,Sour
South Africa Hop Head Hazy IPA,5.79,Germany,3.39,CrossBeau Brewing,6.7,IPA - New England / Hazy,330ml,330,17.55,IPA
Deamon #19 Astaroth – Smoked Imperial Stout Barrel Aged Benrinnes,5.79,Netherlands,4.01,Walhalla Brouwerij & Proeflokaal,10.0,Smoked Beer,330ml,330,17.55,Smoked Beer
Tropical Summer Milkshake IPA,5.79,Germany,3.59,CrossBeau Brewing,6.5,IPA - Milkshake,330ml,330,17.55,IPA
IX [De-Evolution Edition] (Ghost DE-EVOLUTION),8.3,United States,4.13,Adroit Theory,8.5,IPA - Imperial / Double New England / Hazy,473ml,473,17.55,IPA
Finesse Pure Oak Series,5.79,Belgium,3.79,Brouwerij De Dochter van de Korenaar,8.5,Belgian Tripel,330ml,330,17.55,Belgian Tripel
Felhős 2020,13.18,Hungary,,BudaPrés Cider,8.2,Cider - Dry,Bottle 750ml,750,17.57,Cider
De Koninck Oude Gueuze,6.5,Belgium,3.76,Brouwerij Boon,5.2,Lambic - Gueuze,Bottle 370ml,370,17.57,Lambic
SECATEUR - 33cl,5.8,France,3.88,Brasserie La Malpolon,7.8,Grape Ale - Other,330ml,330,17.58,Grape Ale
Rudeen,5.8,Austria,3.67,Brauhaus Bevog,7.4,IPA - Imperial / Double Black,330ml,330,17.58,IPA
Royal Cookie: Mazurek,8.79,Poland,4.09,Funky Fluid,11.0,Stout - Imperial / Double Pastry,500ml,500,17.58,Stout
Blak Stoc Quincy Jo&Hops Edition,5.8,Austria,3.56,BlakStoc,4.5,Cider - Herbed / Spiced / Hopped,330ml,330,17.58,Cider
Blak Stoc Ginger For My Honey Cider,5.8,Austria,3.57,BlakStoc,3.0,Cider - Herbed / Spiced / Hopped,330ml,330,17.58,Cider
De Molen Balcones Edition 2024 Imperial Milkstout,5.8,Netherlands,3.92,Brouwerij de Molen,9.9,Stout - Imperial / Double,330ml,330,17.58,Stout
De Molen Balcones Edition 2024 Barley Wine,5.8,Netherlands,4.13,Brouwerij de Molen,11.4,Barleywine - English,330ml,330,17.58,Barleywine
Quintine Noel,5.8,Belgium,3.26,Brasserie des Légendes,7.8,Winter Ale,330ml,330,17.58,Winter Ale
Dr Banghard,5.8,Hungary,4.04,Reketye Brewing Co.,11.0,Porter - Imperial / Double,330ml,330,17.58,Porter
Oaked Vintermust Sour,5.8,Sweden,3.28,Omnipollo,0.5,Non-Alcoholic - Sour,Can 330ml,330,17.58,Non-Alcoholic
Cookie Monster,5.8,Spain,4.02,Cervezas La Virgen/ Laugar Brewery,11.5,Stout - Russian Imperial,330ml,330,17.58,Stout
Perfect Riwaka Motueka DDH IPA,5.8,Italy,3.93,CRAK Brewery,6.5,IPA - New England / Hazy,330ml,330,17.58,IPA
De Molen Calvados Edition 2024 - Quadruple,5.8,Netherlands,3.84,Brouwerij de Molen,12.0,Belgian Quadrupel,330ml,330,17.58,Belgian Quadrupel
Delirium Noel 33cl,5.8,Belgium,3.76,Delirium - Huyghe Brewery,10.0,Winter Ale,330ml,330,17.58,Winter Ale
Maiden of Pain (Ghost Maiden of Pain),8.32,United States,3.84,Adroit Theory,7.5,IPA - Rye,473ml,473,17.59,IPA
Kittens Inspired By Kittens,8.32,United States,4.19,Long Live Beerworks,8.2,IPA - Imperial / Double New England / Hazy,473ml,473,17.59,IPA
Angel's Trumpet (Ghost 1581),8.32,United States,3.91,Adroit Theory,8.0,IPA - Fruited,473ml,473,17.59,IPA
Days Months Years,8.32,United States,4.21,Long Live Beerworks,8.2,IPA - Imperial / Double New England / Hazy,473ml,473,17.59,IPA
Hopeless Romantic,8.32,United States,4.19,Long Live Beerworks,8.2,IPA - Imperial / Double,473ml,473,17.59,IPA
Alto Body Experience,8.32,United States,4.2,Hoof Hearted Brewing,8.0,IPA - Imperial / Double New England / Hazy,473ml,473,17.59,IPA
Ghost In the Machine (2024),8.32,United States,4.3,Parish Brewing Co.,8.5,IPA - Imperial / Double New England / Hazy,473ml,473,17.59,IPA
Operation Warfare 2 – Sedition (Ghost: Sedition),8.32,United States,4.15,Adroit Theory,8.4,IPA - New England / Hazy,473ml,473,17.59,IPA
Gelato XTREME: Raspberry Banana White Choc Shake,8.8,Poland,4.18,Funky Fluid,8.0,Sour - Smoothie / Pastry,500ml,500,17.6,Sour
Europhoria,6.6,Denmark,3.6,To Øl,5.6,IPA - New England / Hazy,Bottle 375ml,375,17.6,IPA
Duchesse De Bourgogne Flanders Red Ale 75cl,13.2,Belgium,3.66,Brouwerij Verhaeghe,6.2,Sour - Flanders Red Ale,Bottle 750ml,750,17.6,Sour
Birra Madre,6.6,Italy,3.84,Birrificio Menaresta,4.8,Lambic - Traditional,Bottle 375ml,375,17.6,Lambic
"Oude Geuze Brett-Elle - 37,5cl",6.6,Belgium,3.87,Lambiek Fabriek,5.5,Lambic - Gueuze,Bottle 375ml,375,17.6,Lambic
Frederiksdal Doublebock,6.6,Denmark,3.41,Mikkeller,9.0,Bock - Doppelbock,Bottle 375ml,375,17.6,Bock
"La Vermontoise 0,375L",6.6,Belgium,3.8,Brasserie de Blaugies/ Hill Farmstead Brewery,6.0,Farmhouse Ale - Saison,Bottle 375ml,375,17.6,Farmhouse Ale
ROUGE VERMILLON,13.2,France,4.03,Brasserie La Malpolon,6.0,Sour - Flanders Red Ale,Bottle 750ml,750,17.6,Sour
Avec Les Bons Væux Saison 75cl,13.2,Belgium,3.8,Brasserie Dupont,9.5,Farmhouse Ale - Saison,Bottle 750ml,750,17.6,Farmhouse Ale
"Istà  -  37,5cl",6.6,Italy,3.83,Siemàn,5.7,Farmhouse Ale - Saison,Bottle 375ml,375,17.6,Farmhouse Ale
Delirium Tremens 75cl,13.2,Belgium,3.85,Delirium - Huyghe Brewery,8.5,Belgian Strong Golden Ale,Bottle 750ml,750,17.6,Belgian Strong Golden Ale
Curiosity,6.6,Poland,3.83,PINTA Barrel Brewing,4.0,Wild Ale - Other,Bottle 375ml,375,17.6,Wild Ale
The Statement Of Purpose,6.25,United States,3.97,Martin House Brewing Company,8.0,Stout - Imperial / Double White / Golden,355ml,355,17.61,Stout
Bisutoro,7.75,Belgium,3.88,Misery Beer Co.,6.5,Sour - Fruited,Can 440ml,440,17.61,Sour
Brewing / De Moersleutel Dutch Plumber,7.75,France,4.12,Game Over Brewing Co.,10.5,Stout - Imperial / Double,Can 440ml,440,17.61,Stout
Shake S'more,7.75,Scotland,4.04,Vault City Brewing,6.2,Sour - Smoothie / Pastry,Can 440ml,440,17.61,Sour
Young Cardinals,7.75,Ireland,4.1,Galway Bay Brewery,10.0,IPA - Triple New England / Hazy,Can 440ml,440,17.61,IPA
Fruit Works - Raspberry + Blueberry + Blackberry,7.75,Hungary,4.01,Brew Your Mind,5.5,Sour - Fruited,Can 440ml,440,17.61,Sour
Maple Plumber,7.75,Netherlands,4.2,Moersleutel Craft Brewery,11.0,Stout - Imperial / Double Pastry,Can 440ml,440,17.61,Stout
Strawberry & Kiwi Shake,7.75,Scotland,3.86,Vault City Brewing,6.2,Sour - Fruited,Can 440ml,440,17.61,Sour
Tsar's Delight,7.75,France,4.22,La Superbe,10.0,Stout - Imperial / Double,Can 440ml,440,17.61,Stout
Dark Side Of The Island,7.75,Netherlands,3.7,Moersleutel Craft Brewery,10.0,Stout - Imperial / Double,Can 440ml,440,17.61,Stout
Endless Echoes,6.25,United States,3.9,Jackie O's Brewery,7.0,IPA - New England / Hazy,355ml,355,17.61,IPA
Fam,7.75,Spain,4.12,SOMA Beer,8.0,IPA - Imperial / Double New England / Hazy,Can 440ml,440,17.61,IPA
Best Maid Sour Pickle Beer,6.25,United States,3.44,Martin House Brewing Company,4.7,Sour - Tomato / Vegetable Gose,355ml,355,17.61,Sour
Jupiter,7.75,Netherlands,3.92,Moersleutel Craft Brewery,9.0,IPA - Triple,Can 440ml,440,17.61,IPA
Hokum Stomp,8.81,England,3.76,DEYA Brewing Company,5.6,Porter - English,500ml,500,17.62,Porter
Odd Side Vino Of Darkness,8.99,United States,3.87,Odd Side Ales,11.0,Stout - Imperial / Double,510ml,510,17.63,Stout
Siren / Seven Island,8.29,United States,3.96,Beer Zombies Brewing Co./ Mason Ale Works,8.0,IPA - Imperial / Double New England / Hazy,Can 470ml,470,17.64,IPA
La Malpolon / Garrigues / Outland Magaland,13.23,France,3.9,Brasserie La Malpolon,6.75,Sour - Other,Bottle 750ml,750,17.64,Sour
Can't Resist the Oats Double IPA,8.29,United States,3.88,Mason Ale Works,9.5,IPA - Imperial / Double New England / Hazy,Can 470ml,470,17.64,IPA
Perzik And Funk,13.25,Hungary,3.73,MadX,4.2,Farmhouse Ale - Other,Bottle 750ml,750,17.67,Farmhouse Ale
Apricot And Funk,13.25,Hungary,4.01,MadX,6.0,Farmhouse Ale - Other,Bottle 750ml,750,17.67,Farmhouse Ale
Organic Geuze Natur-Elle,13.25,Belgium,4.04,Lambiek Fabriek,5.5,Lambic - Gueuze,Bottle 750ml,750,17.67,Lambic
Sako Oude Gueuze Adelaar 2023,13.25,Belgium,3.85,Brouwerij-Stokerij Sako,6.5,Lambic - Gueuze,Bottle 750ml,750,17.67,Lambic
De Molen Black & Tan Imperial Stout Barley Wine Blend,5.84,Netherlands,3.84,Brouwerij de Molen,10.5,Black & Tan,330ml,330,17.7,Black & Tan
Interrobang,7.79,England,3.99,Pomona Island Brew Co.,6.2,IPA - New England / Hazy,Can 440ml,440,17.7,IPA
Scorpion Kick,7.79,Spain,4.12,Oso Brew Co,6.5,IPA - New England / Hazy,Can 440ml,440,17.7,IPA
Liquid Jazz,7.79,Spain,3.85,Oso Brew Co,6.5,Sour - Fruited Berliner Weisse,Can 440ml,440,17.7,Sour
Rizz,7.79,Spain,4.11,SOMA Beer,8.0,IPA - Imperial / Double New England / Hazy,Can 440ml,440,17.7,IPA
Lord Heathen,7.79,England,4.09,Northern Monk,8.4,IPA - Imperial / Double New England / Hazy,Can 440ml,440,17.7,IPA
De Molen Zomer & Passie Weizenbock,5.84,Netherlands,3.31,Brouwerij de Molen,7.5,Bock - Weizenbock,330ml,330,17.7,Bock
Turkey Dressing,7.79,Germany,4.17,Sudden Death Brewing Co.,5.0,Sour - Fruited,Can 440ml,440,17.7,Sour
Ibuki IX,7.79,England,3.9,Pomona Island Brew Co.,6.5,IPA - Fruited,Can 440ml,440,17.7,IPA
Eazy IPA,7.79,Spain,3.82,SOMA Beer,5.0,IPA - New England / Hazy,Can 440ml,440,17.7,IPA
Bourbon Barrel Stout,6.29,United States,3.71,Anderson Valley Brewing Company,6.9,Stout - American,355ml,355,17.72,Stout
Fruits of the Forest White Chocolate Banana Crumble,7.8,Scotland,4.21,Vault City Brewing,7.5,Sour - Smoothie / Pastry,Can 440ml,440,17.73,Sour
Patrons Project 36.07 Chris Simpsons Artist Witches Fingers,7.8,England,3.67,Northern Monk,7.0,IPA - New England / Hazy,Can 440ml,440,17.73,IPA
Lust Belgian Dark Ale,7.8,Denmark,3.82,Amager Bryghus,10.0,Stout - Russian Imperial,Can 440ml,440,17.73,Stout
Gulle Tinus (Editie 2023),5.85,Netherlands,3.81,Gulpener Bierbrouwerij,12.0,Freeze-Distilled Beer,330ml,330,17.73,Freeze-Distilled Beer
Double Up On Xmas DIPA,7.8,Denmark,3.79,Amager Bryghus,9.0,IPA - Imperial / Double New England / Hazy,Can 440ml,440,17.73,IPA
"Nasty, Brutish and Malt",13.3,Denmark,3.94,Mikkeller,12.1,Barleywine - Other,Bottle 750ml,750,17.73,Barleywine
Fuerst Wiacek Werewolf Grandma,7.8,Germany,4.1,FUERST WIACEK,6.8,IPA - New England / Hazy,Can 440ml,440,17.73,IPA
Night Sleigher DIPA,7.8,Norway,3.83,Amundsen Brewery,7.5,IPA - Imperial / Double New England / Hazy,Can 440ml,440,17.73,IPA
RUSSIAN IMPERIAL STOUT - Piment Oiseau,5.85,France,4.01,Popihn,12.0,Stout - Russian Imperial,330ml,330,17.73,Stout
Give Me Shelter IPA,7.8,Germany,4.0,Sudden Death Brewing Co.,7.0,IPA - New England / Hazy,Can 440ml,440,17.73,IPA
(x Verdant) - Lizard - IPA,7.8,England,4.04,Duration Brewing,6.5,IPA - American,Can 440ml,440,17.73,IPA
Juicy & Wild Muri-Elle (2020),13.3,Belgium,4.03,Lambiek Fabriek,7.0,Lambic - Fruit,Bottle 750ml,750,17.73,Lambic
Bake My Day Oloroso & Ledaig BA,5.85,Netherlands,3.78,Jopen,10.0,Stout - Pastry,330ml,330,17.73,Stout
Big Stupid Westy V4,7.8,England,4.03,Verdant Brewing Co,6.8,IPA - American,Can 440ml,440,17.73,IPA
Irl,7.8,Spain,4.13,SOMA Beer,8.0,IPA - Imperial / Double New England / Hazy,Can 440ml,440,17.73,IPA
Gluttony Dryhopped Imperial IPA,7.8,Denmark,3.83,Amager Bryghus,9.4,IPA - Imperial / Double,Can 440ml,440,17.73,IPA
Stoopid: Black Forest Gateau Sour,7.8,Scotland,4.16,Vault City Brewing,6.5,Sour - Smoothie / Pastry,Can 440ml,440,17.73,Sour
Living Fjords,7.8,Spain,3.66,Garage Beer Co.,6.5,Sour - Fruited Berliner Weisse,Can 440ml,440,17.73,Sour
West Coast IPA Is Dead (x Green Cheek),7.8,England,3.84,Cloudwater Brew Co.,7.2,IPA - American,Can 440ml,440,17.73,IPA
Chocolate Strawberry Dutch Pancakes,7.8,Scotland,3.97,Vault City Brewing,5.3,Sour - Smoothie / Pastry,Can 440ml,440,17.73,Sour
Pastore x Sureshot Kiwi Crush,7.8,England,3.66,Pastore Brewing and Blending,6.0,IPA - Sour,Can 440ml,440,17.73,IPA
Rico Case,7.8,France,4.05,Prizm Brewing Co.,10.0,IPA - Triple,Can 440ml,440,17.73,IPA
Well Well Well IPA,7.8,Denmark,3.76,Stepping Stone Brewing Company,6.4,IPA - New England / Hazy,Can 440ml,440,17.73,IPA
Monstrosity Part 1,7.8,Netherlands,4.44,White Dog Brewery,11.0,Stout - Imperial / Double Pastry,Can 440ml,440,17.73,Stout
Fuerst Wiacek x Track It's Been A While,7.8,Germany,4.03,FUERST WIACEK,6.8,IPA - New England / Hazy,Can 440ml,440,17.73,IPA
Fuerst Wiacek x Stigbergets Metz,7.8,Germany,3.92,FUERST WIACEK/ Stigbergets Bryggeri,6.8,IPA - New England / Hazy,Can 440ml,440,17.73,IPA
Wishing Well X State Of Kind Brew,7.8,England,4.16,Phantom Brewing Co.,8.0,IPA - Imperial / Double,Can 440ml,440,17.73,IPA
Omnipollo x Newbarns Emma's Winter Mild,5.85,Sweden,3.36,Omnipollo,5.3,Mild - Dark,330ml,330,17.73,Mild
Fuerst Wiacek x Finback Palms (2024),7.8,Germany,4.11,FUERST WIACEK,6.8,IPA - New England / Hazy,Can 440ml,440,17.73,IPA
Coolhead x Baron Chemtrails,7.8,Finland,3.88,CoolHead Brew,7.0,IPA - New England / Hazy,Can 440ml,440,17.73,IPA
Maelstrom - Peanut Butter,7.8,England,4.06,Disruption is Brewing,8.5,Stout - Foreign / Export,Can 440ml,440,17.73,Stout
Stop ou Amphore 004,13.3,France,4.16,Nano Brasserie SPO,5.9,Farmhouse Ale - Other,Bottle 750ml,750,17.73,Farmhouse Ale
Saison,5.85,Spain,3.82,Menno Olivier Brewing,9.4,Farmhouse Ale - Saison,330ml,330,17.73,Farmhouse Ale
"Bramble On (Arpus collab, 9th anniversary)",7.8,Spain,3.72,Basqueland Brewing,5.7,Sour - Fruited,Can 440ml,440,17.73,Sour
Chariot Of Helios,7.8,England,4.03,Azvex Brewing Company,8.0,IPA - Imperial / Double New England / Hazy,Can 440ml,440,17.73,IPA
'Til Time And Times Are Done,7.8,England,3.89,Cloudwater Brew Co.,7.0,IPA - New England / Hazy,Can 440ml,440,17.73,IPA
RUSSIAN IMPERIAL STOUT - Vanille De Madagascar,5.85,France,3.94,Popihn,11.0,Stout - Russian Imperial,330ml,330,17.73,Stout
Hopspot Logic,7.8,Wales,3.99,Polly's Brew Co.,6.4,IPA - New England / Hazy,Can 440ml,440,17.73,IPA
Flora Fauna Air Water,7.8,Wales,3.87,Polly's Brew Co.,6.0,Sour - Fruited Gose,Can 440ml,440,17.73,Sour
Daemon Engine (canned: 30-08-24),7.8,England,4.05,Azvex Brewing Company,8.2,IPA - Imperial / Double,Can 440ml,440,17.73,IPA
Tenuto Sempre,7.8,England,4.04,Cloudwater Brew Co.,8.0,IPA - Imperial / Double New England / Hazy,Can 440ml,440,17.73,IPA
Slice Of Sunshine IPA,7.8,Denmark,3.68,Bad Seed Brewing,7.0,IPA - American,Can 440ml,440,17.73,IPA
Kinda Brooklyn,8.39,United States,4.13,Finback Brewery,8.0,IPA - Imperial / Double,473ml,473,17.74,IPA
Gone Fishing,8.39,United States,4.18,Little Willow Brewing Company,8.2,IPA - New England / Hazy,473ml,473,17.74,IPA
Light Show,8.39,United States,4.2,Little Willow Brewing Company,8.2,IPA - Imperial / Double New England / Hazy,473ml,473,17.74,IPA
3DH Roller Blabe (2024),8.39,United States,4.19,Hoof Hearted Brewing,8.0,IPA - Imperial / Double,473ml,473,17.74,IPA
Willy Goat,8.39,United States,4.18,Little Willow Brewing Company,8.0,IPA - Imperial / Double New England / Hazy,473ml,473,17.74,IPA
Hop Making Sense,8.39,United States,3.9,Cellarmaker Brewing Company,5.7,Pale Ale - American,473ml,473,17.74,Pale Ale
Social Fabric,8.39,United States,4.2,Finback Brewery,8.0,IPA - Imperial / Double,473ml,473,17.74,IPA
Guava Glow,8.39,United States,3.93,Great Notion Brewing,5.9,Sour - Fruited,473ml,473,17.74,Sour
Gouden Carolus Indulgence 2023 - Batteliek,13.31,Belgium,3.64,Brouwerij Het Anker,7.3,Belgian Blonde,Bottle 750ml,750,17.75,Belgian Blonde
An Equatorial Detour,8.4,Canada,4.14,Trial & Ale Brewing Company,6.7,Sour - Fruited,Can 473ml,473,17.76,Sour
Grid,8.4,United States,3.93,Hop Butcher For The World,5.75,Pale Ale - American,Can 473ml,473,17.76,Pale Ale
Tilquin Gueuze 40-60 2023-2024,6.66,Belgium,4.05,Gueuzerie Tilquin,6.8,Lambic - Gueuze,Bottle 375ml,375,17.76,Lambic
Beer Geek Viking Shake BA,8.4,United States,4.14,Mikkeller Brewing San Diego,13.0,Stout - Imperial / Double,473ml,473,17.76,Stout
Spots & Dots,8.4,United States,4.11,Sante Adairius Rustic Ales,7.0,IPA - American,473ml,473,17.76,IPA
SLUSHY XL Water Turtle,8.4,United States,3.81,450 North Brewing Company,5.3,Sour - Smoothie / Pastry,473ml,473,17.76,Sour
Greetings From Cypremort Point,8.4,United States,3.92,Parish Brewing Co.,5.6,Sour - Fruited Berliner Weisse,Can 473ml,473,17.76,Sour
Pêche,8.4,United States,3.99,Une Année Brewery,6.5,Wild Ale - American,473ml,473,17.76,Wild Ale
Chronology,8.4,United States,3.71,Hudson Valley Brewery,6.0,Kölsch,Can 473ml,473,17.76,Kölsch
Brunch,8.4,Canada,4.09,Trial & Ale Brewing Company,7.1,Sour - Fruited,Can 473ml,473,17.76,Sour
Sour Crusher Apricot,8.4,United States,3.81,Skygazer Brewing Company,5.0,Sour - Fruited,473ml,473,17.76,Sour
Trial & Ale A Cordial Invitation,8.4,Canada,3.94,Trial & Ale Brewing Company,6.9,Sour - Fruited,Can 473ml,473,17.76,Sour
Pepper Paws,8.4,United States,3.82,Sante Adairius Rustic Ales,6.8,IPA - American,473ml,473,17.76,IPA
Sunshine Panorama,8.4,United States,4.04,Sante Adairius Rustic Ales,7.3,IPA - American,473ml,473,17.76,IPA
Roman Candle,8.4,Canada,3.99,Bellwoods Brewery,6.8,IPA - New England / Hazy,Can 473ml,473,17.76,IPA
Relax,8.4,United States,3.86,Offshoot Beer Co.,6.8,IPA - New England / Hazy,Can 473ml,473,17.76,IPA
Reasonable Reasons,8.4,United States,4.06,Sante Adairius Rustic Ales,6.3,IPA - New England / Hazy,473ml,473,17.76,IPA
Copenhagen Crisp Ale,11.55,Denmark,3.54,Dry & Bitter Brewing Company/ Hoppin' Frog Brewery,6.2,Blonde / Golden Ale - Other,Bottle 650ml,650,17.77,Blonde / Golden Ale
LSB 2022,5.87,Spain,3.89,Laugar Brewery,10.0,Barleywine - Other,330ml,330,17.79,Barleywine
Arpus Brewing Co. Cherry X Peach X Vanilla Smoothie Sour Ale,5.87,United States,3.55,Big Storm Brewing Co.,6.2,IPA - American,330ml,330,17.79,IPA
Liquid Refreshment CROWLER,8.9,Germany,3.75,FrauGruber Brewing,4.9,Kellerbier / Zwickelbier,500ml,500,17.8,Kellerbier / Zwickelbier
We'll Take It Off The Zombies,8.9,England,4.02,DEYA Brewing Company,6.5,IPA - New England / Hazy,Can 500ml,500,17.8,IPA
Hoist Point,8.43,United States,4.06,Hop Butcher For The World,7.5,IPA - Imperial / Double New England / Hazy,473ml,473,17.82,IPA
Falling Up,8.43,United States,4.17,Saint Errant Brewing,7.7,IPA - New England / Hazy,473ml,473,17.82,IPA
Tilquin Oude Airelle Sauvage,13.38,Belgium,4.15,Gueuzerie Tilquin,6.5,Lambic - Fruit,Bottle 750ml,750,17.84,Lambic
Double Chocolate Stout,6.69,United States,4.04,Rogue Ales,9.0,Stout - Imperial / Double,Bottle 375ml,375,17.84,Stout
Ecto Kewler: Sike!,8.44,United States,4.09,Spanish Marie Brewery,5.0,Sour - Fruited,473ml,473,17.84,Sour
Nordic Geezer – Fruited Berliner Weisse,7.85,Finland,3.75,Salama Brewing Company,8.0,Sour - Fruited Berliner Weisse,Can 440ml,440,17.84,Sour
De Molen Hel & Verdoemenis Imperial Stout,5.89,Netherlands,3.85,Brouwerij de Molen,10.0,Stout - Russian Imperial,330ml,330,17.85,Stout
"Lervig 3 Bean Stout With Tonka, Cocoa & Vanilla Beans",5.89,Norway,4.09,LERVIG/ Way Beer,12.0,Stout - Imperial / Double,330ml,330,17.85,Stout
Stormtrooper Red Shift IPA,5.89,England,3.47,Original Stormtrooper Beer,5.0,IPA - American,330ml,330,17.85,IPA
Siren Caribbean Chocolate Cupccake 2023,5.89,England,3.8,Siren Craft Brew,5.4,Stout - Milk / Sweet,330ml,330,17.85,Stout
Blueberry Mochi,8.45,United States,4.17,Parish Brewing Co.,4.5,Sour - Fruited Berliner Weisse,473ml,473,17.86,Sour
Loophole Technicality,8.45,United States,4.26,Hop Butcher For The World,7.5,IPA - Imperial / Double New England / Hazy,473ml,473,17.86,IPA
"Organic Geuze Natur-Elle (2020) - 37,5cl",6.7,Belgium,4.0,Lambiek Fabriek,6.2,Lambic - Gueuze,Bottle 375ml,375,17.87,Lambic
SAN FRUTOS – FORTUNA,6.7,Spain,3.91,Cerveza SanFrutos,7.5,IPA - Imperial / Double,Bottle 375ml,375,17.87,IPA
Schaarbeekse Kriek,6.7,Belgium,3.82,Brouwerij Boon,6.5,Lambic - Kriek,Bottle 375ml,375,17.87,Lambic
CC,13.4,Spain,4.02,Cyclic Beer Farm,5.5,Wild Ale - Other,Bottle 750ml,750,17.87,Wild Ale
"Kestemont - Oude Geuze - 37,5cl",6.7,Belgium,3.75,Brouwerij Kestemont,6.0,Lambic - Gueuze,Bottle 375ml,375,17.87,Lambic
Klaus,5.9,Italy,3.43,Karma,8.0,Winter Ale,330ml,330,17.88,Winter Ale
Sailing '23 Tres Hombres Rum Barrel Aged Imperial Dry Stout,5.9,Netherlands,3.43,Berging Brouwerij,10.2,Belgian Quadrupel,330ml,330,17.88,Belgian Quadrupel
The Weak Hour Of The Rooster Wheat Wine x Protokoll,5.9,Spain,3.67,Cierzo Brewing Co.,9.8,Wheat Beer - Wheat Wine,330ml,330,17.88,Wheat Beer
Gordon's Comfort Nitro Mild x Newbarns,5.9,Sweden,3.36,Omnipollo,5.3,Mild - Dark,330ml,330,17.88,Mild
Sailing '23 Tres Hombres Rum Barrel Aged Barley Wine,5.9,Netherlands,3.43,Berging Brouwerij,12.1,Belgian Quadrupel,330ml,330,17.88,Belgian Quadrupel
Firestrata,5.9,Romania,4.05,Hop Hooligans,7.0,IPA - Imperial / Double New England / Hazy,Can 330ml,330,17.88,IPA
Julemalt 2024 Imperial Stout,5.9,Denmark,4.33,To Øl,13.0,Stout - Imperial / Double,330ml,330,17.88,Stout
Brett Series - Bière de Blé...,5.9,France,4.07,Effet Papillon,8.0,Brett Beer,330ml,330,17.88,Brett Beer
Bush Scaldis Peach,5.9,Belgium,3.43,Brasserie Dubuisson,8.5,Fruit Beer,330ml,330,17.88,Fruit Beer
Choc'waves,5.9,France,4.24,Blue Coast Brewing Company,11.0,Stout - Imperial / Double,330ml,330,17.88,Stout
Struise -XXX Rye Reserva Bourbon BA 2022,5.9,Belgium,4.0,De Struise Brouwers,10.0,Belgian Quadrupel,330ml,330,17.88,Belgian Quadrupel
Boskeun 2024,5.9,Belgium,3.87,Brouwerij De Dolle Brouwers,9.0,Belgian Strong Golden Ale,330ml,330,17.88,Belgian Strong Golden Ale
Marble,5.9,Poland,4.02,Moon Lark Brewery,10.5,Stout - Imperial / Double,330ml,330,17.88,Stout
Immortal Memory 2.0,5.9,England,3.88,Vocation Brewery,11.5,Scotch Ale / Wee Heavy,330ml,330,17.88,Scotch Ale / Wee Heavy
The Doom Series: Funeralopolis,5.9,Spain,4.15,Kraftank Barcelona/ Laugar Brewery,10.0,Stout - Russian Imperial,330ml,330,17.88,Stout
Wild Carotte Violette,5.9,France,3.82,Brasserie Iron,6.9,Wild Ale - Other,330ml,330,17.88,Wild Ale
Nite Before Halloween 2024,5.9,Belgium,3.58,Diaz Brewing Company,7.7,Pumpkin / Yam Beer,330ml,330,17.88,Pumpkin / Yam Beer
Troubadour Magma,5.9,Belgium,3.89,De Proefbrouwerij/ New Glarus Brewing Company,9.0,Belgian Strong Dark Ale,330ml,330,17.88,Belgian Strong Dark Ale
Triple Berry Pie Sour,5.9,Sweden,,Brewski,6.5,Sour - Berliner Weisse,330ml,330,17.88,Sour
Troubadour Winter,5.9,Belgium,3.54,Brouwerij The Musketeers,9.99,Winter Ale,Bottle 330ml,330,17.88,Winter Ale
CC,13.41,Spain,4.02,Cyclic Beer Farm,5.6,Wild Ale - Other,Bottle 750ml,750,17.88,Wild Ale
Tilquin Oude Abricot,13.42,Belgium,4.07,Gueuzerie Tilquin,6.3,Lambic - Fruit,Bottle 750ml,750,17.89,Lambic
Gelato XTREME: Jungle Juice SLUSHY XXL,8.95,Poland,4.03,Funky Fluid,8.0,Sour - Smoothie / Pastry,500ml,500,17.9,Sour
Grand Prestige Kruikje,8.95,Netherlands,3.81,Hertog Jan,10.0,Barleywine - Other,500ml,500,17.9,Barleywine
Hop Hooligans Sharpest Knife In the Drawer,8.95,Greece,4.43,P.i.g.s. Brewery,6.0,Sour - Smoothie / Pastry,500ml,500,17.9,Sour
By Nature Wild Blackcurrant Barrel Aged Sour,8.95,Scotland,3.92,Fierce Beer,6.1,Sour - Fruited,500ml,500,17.9,Sour
Gelato XTREME Blueberry Raspberry Banana S'Mores Milkshake Schmoojee,8.95,Poland,4.12,Funky Fluid,8.0,Sour - Smoothie / Pastry,500ml,500,17.9,Sour
Rain Shadow 2021,5.91,England,4.04,Buxton Brewery,10.0,Stout - Imperial / Double,330ml,330,17.91,Stout
Yule Malt 2023,5.91,Denmark,4.03,To Øl,11.5,Stout - Imperial / Double Milk,330ml,330,17.91,Stout
Fros'e Hydra Duce,8.96,United States,4.35,Mortalis Brewing Company,7.0,Sour - Smoothie / Pastry,500ml,500,17.92,Sour
Dew at Dawn,7.89,Finland,3.88,CoolHead Brew,6.5,IPA - New England / Hazy,Can 440ml,440,17.93,IPA
TDH Motueka x Riwaka x Galaxy DIPA,7.89,Latvia,3.84,Ārpus Brewing Co.,6.5,IPA - New England / Hazy,Can 440ml,440,17.93,IPA
Walking On Razors,7.89,Romania,4.05,Bereta Brewing Co.,6.2,IPA - New England / Hazy,Can 440ml,440,17.93,IPA
Reckoner,7.89,Ireland,3.86,Whiplash,7.0,IPA - American,Can 440ml,440,17.93,IPA
Double Headed DDH West Coast IPA,7.89,Sweden,4.02,Stigbergets Bryggeri,6.5,IPA - American,Can 440ml,440,17.93,IPA
Tin Foil Hat Series Chemtrails,7.89,Finland,3.88,CoolHead Brew,7.0,IPA - New England / Hazy,Can 440ml,440,17.93,IPA
Claim To Fame,7.89,Romania,3.99,Bereta Brewing Co.,6.0,IPA - New England / Hazy,Can 440ml,440,17.93,IPA
Fuerst Wiacek Invisible Eyes,7.89,Germany,4.03,FUERST WIACEK,6.8,IPA - New England / Hazy,Can 440ml,440,17.93,IPA
Fuerst Wiacek Toe Cutter,7.89,Germany,4.04,FUERST WIACEK,6.8,IPA - New England / Hazy,Can 440ml,440,17.93,IPA
Fuerst Wiacek Stereo,7.89,Germany,4.02,FUERST WIACEK,6.8,IPA - New England / Hazy,Can 440ml,440,17.93,IPA
Fuerst Wiacek Chin Music,7.89,Germany,3.85,FUERST WIACEK,6.8,IPA - New England / Hazy,Can 440ml,440,17.93,IPA
Fuerst Wiacek Crossfader,7.89,Germany,4.01,FUERST WIACEK,6.8,IPA - New England / Hazy,Can 440ml,440,17.93,IPA
Fuerst Wiacek Floppy Disk,7.89,Germany,3.99,FUERST WIACEK,6.8,IPA - New England / Hazy,Can 440ml,440,17.93,IPA
Ojo Rojo,7.89,Sweden,3.86,Stigbergets Bryggeri,7.0,Sour - Fruited,Can 440ml,440,17.93,Sour
Juicy & Wild Rhub-Elle,13.45,Belgium,3.94,Lambiek Fabriek,5.0,Lambic - Other,Bottle 750ml,750,17.93,Lambic
LaCalavera 6er,38.2,Spain,3.83,La Calavera,6.4,Sour - Other,2130ml,2130,17.93,Sour
Bean Butcher Imperial Pastry Stout,7.9,Netherlands,4.18,Moersleutel Craft Brewery,11.0,Stout - Imperial / Double Pastry,Can 440ml,440,17.95,Stout
Hop Wave 5,8.49,United States,4.21,Equilibrium Brewery,8.0,IPA - Imperial / Double,473ml,473,17.95,IPA
What's Past Is Present / Voodoo,8.49,United States,4.1,Equilibrium Brewery,8.5,IPA - Imperial / Double,473ml,473,17.95,IPA
Cherry Sournova,8.49,United States,3.77,Almanac Beer Company,5.1,Sour - Fruited,473ml,473,17.95,Sour
Strawberry Sournova,8.49,United States,3.74,Almanac Beer Company,5.3,Sour - Fruited,473ml,473,17.95,Sour
Fruit Punch Sournova,8.49,United States,3.71,Almanac Beer Company,5.2,Sour - Fruited,473ml,473,17.95,Sour
Sunshine & Opportunity,8.49,United States,3.83,Almanac Beer Company,5.6,Sour - Fruited,Can 473ml,473,17.95,Sour
Lowkey,7.9,Spain,4.15,SOMA Beer,8.0,IPA - Imperial / Double,Can 440ml,440,17.95,IPA
Dreamwave Fluctuation,8.49,United States,4.25,Equilibrium Brewery,8.1,IPA - Imperial / Double,473ml,473,17.95,IPA
Double Fractal Circular Inversion,8.49,United States,4.1,Equilibrium Brewery,8.5,IPA - Imperial / Double,473ml,473,17.95,IPA
Radiant Haze / Radiant Beer,8.49,United States,3.92,Toppling Goliath Brewing Co.,7.0,IPA - American,473ml,473,17.95,IPA
Double Wai-iti Drip,7.9,Spain,4.06,SOMA Beer,8.0,IPA - Imperial / Double New England / Hazy,Can 440ml,440,17.95,IPA
Western Seaboard Project #1,7.9,England,3.9,Beak Brewery,6.8,IPA - American,Can 440ml,440,17.95,IPA
Speedway Stout New Orleans Café Edition,8.49,United States,4.0,AleSmith Brewing Company,12.0,Stout - Imperial / Double Coffee,473ml,473,17.95,Stout
Bitrate Fluctuation- Batch 2,8.49,United States,4.2,Equilibrium Brewery,8.5,IPA - Imperial / Double,473ml,473,17.95,IPA
Space Station Dream Lab,8.49,United States,4.19,Equilibrium Brewery,8.5,IPA - Imperial / Double,473ml,473,17.95,IPA
Strata Nebula,8.49,United States,3.99,Equilibrium Brewery,8.5,IPA - Imperial / Double,473ml,473,17.95,IPA
Uncle Pops: Raspberry Christmas Float,7.9,Norway,3.77,Amundsen Brewery,6.5,Sour - Other,Can 440ml,440,17.95,Sour
Coolhead Brew / Northern Monk - Atlantis,7.9,Finland,3.56,CoolHead Brew,6.0,Sour - Fruited,Can 440ml,440,17.95,Sour
Opening Act,8.49,United States,3.93,SingleCut Beersmiths,5.2,Wheat Beer - Hefeweizen,473ml,473,17.95,Wheat Beer
Pondinchéry,7.9,Belgium,3.78,Misery Beer Co.,8.3,IPA - New England / Hazy,Can 440ml,440,17.95,IPA
Dorks of Hazard Redorx,8.49,United States,4.22,Hoof Hearted Brewing,8.6,IPA - Imperial / Double New England / Hazy,473ml,473,17.95,IPA
Barrel Aged Gulle Tinus (2024),7.9,Netherlands,3.79,Gulpener Bierbrouwerij,12.0,Freeze-Distilled Beer,Can 440ml,440,17.95,Freeze-Distilled Beer
Supreme Guard (bbf: 05-25),7.9,Spain,4.07,Basqueland Brewing,10.0,IPA - Triple,Can 440ml,440,17.95,IPA
Driving South,7.9,Scotland,3.85,Overtone Brewing Co,6.0,IPA - New Zealand,Can 440ml,440,17.95,IPA
Relax,7.9,Switzerland,4.04,Hoppy People,5.5,Pale Ale - New England / Hazy,Can 440ml,440,17.95,Pale Ale
dHop15,8.49,United States,4.17,Equilibrium Brewery,8.5,IPA - Imperial / Double,473ml,473,17.95,IPA
Cenote,8.49,United States,4.08,Millpond Brewing,7.0,IPA - New England / Hazy,473ml,473,17.95,IPA
The Chocolate Manifesto,8.49,Canada,4.12,Flying Monkeys Craft Brewery,10.0,Stout - Imperial / Double Milk,473ml,473,17.95,Stout
Bounce,8.49,United States,3.84,Brouwerij West,6.0,IPA - American,473ml,473,17.95,IPA
Trigger Finger,8.49,United States,3.8,Artifex Brewing Company,6.7,IPA - American,473ml,473,17.95,IPA
Space Age Sunshine,8.49,Canada,3.66,Flying Monkeys Craft Brewery,11.6,IPA - Quadruple,473ml,473,17.95,IPA
La Vermontoise,6.74,Belgium,3.8,Brasserie de Blaugies/ Hill Farmstead Brewery,10.0,Farmhouse Ale - Saison,Bottle 375ml,375,17.97,Farmhouse Ale
Moscatell dels Bardissots,13.48,Spain,3.79,Cyclic Beer Farm,6.0,Farmhouse Ale - Other,Bottle 750ml,750,17.97,Farmhouse Ale
Gramophonic (Lager Pale),8.5,United States,3.91,Brick & Feather Brewery,3.8,Lager - Pale,473ml,473,17.97,Lager
Montague Gothic (Kölsch),8.5,United States,3.77,Brick & Feather Brewery,5.2,Kölsch,473ml,473,17.97,Kölsch
CRUNCHMALLOW Cherries N Cream,8.5,United States,4.22,450 North Brewing Company,5.3,Sour - Smoothie / Pastry,473ml,473,17.97,Sour
Exquisite Beast,8.5,United States,4.15,Dancing Gnome,8.5,IPA - Imperial / Double,473ml,473,17.97,IPA
"Bath Bomb: Orange, Mango, Banana",8.5,United States,4.21,Fifth Frame Brewing Co.,6.0,Sour - Fruited,473ml,473,17.97,Sour
Hope,8.5,United States,3.94,District 96 Beer Factory,6.8,IPA - New England / Hazy,473ml,473,17.97,IPA
Garrut De Sicus,13.48,Spain,4.02,Cyclic Beer Farm,6.5,Grape Ale - Other,Bottle 750ml,750,17.97,Grape Ale
Canada – Belle Prise,8.5,Canada,4.04,Brasserie du Bas-Canada,5.0,Lager - Other,473ml,473,17.97,Lager
Bath Bomb: Strawberry Blackberry Pineapple,8.5,United States,4.22,Fifth Frame Brewing Co.,6.0,Sour - Fruited,473ml,473,17.97,Sour
SLUSHY XXL Poison Dino,8.5,United States,3.97,450 North Brewing Company,5.3,Sour - Fruited,473ml,473,17.97,Sour
After After Party TIPA,8.5,Canada,4.16,Willibald Farm Brewery,10.2,IPA - Triple,Can 473ml,473,17.97,IPA
Gone Fishing,8.5,United States,4.18,Little Willow Brewing Company,7.0,IPA - New England / Hazy,473ml,473,17.97,IPA
High-Low,8.5,United States,4.22,Finback Brewery,8.5,IPA - Imperial / Double,473ml,473,17.97,IPA
Zubath Bomb: Red,8.5,United States,4.24,Fifth Frame Brewing Co.,6.0,Sour - Fruited,473ml,473,17.97,Sour
Zubath Bomb: Blue,8.5,United States,3.99,Fifth Frame Brewing Co.,6.0,Sour - Fruited,473ml,473,17.97,Sour
Garnatxa De L'Oriol,13.48,Spain,3.95,Cyclic Beer Farm,6.5,Grape Ale - Other,Bottle 750ml,750,17.97,Grape Ale
Prunes,13.48,Spain,3.97,Cyclic Beer Farm,5.5,Farmhouse Ale - Saison,Bottle 750ml,750,17.97,Farmhouse Ale
Batisserie Grasshopper Pie,8.5,United States,4.12,Energy City Brewing,10.0,Stout - Imperial / Double Pastry,473ml,473,17.97,Stout
Batisserie Chocolate & Coconut Macaroon,8.5,United States,4.2,Energy City Brewing,10.0,Stout - Imperial / Double Pastry,473ml,473,17.97,Stout
Imagination Atrophy Ghost 1193,8.5,United States,3.89,Adroit Theory,7.9,Stout - Milk / Sweet,473ml,473,17.97,Stout
Ossuary Ghost 1174,8.5,United States,4.13,Adroit Theory,12.0,Stout - Russian Imperial,473ml,473,17.97,Stout
Mama Nat (Lager – Polotmave),8.5,United States,3.76,Living Häus Beer Company,5.8,Lager - Polotmavé (Czech Amber),473ml,473,17.97,Lager
Skin Contact,13.48,Spain,4.0,Cyclic Beer Farm,6.9,Grape Ale - Other,Bottle 750ml,750,17.97,Grape Ale
Hop Hooligans/Cohones Fjalar Baltic Porter,8.99,Romania,4.0,Hop Hooligans,10.0,Porter - Imperial / Double Baltic,500ml,500,17.98,Porter
Briefcase Boogie DDH Westcoast DIPA,8.99,Romania,3.87,Hop Hooligans,8.0,IPA - American,500ml,500,17.98,IPA
Gelato XTREME Blueberry Raspberry Banana S'mores Milkshake Schmoojee,8.99,Poland,4.12,Funky Fluid,8.0,Sour - Smoothie / Pastry,500ml,500,17.98,Sour
Gelato XTREME: Blueberry Raspberry Banana S'mores Milkshake Schmoojee,8.99,Poland,4.12,Funky Fluid,8.0,Sour - Smoothie / Pastry,500ml,500,17.98,Sour
Hop Hooligans/Gamma Chicxulub Impactor DDH Triple IPA,8.99,Romania,3.92,Hop Hooligans,10.0,IPA - Triple New England / Hazy,500ml,500,17.98,IPA
Gelato XTREME Jungle Juice SLUSHY XXL,8.99,Poland,4.03,Funky Fluid,8.0,Sour - Smoothie / Pastry,500ml,500,17.98,Sour
Barrel Aged Old Rasputin XXVI,8.99,United States,4.21,North Coast Brewing Company,11.2,Stout - Russian Imperial,500ml,500,17.98,Stout
Gnommegang / d'Achouffe,8.99,Belgium,3.82,Brasserie d'Achouffe/ Brewery Ommegang,9.5,Belgian Strong Golden Ale,Can 500ml,500,17.98,Belgian Strong Golden Ale
Super Kriek (Vintage),8.99,United States,3.98,Brewery Ommegang,7.0,Wild Ale - American,Can 500ml,500,17.98,Wild Ale
The Dark Woods 2016,11.69,United States,3.82,Cigar City Brewing,7.3,Brown Ale - Imperial / Double,Bottle 650ml,650,17.98,Brown Ale
Dream Patch / Liefmans,8.99,United States,3.58,Brewery Ommegang,6.5,Sour - Fruited,Can 500ml,500,17.98,Sour
A Neck-Tarine,8.99,Croatia,4.27,Pulfer Brewery,5.5,Sour - Smoothie / Pastry,500ml,500,17.98,Sour
What's A Vampire Bat's Favorite Type Of Fruit?,8.99,Croatia,4.28,Pulfer Brewery,5.5,Sour - Smoothie / Pastry,500ml,500,17.98,Sour
Deep Work,7.91,Sweden,3.93,Omnipollo,7.2,IPA - Other,Can 440ml,440,17.98,IPA
Infinity Armagnac BA,8.99,Poland,4.04,Browar Rockmill,12.0,Porter - Imperial / Double,500ml,500,17.98,Porter
Infinity Rum BA,8.99,Poland,4.14,Browar Rockmill,12.0,Porter - Imperial / Double,500ml,500,17.98,Porter
Gelato Xtreme: Jungle Juice Slushy XXL,8.99,Poland,4.03,Funky Fluid,8.0,Sour - Smoothie / Pastry,500ml,500,17.98,Sour
Jaune,13.49,United States,3.69,Westbrook Brewing Co.,8.2,Belgian Tripel,Bottle 750ml,750,17.99,Belgian Tripel
Barrel-Aged Time & Place,13.5,Canada,3.78,Revel Cider Company,6.5,Cider - Dry,Bottle 750ml,750,18.0,Cider
Grisette de Dunham,13.5,Canada,3.86,Brasserie Dunham,5.2,Farmhouse Ale - Grisette,Bottle 750ml,750,18.0,Farmhouse Ale
Peas In A Pod,13.5,Canada,4.03,Revel Cider Company,7.5,Cider - Other Fruit,Bottle 750ml,750,18.0,Cider
Reinette Du Canada,13.5,Canada,,Revel Cider Company,5.8,Cider - Traditional / Apfelwein,Bottle 750ml,750,18.0,Cider
Red Fruit Sour Ale 2021,6.75,Portugal,3.84,LETRA Brewery,6.3,Sour - Other,Bottle 375ml,375,18.0,Sour
Déviation 2022 - 2,13.5,France,3.86,Hoppy Road,5.3,Grape Ale - Other,Bottle 750ml,750,18.0,Grape Ale
Orange Blossom Sour Ale 2021,6.75,Portugal,3.78,LETRA Brewery,5.7,Sour - Other,Bottle 375ml,375,18.0,Sour
Golden Blend 21|22 (assemblage Nr. 55),13.5,Belgium,4.28,Brouwerij 3 Fonteinen,7.6,Lambic - Gueuze,Bottle 750ml,750,18.0,Lambic
Stop ou Amphore,13.5,France,4.16,Nano Brasserie SPO,5.9,Farmhouse Ale - Other,Bottle 750ml,750,18.0,Farmhouse Ale
Rhubarb and Raspberry Spontan Blend,13.5,Denmark,3.88,Norbæk Gårdbryggeri,6.5,Wild Ale - Other,Bottle 750ml,750,18.0,Wild Ale
Rivington / Celestial - Trick My Wisdom,9.0,England,3.58,Rivington Brewing Co,6.5,Sour - Fruited,Can 500ml,500,18.0,Sour
Fruit Project Guava,9.0,United States,4.25,Tree House Brewing Company,8.4,IPA - Imperial / Double,500ml,500,18.0,IPA
All Day,13.5,Canada,3.98,Revel Cider Company,6.7,Cider - Other Fruit,Bottle 750ml,750,18.0,Cider
Étage Alpin,13.5,France,3.73,Brasserie de la Goutte d'Or,4.9,Farmhouse Ale - Other,Bottle 750ml,750,18.0,Farmhouse Ale
Double Pumpkin Forbidden,9.0,United States,4.18,Abomination Brewing Company,9.3,IPA - Imperial / Double Milkshake,Can 500ml,500,18.0,IPA
Breccia,13.5,Canada,3.4,Revel Cider Company,5.2,Cider - Perry / Poiré,Bottle 750ml,750,18.0,Cider
GARDÉES,13.5,France,4.05,Brasserie La Malpolon,8.4,Farmhouse Ale - Bière de Garde,Bottle 750ml,750,18.0,Farmhouse Ale
Bumper,13.5,Canada,3.61,Revel Cider Company,6.9,Cider - Other Fruit,Bottle 750ml,750,18.0,Cider
Black Is Beautiful,6.75,United States,3.92,Weathered Souls Brewing Co.,8.82,Stout - Imperial / Double,Bottle 375ml,375,18.0,Stout
Geuze,6.75,Belgium,4.02,Brasserie Cantillon,5.0,Lambic - Gueuze,Bottle 375ml,375,18.0,Lambic
Quem Bebe Por Gosto (5º Aniversário),6.75,Portugal,3.88,Fermentage,9.0,IPA - Imperial / Double Black,Bottle 375ml,375,18.0,IPA
Sour Yuzu Coconut,9.0,Czech Republic,3.64,Rodinný Pivovar Zichovec,5.1,Sour - Other,Can 500ml,500,18.0,Sour
Schooner Or Later,5.94,Poland,3.96,Browar Stu Mostów,9.5,Porter - Imperial / Double Baltic,330ml,330,18.0,Porter
Scoria,13.5,Canada,,Revel Cider Company,6.4,Cider - Other Fruit,Bottle 750ml,750,18.0,Cider
Emergency Meeting,9.0,Romania,3.9,Hop Hooligans,6.0,IPA - New England / Hazy,500ml,500,18.0,IPA
Organic & Wild Black-Belle (2021),13.5,Belgium,3.98,Lambiek Fabriek,6.5,Lambic - Fruit,Bottle 750ml,750,18.0,Lambic
Straffe Hendrik Xmas Blend 2023,13.5,Belgium,3.87,Brouwerij De Halve Maan,11.0,Winter Ale,Bottle 750ml,750,18.0,Winter Ale
Delirium Christmas (750ml),13.5,Belgium,3.76,Delirium - Huyghe Brewery,10.0,Winter Ale,Bottle 750ml,750,18.0,Winter Ale
Bière vivante Nondegu 2023,13.5,France,3.28,La Brasserie des Voirons / LUG,6.5,Farmhouse Ale - Saison,Bottle 750ml,750,18.0,Farmhouse Ale
Wake Up Dead Imperial Stout,6.39,United States,3.91,Left Hand Brewing Company,10.2,Stout - Russian Imperial,355ml,355,18.0,Stout
Bière Vivante de Têtu 2021,13.5,France,4.06,La Brasserie des Voirons / LUG,6.5,Wild Ale - Other,Bottle 750ml,750,18.0,Wild Ale
Beyond Void,5.95,Estonia,4.0,Pühaste Brewery,12.0,Porter - Imperial / Double,330ml,330,18.03,Porter
Westvleteren 8,5.95,Belgium,4.18,Brouwerij De Sint-Sixtusabdij van Westvleteren,8.0,Belgian Dubbel,330ml,330,18.03,Belgian Dubbel
Dutch Bargain C Is All I C Bourbon Barrel Aged,5.95,Netherlands,3.19,Dutch Bargain,11.0,Sour - Other,330ml,330,18.03,Sour
"Kharon – Fruited Sour with Verbena , Red Currant and Blackberry – Collab Hoppy Road",5.95,France,3.88,Hoppy Road,6.4,Sour - Fruited,330ml,330,18.03,Sour
Cuvée Delphine Four Roses Bourbon Barrel Aged,5.95,Belgium,4.21,De Struise Brouwers,13.0,Stout - Russian Imperial,330ml,330,18.03,Stout
Nuit Noire BA Whisky Bourbon Blend,5.95,Netherlands,3.64,100 Watt Brewery,10.0,Winter Warmer,330ml,330,18.03,Winter Warmer
Mooi De Klos BA - Piana Vyshnia,5.95,Netherlands,3.88,Stadsbrouwerij 013,10.0,Stout - Russian Imperial,330ml,330,18.03,Stout
Cuvee Delphine 2020,5.95,Belgium,4.13,De Struise Brouwers,13.0,Stout - Russian Imperial,330ml,330,18.03,Stout
Monte Cristo Barleywine,5.95,Belgium,3.98,Brouwerij Bosteels,11.5,Belgian Strong Dark Ale,330ml,330,18.03,Belgian Strong Dark Ale
Spaceman West Coast Fles,5.95,Italy,3.75,BrewFist,7.0,IPA - American,330ml,330,18.03,IPA
White Label Series 2020 Bordeaux Margaux Barrel Aged Red Hot Tripel,5.95,Netherlands,3.88,Brouwerij Emelisse,8.0,Dark Ale,330ml,330,18.03,Dark Ale
My Bloody Valentine,5.95,Netherlands,3.55,100 Watt Brewery/ Berghoeve Brouwerij,8.5,Sour - Traditional Gose,330ml,330,18.03,Sour
Smokescreen,5.95,Scotland,4.04,Tempest Brewing Co.,11.4,Stout - Imperial / Double,330ml,330,18.03,Stout
Nuit Noire – Buffalo Trace BA,5.95,Netherlands,3.84,100 Watt Brewery,10.0,Winter Ale,330ml,330,18.03,Winter Ale
Brett Series – Petite Brett 2024,5.95,France,3.93,Effet Papillon,4.5,Brett Beer,330ml,330,18.03,Brett Beer
Nosferatu,5.95,Netherlands,3.82,Van Moll,11.5,Bock - Doppelbock,330ml,330,18.03,Bock
Shake your Booty – Imperial Milk Stout ( Collab La Calavera – Cierzo ),5.95,Spain,3.89,Cierzo Brewing Co.,11.0,Stout - Imperial / Double Milk,330ml,330,18.03,Stout
Öö Cassis – Imperial Porter,5.95,Estonia,3.84,Põhjala,10.5,Porter - Imperial / Double Baltic,330ml,330,18.03,Porter
Sailing '24 Rum Infused Tripel,5.95,Netherlands,,Berging Brouwerij,10.4,Belgian Tripel,330ml,330,18.03,Belgian Tripel
Quadrupel,5.95,Poland,3.5,Trzech Kumpli,12.5,Belgian Quadrupel,330ml,330,18.03,Belgian Quadrupel
Barrel Project 20.04 – Barrel Aged Porter – MHD 12.08.2024,5.95,Netherlands,3.88,Brouwerij Kees,11.0,Porter - Imperial / Double,330ml,330,18.03,Porter
Tallinn' Sweet Little Lies Amarone BA,5.95,Netherlands,3.84,100 Watt Brewery,8.5,Porter - Baltic,330ml,330,18.03,Porter
Orval 2021,5.95,Belgium,3.94,Brasserie d'Orval,6.0,Pale Ale - Belgian,330ml,330,18.03,Pale Ale
Dekadents – Imperial Stout,5.95,Estonia,4.08,Pühaste Brewery,11.2,Stout - Imperial / Double,330ml,330,18.03,Stout
Sailing '24 Rum Infused Barley Wine,5.95,Netherlands,,Berging Brouwerij,12.5,Barleywine - English,330ml,330,18.03,Barleywine
Sailing '24 Rum Infused Imperial Dry Stout,5.95,Netherlands,,Berging Brouwerij,10.3,Stout - Irish Dry,330ml,330,18.03,Stout
Barrel Project 2023 Peated,5.95,Netherlands,3.91,Brouwerij Kees,10.0,Stout - Imperial / Double,330ml,330,18.03,Stout
Shadow Assassin Dru BA,5.95,Netherlands,3.84,Van Moll,11.0,Barleywine - Other,330ml,330,18.03,Barleywine
Sailing '24 Rum Infused Quadrupel,5.95,Netherlands,,Berging Brouwerij,10.6,Belgian Quadrupel,330ml,330,18.03,Belgian Quadrupel
Riwaka Kills (2024),8.49,Canada,3.87,Third Moon Brewing Company,5.2,Pilsner - New Zealand,Can 470ml,470,18.06,Pilsner
Piece of Cake (2020),5.96,Romania,4.02,Wicked Barrel,11.3,Porter - Imperial / Double,330ml,330,18.06,Porter
Will It Float #8,7.95,Netherlands,4.18,White Dog Brewery,6.0,Sour - Smoothie / Pastry,Can 440ml,440,18.07,Sour
Frau Gruber Twisted Transistor,7.95,Germany,4.09,FrauGruber Brewing,10.2,IPA - Triple New England / Hazy,Can 440ml,440,18.07,IPA
Beer to end all Beers – QDH Quipa,7.95,Germany,4.58,FUERST WIACEK,12.0,IPA - Quadruple,Can 440ml,440,18.07,IPA
HEX (canned: 14-10-24),7.95,Spain,4.27,SOMA Beer,10.0,IPA - Triple New England / Hazy,Can 440ml,440,18.07,IPA
Helicopter Chainsaw (BBF:14-10-25),7.95,England,4.12,Azvex Brewing Company,8.3,IPA - Imperial / Double,Can 440ml,440,18.07,IPA
Moersleutel CYCT: Nozzles,7.95,Netherlands,3.97,Moersleutel Craft Brewery,9.0,IPA - Triple New England / Hazy,Can 440ml,440,18.07,IPA
DDVDK Maurice,13.55,Belgium,3.45,Brouwerij De Dochter van de Korenaar,7.0,Lambic - Traditional,Bottle 750ml,750,18.07,Lambic
WhiteDog WILL IT FLOAT #9,7.95,Netherlands,4.18,White Dog Brewery,6.0,Sour - Smoothie / Pastry,Can 440ml,440,18.07,Sour
La Facture d'Electricité,7.95,Belgium,3.91,Misery Beer Co.,10.5,IPA - Quadruple,Can 440ml,440,18.07,IPA
Wedding Crash,7.95,Romania,3.8,Bereta Brewing Co.,3.4,Sour - Smoothie / Pastry,Can 440ml,440,18.07,Sour
Holiday Crisp,7.95,United States,4.08,Branch and Blade Brewing,6.5,Sour - Smoothie / Pastry,Can 440ml,440,18.07,Sour
Blech.Brut / Brewski Weird Whimsy,7.95,Germany,4.08,Blech.Brut,9.5,IPA - Triple New England / Hazy,Can 440ml,440,18.07,IPA
Futurism,7.95,United States,4.26,Branch and Blade Brewing,4.5,Lager - Tmavé (Czech Dark),Can 440ml,440,18.07,Lager
Blueberry Blaster  – Fruited Sour,7.95,Sweden,3.77,Fermenterarna,8.0,Sour - Fruited,Can 440ml,440,18.07,Sour
Fruits Of The Street,7.95,Sweden,3.9,Fermenterarna,8.0,Sour - Fruited,Can 440ml,440,18.07,Sour
Elmeleven I Want To Leave,7.95,Sweden,4.17,Elmeleven,4.7,Sour - Smoothie / Pastry,Can 440ml,440,18.07,Sour
Gone Camping,8.55,United States,4.23,Little Willow Brewing Company,8.0,IPA - Imperial / Double New England / Hazy,473ml,473,18.08,IPA
Sureau Rullquin - keykeg,361.6,Belgium,3.94,Gueuzerie Tilquin,7.3,Sour - Other,20000ml,20000,18.08,Sour
Plaseer 01 2022,13.56,Germany,3.86,Kemker Kultuur (Brauerei J. Kemker),6.0,Mead - Cyser,Bottle 750ml,750,18.08,Mead
Mosaic DDH Juicy Bits,8.55,United States,4.27,WeldWerks Brewing Co.,6.7,IPA - New England / Hazy,473ml,473,18.08,IPA
Cat Nap Enhanced,8.55,United States,4.02,The Veil Brewing Co.,6.0,IPA - New England / Hazy,473ml,473,18.08,IPA
Lervig Hype Dream Raspberry & Blackberry,5.97,Norway,3.8,LERVIG,6.5,Sour - Smoothie / Pastry,330ml,330,18.09,Sour
Oude Geuze Devillé,6.7,Belgium,4.02,Den Herberg,6.0,Lambic - Gueuze,Bottle 370ml,370,18.11,Lambic
Quetsche - Surette,6.8,France,,La Franche,4.6,Sour - Fruited Berliner Weisse,Bottle 375ml,375,18.13,Sour
Oude Geuze (season 21|22) Blend No. 64,13.6,Belgium,4.28,Brouwerij 3 Fonteinen,7.1,Lambic - Gueuze,Bottle 750ml,750,18.13,Lambic
Oude Gueuze (2023) Batch 2,6.8,Belgium,4.11,Het Boerenerf Eylenbosch,7.0,Lambic - Gueuze,Bottle 375ml,375,18.13,Lambic
Geuze Adelaar Elderflower (2022),13.6,Belgium,3.33,Brouwerij-Stokerij Sako,8.0,Lambic - Gueuze,Bottle 750ml,750,18.13,Lambic
Oude Geuze 2022 Blend 98,6.8,Belgium,4.06,Brouwerij 3 Fonteinen,6.0,Lambic - Gueuze,Bottle 375ml,375,18.13,Lambic
Kriek,6.8,Belgium,3.63,Brouwerij Girardin,5.0,Lambic - Kriek,Bottle 375ml,375,18.13,Lambic
Tilquin Airelle Sauvage A L'Ancienne 37.5cl,13.6,Belgium,4.15,Gueuzerie Tilquin,6.5,Lambic - Fruit,Bottle 750ml,750,18.13,Lambic
"Istà Rose  -  37,5cl",6.8,Italy,3.93,Siemàn,5.1,Farmhouse Ale - Other,Bottle 375ml,375,18.13,Farmhouse Ale
Muscar-Elle (batch 1 - 2020),13.6,Belgium,4.05,Lambiek Fabriek,6.8,Lambic - Fruit,Bottle 750ml,750,18.13,Lambic
Lode Of Gold,7.98,Germany,4.05,Sudden Death Brewing Co.,7.7,IPA - Imperial / Double New England / Hazy,Can 440ml,440,18.14,IPA
Henry Westons Medium Dry Vintage Cider 2021,5.99,England,3.71,Westons Cider,6.5,Cider - Dry,330ml,330,18.15,Cider
Salamandre,5.99,Belgium,3.83,La Source Beer Co.,6.0,Sour - Fruited,Can 330ml,330,18.15,Sour
Meggyes Pite Sour Cherry Imperial Pastry Sour,5.99,Hungary,3.73,Mad Scientist,10.0,Sour - Smoothie / Pastry,330ml,330,18.15,Sour
Jai Alai Double IPA,5.99,United States,3.86,Cigar City Brewing,10.0,IPA - Imperial / Double,330ml,330,18.15,IPA
"How do you do, fellow Kids NEIPA",5.99,Slovenia,3.6,Lobik,7.0,IPA - New England / Hazy,330ml,330,18.15,IPA
Plain Of The Po,5.99,Italy,3.86,CRAK Brewery,5.2,IPA - New England / Hazy,330ml,330,18.15,IPA
400 Volt Caol Ila,5.99,Netherlands,3.77,100 Watt Brewery,10.0,Stout - Russian Imperial,330ml,330,18.15,Stout
Old Crow,5.99,Wales,3.59,Gwynt y Ddraig,7.0,Cider - Traditional / Apfelwein,330ml,330,18.15,Cider
Kia Ora New Zealand IPA,5.99,Netherlands,3.63,Brouwerij Frontaal,5.5,IPA - New Zealand,330ml,330,18.15,IPA
Terra Nova,5.99,Sweden,4.13,Stigbergets Bryggeri,10.9,IPA - Triple New England / Hazy,330ml,330,18.15,IPA
Noordt X Cley Ginfused Imperial Wheat Ale,5.99,Netherlands,3.55,Brouwerij Noordt,8.5,Wheat Beer - Other,330ml,330,18.15,Wheat Beer
Black Dragon,5.99,Wales,3.54,Gwynt y Ddraig,7.2,Cider - Traditional / Apfelwein,330ml,330,18.15,Cider
Arpus Brewing Co. Tdh Nelson X Mosaic Ipa,5.99,Latvia,4.01,Ārpus Brewing Co.,6.5,IPA - New England / Hazy,330ml,330,18.15,IPA
Tropical Space Muffin 2024,5.99,Hungary,3.53,Mad Scientist,9.0,Sour - Smoothie / Pastry,330ml,330,18.15,Sour
Siluro Imperial Baltic Porter,5.99,Spain,3.88,Cierzo Brewing Co.,10.0,Porter - Imperial / Double Baltic,330ml,330,18.15,Porter
Hypercolour Double IPA,5.99,Netherlands,3.74,Jopen,8.5,IPA - Imperial / Double,330ml,330,18.15,IPA
Bierglas - (voetglas),5.99,Belgium,3.68,Brasserie Dupont,6.5,Farmhouse Ale - Saison,330ml,330,18.15,Farmhouse Ale
SKIBIDI IPA,5.99,Slovenia,3.5,Lobik,7.0,IPA - American,330ml,330,18.15,IPA
Christmas Morning Breakfast Waffle Stout,5.99,Norway,3.37,Amundsen Brewery,4.7,Stout - Pastry,330ml,330,18.15,Stout
Super Santa Choco Shake Stout,5.99,Norway,3.44,Amundsen Brewery,4.7,Stout - Pastry,330ml,330,18.15,Stout
The Kernel Petit Saison,5.99,England,4.09,The Kernel Brewery,5.2,Farmhouse Ale - Saison,330ml,330,18.15,Farmhouse Ale
Double Juice Punch New England DIPA,5.99,Netherlands,3.85,Brouwerij Frontaal,8.5,IPA - Imperial / Double New England / Hazy,330ml,330,18.15,IPA
Frontaal/Zout & Citroen Don't Stop Me Now Wheatwine,5.99,Netherlands,3.63,Brouwerij Frontaal,11.0,Stout - Imperial / Double,330ml,330,18.15,Stout
Caramelized Chocolate Churro Baltic Porter,5.99,United States,3.76,Moody Tongue Brewing Company,7.0,Porter - Baltic,330ml,330,18.15,Porter
"Coffee Connaisseur, Moi? Winter '23/'24 Nitro Coffee Stout",5.99,Netherlands,3.93,Dutch Bargain,13.0,Stout - Imperial / Double Coffee,330ml,330,18.15,Stout
Trappist Westvleteren 12,5.99,Belgium,4.48,Brouwerij De Sint-Sixtusabdij van Westvleteren,10.2,Belgian Quadrupel,330ml,330,18.15,Belgian Quadrupel
No Fuzz Nelson,7.99,Denmark,3.83,Bad Seed Brewing,7.0,IPA - American,Can 440ml,440,18.16,IPA
"Frontaal/Salikatt It's Not Us, It's You New England Double IPA",7.99,Netherlands,3.67,Brouwerij Frontaal,8.0,IPA - Imperial / Double New England / Hazy,Can 440ml,440,18.16,IPA
For The Love Of Hops Azure New England DIPA,7.99,Netherlands,3.83,Brouwerij Frontaal,8.0,IPA - Imperial / Double New England / Hazy,Can 440ml,440,18.16,IPA
Pie Town USA Imperial Fruited Sour,7.99,Germany,3.93,Sudden Death Brewing Co.,8.0,Sour - Smoothie / Pastry,Can 440ml,440,18.16,Sour
Miles From Home / Good Word & Public House,7.99,United States,3.79,Creature Comforts Brewing Company,5.1,IPA - English,Can 440ml,440,18.16,IPA
Squeeze Those Juicy Melons,7.99,Sweden,3.69,Fermenterarna,5.6,Sour - Fruited,Can 440ml,440,18.16,Sour
Moersleutel Earth,7.99,Netherlands,3.71,Moersleutel Craft Brewery,8.0,Stout - Other,Can 440ml,440,18.16,Stout
Space Guide for Humans  (pulp),7.99,Sweden,4.16,Elmeleven,5.0,Sour - Smoothie / Pastry,Can 440ml,440,18.16,Sour
Chariot of Helios,7.99,England,4.03,Azvex Brewing Company,8.0,IPA - Imperial / Double New England / Hazy,Can 440ml,440,18.16,IPA
La Isla Bonita,7.99,Spain,4.08,Basqueland Brewing,10.0,IPA - New England / Hazy,Can 440ml,440,18.16,IPA
Mad Scientist House Of The Dragon Green Council Hazy New England Pale Ale,7.99,Canada,3.56,One Great City Brewing Co,6.5,IPA - English,Can 440ml,440,18.16,IPA
Knockout,7.99,Spain,3.87,Basqueland Brewing,6.3,IPA - New England / Hazy,Can 440ml,440,18.16,IPA
Sudden Death x Rivington x Polly's The Family Pizza QDH Quadruple IPA,7.99,Germany,4.06,Sudden Death Brewing Co.,13.0,IPA - Quadruple,Can 440ml,440,18.16,IPA
Brewing Freak Wave IPA,7.99,Denmark,3.84,Gamma Brewing Company,6.5,IPA - New England / Hazy,Can 440ml,440,18.16,IPA
Winter Wizard Imperial Winter Stout,7.99,Denmark,3.78,Amager Bryghus,12.0,Stout - Imperial / Double Pastry,Can 440ml,440,18.16,Stout
Peach Boy,7.99,Sweden,3.81,Fermenterarna,5.6,Sour - Fruited,Can 440ml,440,18.16,Sour
For All Alienkind  (pulp),7.99,Sweden,4.16,Elmeleven,5.0,Sour - Smoothie / Pastry,Can 440ml,440,18.16,Sour
HEX,7.99,Spain,4.27,SOMA Beer,10.0,IPA - Triple New England / Hazy,Can 440ml,440,18.16,IPA
Double Up on Xmas Imperial Xmas IPA,7.99,Denmark,3.79,Amager Bryghus,9.0,IPA - Imperial / Double New England / Hazy,Can 440ml,440,18.16,IPA
Night Sleigher Double IPA,7.99,Norway,3.83,Amundsen Brewery,7.5,IPA - Imperial / Double New England / Hazy,Can 440ml,440,18.16,IPA
Development Hell 5 (canned: 31-7-24),7.99,England,4.07,Azvex Brewing Company,8.0,IPA - Imperial / Double New England / Hazy,Can 440ml,440,18.16,IPA
Sudden Death A Grand Toast,7.99,Germany,4.09,Sudden Death Brewing Co.,9.3,IPA - Imperial / Double New England / Hazy,Can 440ml,440,18.16,IPA
Raspberry Dark Chocolate Coconut Cluster,7.99,Scotland,3.85,Vault City Brewing,6.0,Sour - Smoothie / Pastry,Can 440ml,440,18.16,Sour
Will It Float #9,7.99,Netherlands,4.18,White Dog Brewery,6.0,Sour - Smoothie / Pastry,Can 440ml,440,18.16,Sour
Hex,7.99,Spain,4.27,SOMA Beer,10.0,IPA - Triple New England / Hazy,Can 440ml,440,18.16,IPA
DIPA V16,7.99,England,4.01,Cloudwater Brew Co.,8.0,IPA - Imperial / Double New England / Hazy,Can 440ml,440,18.16,IPA
Cereal Spooner Red Berry,7.99,Scotland,4.02,Vault City Brewing,6.3,Sour - Smoothie / Pastry,Can 440ml,440,18.16,Sour
Do We Live In A Society of Spectacle? – Citra,7.99,Sweden,4.17,Omnipollo,8.0,IPA - Imperial / Double New England / Hazy,Can 440ml,440,18.16,IPA
Tragedy At the Sock Puppet Theatre / Paperback Brewing,7.99,United States,3.74,Mason Ale Works,7.0,IPA - American,Can 440ml,440,18.16,IPA
Checkerboard Classic,7.99,United States,3.92,Mason Ale Works,8.0,IPA - Imperial / Double New England / Hazy,Can 440ml,440,18.16,IPA
BAZOOKO CIRCUS,7.99,Spain,4.15,Garage Beer Co.,10.0,IPA - Triple New England / Hazy,Can 440ml,440,18.16,IPA
Zombie Beast / Seven Island,7.99,Greece,3.96,Seven Island Brewery,8.0,IPA - Imperial / Double New England / Hazy,Can 440ml,440,18.16,IPA
Baxbier/Zuyd Craft Eye Of The Brainstorm Fruited IPA,7.99,Netherlands,3.82,Baxbier,8.0,IPA - Imperial / Double Milkshake,Can 440ml,440,18.16,IPA
Comme Un Nouveau Soleil,7.99,France,4.17,Fauve,8.2,IPA - Imperial / Double New England / Hazy,Can 440ml,440,18.16,IPA
Gingermans Candy Cabin,7.99,Greece,3.8,Seven Island Brewery,11.0,Stout - Imperial / Double Pastry,Can 440ml,440,18.16,Stout
Röthen (Kellerbier / Zwickelbier),8.6,Canada,3.9,Nano Cinco,5.4,Kellerbier / Zwickelbier,473ml,473,18.18,Kellerbier / Zwickelbier
Rio De Pastore Tropical Soda Sour,8.0,England,3.88,Pastore Brewing and Blending,6.0,Sour - Fruited,Can 440ml,440,18.18,Sour
Morever,8.6,United States,4.05,More Brewing Company,6.5,IPA - New England / Hazy,473ml,473,18.18,IPA
A Black Swan Keeps Haunting Me,8.0,Finland,3.89,Panimoyhtiö Tuju,11.0,Stout - Imperial / Double,Can 440ml,440,18.18,Stout
Potion #23,6.0,Poland,3.66,Brokreacja,11.9,Stout - Imperial / Double,330ml,330,18.18,Stout
The Kernel Bière de Saison | Damson,6.0,England,3.84,The Kernel Brewery,4.8,Farmhouse Ale - Saison,Bottle 330ml,330,18.18,Farmhouse Ale
Le Seul XIII (Guava),8.6,United States,4.09,Une Année Brewery,6.5,Sour - Fruited,473ml,473,18.18,Sour
Percolate,8.6,United States,4.07,Blaze Brewing Co.,8.0,Stout - Imperial / Double Milk,473ml,473,18.18,Stout
Le Seul X (Passionfruit),8.6,United States,4.13,Une Année Brewery,6.5,Sour - Fruited,473ml,473,18.18,Sour
Lazy Liquorice,6.0,Netherlands,3.7,Brouwerij Emelisse,17.0,Freeze-Distilled Beer,330ml,330,18.18,Freeze-Distilled Beer
HoHoHo Hot Choco,8.0,Greece,3.88,Seven Island Brewery,11.0,Stout - Imperial / Double Pastry,Can 440ml,440,18.18,Stout
Summertime (Blueberry/Yuzu Edition),6.0,Belgium,3.43,Diaz Brewing Company,5.9,Wheat Beer - American Pale Wheat,330ml,330,18.18,Wheat Beer
Imperial Stout Piment...,6.0,France,4.07,Brasserie Iron,13.0,Stout - Imperial / Double,330ml,330,18.18,Stout
Roobarb & Custard,8.0,England,4.08,Yonder Brewing & Blending,7.5,Sour - Fruited,Can 440ml,440,18.18,Sour
Turquesa  - THT/BBE 09/24,6.0,Spain,3.81,Garage Beer Co.,8.5,IPA - American,330ml,330,18.18,IPA
Fryed Brain,8.0,Netherlands,3.99,Moersleutel Craft Brewery,11.0,Stout - Imperial / Double,Can 440ml,440,18.18,Stout
DIPA V17,8.0,England,4.19,Cloudwater Brew Co.,8.0,IPA - Imperial / Double New England / Hazy,Can 440ml,440,18.18,IPA
Vliet,8.6,United States,3.64,Threes Brewing,5.2,Pilsner - German,Can 473ml,473,18.18,Pilsner
Cinderella's Rocket (Pumpkin Ale),6.0,Netherlands,3.49,100 Watt Brewery,10.5,Pumpkin / Yam Beer,330ml,330,18.18,Pumpkin / Yam Beer
Cinnamon Smores,8.0,Norway,2.96,Amundsen Brewery,0.5,Non-Alcoholic - Porter / Stout,Can 440ml,440,18.18,Non-Alcoholic
Kransekake Stout,6.0,Norway,4.02,LERVIG,11.0,Stout - Imperial / Double Pastry,330ml,330,18.18,Stout
Fernbeziehung,8.0,Germany,3.88,Blech.Brut,6.8,IPA - New England / Hazy,Can 440ml,440,18.18,IPA
DARK & WILD 2024,8.0,England,3.77,Northern Monk,8.4,Stout - Milk / Sweet,Can 440ml,440,18.18,Stout
Blueberry & Maple Buttermilk Pancake Stack,8.0,England,4.19,Buxton Brewery,9.7,Stout - Pastry,Can 440ml,440,18.18,Stout
Old Style Saison - Raspberries - 8 months,6.0,Belgium,3.67,Drogenbos Beer,6.2,Farmhouse Ale - Saison,330ml,330,18.18,Farmhouse Ale
Spritz It Up,6.0,Bulgaria,3.79,Alchemik,7.5,Sour - Other,Can 330ml,330,18.18,Sour
Lichtervelds Blond,6.0,Belgium,3.55,Brouwerij De Dolle Brouwers,8.0,Belgian Strong Golden Ale,Bottle 330ml,330,18.18,Belgian Strong Golden Ale
Special Extra Export Stout,6.0,Belgium,3.58,Brouwerij De Dolle Brouwers,8.0,Stout - Foreign / Export,Bottle 330ml,330,18.18,Stout
Batida Carioca,6.0,Bulgaria,4.19,Alchemik,6.0,Sour - Fruited,Can 330ml,330,18.18,Sour
Cinco Export (Pilsner Other),8.6,Canada,3.82,Nano Cinco,4.6,Pilsner - Other,473ml,473,18.18,Pilsner
Criminally Fruity,6.0,Bulgaria,3.88,Alchemik,7.0,Sour - Smoothie / Pastry,Can 330ml,330,18.18,Sour
Dreaming Of... DDH Motueka,8.0,England,4.11,Track Brewing Company,7.0,IPA - New England / Hazy,Can 440ml,440,18.18,IPA
Siren Soundwave Tumbler,6.0,England,3.72,Siren Craft Brew,5.6,IPA - American,330ml,330,18.18,IPA
Zoltan Linkwood Barrel Aged,6.0,Netherlands,4.03,Van Moll,11.0,Stout - Imperial / Double,330ml,330,18.18,Stout
Noot Aan De Man BA Maple Syrup,6.0,Netherlands,3.76,100 Watt Brewery,10.5,Brown Ale - Imperial / Double,330ml,330,18.18,Brown Ale
Frozen Memories IPA,8.0,England,3.91,Left Handed Giant Brewing,6.5,IPA - New England / Hazy,Can 440ml,440,18.18,IPA
Abbaye de Rochefort 8,6.0,Belgium,3.85,Abbaye Notre-Dame de Saint-Rémy,9.2,Belgian Strong Dark Ale,330ml,330,18.18,Belgian Strong Dark Ale
Moersleutel X Prizm Almond Ganache Bulldozer,8.0,Netherlands,4.03,Moersleutel Craft Brewery,11.0,Stout - Imperial / Double Pastry,Can 440ml,440,18.18,Stout
Ārpus X Third Moon Brewing Tonka X Coffee X Vanilla Imperial Stout,8.0,Latvia,4.14,Ārpus Brewing Co.,12.0,Stout - Imperial / Double,Can 440ml,440,18.18,Stout
Surf & Turf IPA x Outer Range,8.0,Spain,3.86,Basqueland Brewing,7.0,IPA - American,Can 440ml,440,18.18,IPA
Enter the Night,8.0,Netherlands,3.99,Folkingebrew,11.0,Stout - Imperial / Double,Can 440ml,440,18.18,Stout
Cellar of Shadows Imperial Stout,8.0,Netherlands,4.02,Folkingebrew,12.0,Stout - Imperial / Double,Can 440ml,440,18.18,Stout
Teku Taster,6.0,Slovenia,3.56,Glass Hops 'N More,7.0,IPA - American,330ml,330,18.18,IPA
The Ascension X Beak X Verdant,8.0,England,4.17,Northern Monk,8.0,IPA - Imperial / Double New England / Hazy,Can 440ml,440,18.18,IPA
Bien-Sûr Cranberries,6.0,Belgium,3.52,Brouwerij De Dochter van de Korenaar,7.0,Sour - Fruited,330ml,330,18.18,Sour
Donut Series 2.0 Raspberry Jam Donut With Neapolitan Sprinkles Pastry Sour,8.0,Norway,3.7,Amundsen Brewery,6.0,Sour - Smoothie / Pastry,Can 440ml,440,18.18,Sour
Boerenerf Oude Cider (Oogst 2022),13.65,Belgium,3.88,Het Boerenerf Eylenbosch,6.0,Cider - Dry,Bottle 750ml,750,18.2,Cider
Oude Geuze - 20/21 - Nr.60,13.65,Belgium,4.2,Brouwerij 3 Fonteinen,6.1,Lambic - Gueuze,Bottle 750ml,750,18.2,Lambic
Boerenerf Gueuze 2023-1,13.65,Belgium,4.08,Het Boerenerf Eylenbosch,7.0,Lambic - Gueuze,Bottle 750ml,750,18.2,Lambic
Zwarte Bes,13.65,Belgium,3.81,Brouwerij Kestemont,5.5,Lambic - Fruit,Bottle 750ml,750,18.2,Lambic
Harvest Hour,6.74,Spain,3.94,Cervesa Espiga,6.5,Farmhouse Ale - Other,Bottle 370ml,370,18.22,Farmhouse Ale
Per-ziek-lekker Pineau des Charentes BA - keg,182.5,Belgium,3.39,Dok Brewing Company,16.5,Mead - Braggot,10000ml,10000,18.25,Mead
Per-ziek-lekker Sauternes BA - keg,182.5,Belgium,3.62,Dok Brewing Company,16.5,Mead - Braggot,10000ml,10000,18.25,Mead
La Source / L'Ermitage Jardin de Délices,13.69,Belgium,4.01,La Source Beer Co.,5.8,Sour - Fruited,Bottle 750ml,750,18.25,Sour
Kringlor 2024,6.85,Netherlands,4.05,Brouwerij Halve Tamme,13.8,Stout - Imperial / Double Coffee,Bottle 375ml,375,18.27,Stout
Gardées,13.7,France,4.05,Brasserie La Malpolon,8.4,Farmhouse Ale - Bière de Garde,Bottle 750ml,750,18.27,Farmhouse Ale
Chante-Loup 2022,13.7,France,3.76,Brasserie La Malpolon,7.1,Farmhouse Ale - Other,Bottle 750ml,750,18.27,Farmhouse Ale
Bière vivante de coing à la noix 2023,13.7,France,2.68,La Brasserie des Voirons / LUG,6.0,Sour - Fruited,Bottle 750ml,750,18.27,Sour
Baby Jesus BA Cognac,6.03,Belgium,3.95,Brouwerij 't Verzet,10.0,Porter - Imperial / Double Coffee,330ml,330,18.27,Porter
Bière vivante de la Roche de Mûrs 2023,13.7,France,4.19,La Brasserie des Voirons / LUG,6.5,Grape Ale - Other,Bottle 750ml,750,18.27,Grape Ale
Mocha Stout,6.49,United States,3.79,Abnormal Beer Co.,5.1,Stout - Coffee,355ml,355,18.28,Stout
Salted Caramel Bourbon Barrel Aged Porter,6.49,United States,3.71,Anderson Valley Brewing Company,9.5,Porter - Other,355ml,355,18.28,Porter
Strawberry Rhubarb,6.49,United States,3.73,Great Divide Brewing Company,6.4,Sour - Fruited,355ml,355,18.28,Sour
Hazy IPA,6.49,United States,3.85,Great Divide Brewing Company,6.2,IPA - New England / Hazy,355ml,355,18.28,IPA
Más Agave Grapefruit,6.49,United States,3.73,Founders Brewing Co.,9.7,Sour - Fruited Gose,355ml,355,18.28,Sour
Más Agave Lime,6.49,United States,3.89,Founders Brewing Co.,10.0,Sour - Fruited Gose,Bottle 355ml,355,18.28,Sour
Más Agave Prickly Pear,6.49,United States,3.88,Founders Brewing Co.,9.7,Sour - Fruited Gose,355ml,355,18.28,Sour
Mésange,13.71,Belgium,3.86,La Source Beer Co.,4.6,Farmhouse Ale - Saison,Bottle 750ml,750,18.28,Farmhouse Ale
Margarita Gose,6.49,United States,3.66,Great Divide Brewing Company,5.8,Sour - Fruited Gose,355ml,355,18.28,Sour
Van Aert Gueuze Artisanale Litchi,13.71,Belgium,3.89,Belgoo,7.2,Lambic - Fruit,Bottle 750ml,750,18.28,Lambic
Brother Thelonious,6.49,United States,3.87,North Coast Brewing Company,9.4,Belgian Strong Dark Ale,355ml,355,18.28,Belgian Strong Dark Ale
Crucial Aunt  DIPA,8.65,United States,4.12,The Veil Brewing Co.,8.2,IPA - Imperial / Double,Can 473ml,473,18.29,IPA
Achel Bruin Extra,13.72,Belgium,3.67,Brouwerij der Sint-Benedictusabdij De Achelse Kluis,8.0,Belgian Dubbel,Bottle 750ml,750,18.29,Belgian Dubbel
Mega Beast Freak –  Hazy DIPA,8.65,United States,4.22,The Veil Brewing Co.,8.0,IPA - Imperial / Double,Can 473ml,473,18.29,IPA
Fourth Orbit,6.5,United States,3.84,Perennial Artisan Ales,5.3,Farmhouse Ale - Brett,355ml,355,18.31,Farmhouse Ale
Cranberry Turbo Shandy Citrus Ale,6.5,United States,3.88,Hoppin' Frog Brewery,7.0,Shandy / Radler,355ml,355,18.31,Shandy / Radler
Blond (Groene label),6.05,Belgium,4.01,Brouwerij De Sint-Sixtusabdij van Westvleteren,5.8,Belgian Blonde,330ml,330,18.33,Belgian Blonde
Cuvee Freddy  Dark Sour,6.05,Belgium,3.9,Brouwerij Alvinne,8.0,Sour - Flanders Oud Bruin,330ml,330,18.33,Sour
Grapevine 2023 - Montepulciano,13.75,Belgium,3.88,Brouwerij De Ranke,6.5,Lambic - Fruit,Bottle 750ml,750,18.33,Lambic
Export Batch 01.23 – Farmhouse Export – MHD 15.05.2024,13.75,Germany,3.83,Kemker Kultuur (Brauerei J. Kemker),5.5,Farmhouse Ale - Saison,Bottle 750ml,750,18.33,Farmhouse Ale
Condroz Brut,13.75,Belgium,3.88,Cidrerie du Condroz,7.0,Cider - Traditional / Apfelwein,Bottle 750ml,750,18.33,Cider
Achel Blond Extra,13.75,Belgium,3.67,Brouwerij der Sint-Benedictusabdij De Achelse Kluis,8.0,Belgian Tripel,Bottle 750ml,750,18.33,Belgian Tripel
Berry Good Cider,13.75,Netherlands,3.41,Elegast Cidery,6.5,Cider - Other Fruit,Bottle 750ml,750,18.33,Cider
8 (Blauwe band ),6.05,Belgium,4.18,Brouwerij De Sint-Sixtusabdij van Westvleteren,8.0,Belgian Dubbel,330ml,330,18.33,Belgian Dubbel
Premium Organic Perry,13.75,Netherlands,3.82,Elegast Cidery,6.4,Cider - Perry / Poiré,Bottle 750ml,750,18.33,Cider
PSEUDOSCIENCE,8.69,United States,4.23,BlackStack Brewing,8.4,IPA - Imperial / Double New England / Hazy,473ml,473,18.37,IPA
Eric More Cowbell!,8.69,United States,3.85,SingleCut Beersmiths,6.0,Stout - Milk / Sweet,473ml,473,18.37,Stout
Big V Energy,8.69,United States,3.77,Benchtop Brewing Company,6.7,IPA - New England / Hazy,473ml,473,18.37,IPA
Writers Blanc,8.7,Canada,3.95,Trial & Ale Brewing Company,6.0,Sour - Other,Can 473ml,473,18.39,Sour
Struise Black Damnation 16 -  Ivan The Terrible,6.07,Belgium,4.21,De Struise Brouwers,15.0,Stout - Russian Imperial,330ml,330,18.39,Stout
State Machine DDH With Citra,8.7,United States,4.11,Spyglass Brewing Company,6.6,IPA - New England / Hazy,473ml,473,18.39,IPA
Vol Nuptial,13.8,France,3.83,Brasserie de la Goutte d'Or,6.0,Honey Beer,Bottle 750ml,750,18.4,Honey Beer
ABRICOLAGE,13.8,France,4.17,Brasserie La Malpolon,7.0,Farmhouse Ale - Bière de Coupage,Bottle 750ml,750,18.4,Farmhouse Ale
Limited edition: HORAL Megablend 2022,13.8,Belgium,3.94,Brouwerij Boon,7.0,Lambic - Gueuze,Bottle 750ml,750,18.4,Lambic
Kriek Boon Fruited Lambic 25cl,4.6,Belgium,3.53,Brouwerij Boon,4.0,Lambic - Kriek,Bottle 250ml,250,18.4,Lambic
Juicy & Wild Muscar-Elle (Batch 2 - 2020),13.8,Belgium,3.84,Lambiek Fabriek,8.8,Lambic - Fruit,Bottle 750ml,750,18.4,Lambic
Cuffing Season,13.8,France,3.83,La P'tite Maiz',6.9,Farmhouse Ale - Bière de Coupage,Bottle 750ml,750,18.4,Farmhouse Ale
Temple,6.9,Poland,3.96,PINTA Barrel Brewing,6.0,Wild Ale - Other,Bottle 375ml,375,18.4,Wild Ale
Magaland,13.8,France,3.9,Brasserie La Malpolon,6.7,Sour - Other,Bottle 750ml,750,18.4,Sour
Promenons nous dans les bois,13.8,France,3.99,Hoppy Road,7.0,Farmhouse Ale - Other,Bottle 750ml,750,18.4,Farmhouse Ale
Mithridate 2023,13.8,France,3.91,Brasserie La Malpolon,6.0,Wild Ale - Other,Bottle 750ml,750,18.4,Wild Ale
Oude Gueuze,6.9,Belgium,3.79,Brewery John Martin & Brewery Timmermans,6.7,Lambic - Gueuze,Bottle 375ml,375,18.4,Lambic
Hot Cakes 5,9.2,Croatia,4.27,Pulfer Brewery,5.5,Sour - Smoothie / Pastry,500ml,500,18.4,Sour
Peachy Swallows,13.8,Spain,4.04,Cyclic Beer Farm,6.6,Farmhouse Ale - Other,Bottle 750ml,750,18.4,Farmhouse Ale
Maple Plumber Maple Pecan Coffee Stout,8.1,Netherlands,4.2,Moersleutel Craft Brewery,11.0,Stout - Imperial / Double Pastry,Can 440ml,440,18.41,Stout
Trippin',8.1,Spain,3.94,Attik Brewing,8.0,IPA - Imperial / Double New England / Hazy,Can 440ml,440,18.41,IPA
Will it Float #4,8.1,Netherlands,4.03,White Dog Brewery,6.0,Sour - Smoothie / Pastry,Can 440ml,440,18.41,Sour
4 Elements: Water,8.1,Netherlands,3.97,Moersleutel Craft Brewery,11.0,Barleywine - Other,Can 440ml,440,18.41,Barleywine
Stigbergets x Cervisiam Ojo Rojo,8.1,Sweden,3.86,Stigbergets Bryggeri,7.0,Sour - Fruited,Can 440ml,440,18.41,Sour
Dreaming Of...DDH Citra IPA,8.1,England,4.05,Track Brewing Company,7.0,IPA - New England / Hazy,Can 440ml,440,18.41,IPA
Sul Ponticello,8.1,England,4.06,Cloudwater Brew Co.,8.0,IPA - Imperial / Double New England / Hazy,Can 440ml,440,18.41,IPA
New England Christmas IPA,8.1,Norway,4.09,Salikatt Bryggeri,7.0,IPA - Imperial / Double New England / Hazy,Can 440ml,440,18.41,IPA
SPERANTO / BOLA – TOLETUM,8.1,Spain,3.84,Cervezas Speranto,8.0,IPA - Imperial / Double New England / Hazy,Can 440ml,440,18.41,IPA
Shines Bright,8.1,England,3.91,Track Brewing Company,7.2,IPA - American,Can 440ml,440,18.41,IPA
Pastry Stout – Cinnamon Bun Plasterer,8.1,Netherlands,3.38,Moersleutel,6.0,Bock - Single / Traditional,Can 440ml,440,18.41,Bock
Tripping Haze,8.1,Sweden,3.92,Fermenterarna,6.1,IPA - New England / Hazy,Can 440ml,440,18.41,IPA
In The Ways Of The Old,8.1,Denmark,3.69,To Øl,8.2,IPA - Imperial / Double,Can 440ml,440,18.41,IPA
Pompa DDH IPA,8.1,Spain,3.9,Attik Brewing,6.4,IPA - New England / Hazy,Can 440ml,440,18.41,IPA
Taiga DDH Neipa,8.1,Spain,3.94,Attik Brewing,6.6,IPA - New England / Hazy,Can 440ml,440,18.41,IPA
Blueprint (enigma),8.1,Netherlands,4.13,Folkingebrew,8.5,IPA - Imperial / Double New England / Hazy,Can 440ml,440,18.41,IPA
Blueprint (galaxy),8.1,Netherlands,4.12,Folkingebrew,8.5,IPA - Imperial / Double New England / Hazy,Can 440ml,440,18.41,IPA
Lidmasinas,8.1,Netherlands,4.05,Brouwerij Frontaal,10.0,Stout - Imperial / Double,Can 440ml,440,18.41,Stout
Liuda,8.1,Spain,3.87,Castelló Beer Factory,8.4,IPA - Imperial / Double New England / Hazy,Can 440ml,440,18.41,IPA
Lucky Tonka Winter Edition Walnut Carrot Cake Imperial Stout,8.1,Netherlands,3.99,Moersleutel Craft Brewery,12.0,Stout - Imperial / Double Pastry,Can 440ml,440,18.41,Stout
Helios,8.1,Sweden,3.84,Apex Brewing Company,6.5,IPA - New England / Hazy,Can 440ml,440,18.41,IPA
It Takes Two Chocolate Licorice Stout,8.1,Netherlands,4.07,Moersleutel Craft Brewery,12.0,Stout - Imperial / Double,Can 440ml,440,18.41,Stout
"Lucky Tonka – Tonka, Red Beet & Chocolate Imperial Stout",8.1,Netherlands,3.83,Moersleutel Craft Brewery,12.0,Stout - Imperial / Double Pastry,Can 440ml,440,18.41,Stout
Hell Could Freeze,8.1,Wales,3.93,Polly's Brew Co.,6.2,IPA - New England / Hazy,Can 440ml,440,18.41,IPA
4 Elements: Wind,8.1,Netherlands,,Moersleutel Craft Brewery,12.0,Belgian Quadrupel,Can 440ml,440,18.41,Belgian Quadrupel
Nut Oil Rigger Imperial Nut Stout,8.1,Netherlands,4.02,Moersleutel Craft Brewery,11.0,Stout - Imperial / Double,Can 440ml,440,18.41,Stout
Zig Zag,8.1,Spain,3.99,MALANDAR Craft Beer,8.0,IPA - Imperial / Double New England / Hazy,Can 440ml,440,18.41,IPA
Doom City DIPA,8.1,Ireland,3.86,Whiplash,8.0,IPA - Imperial / Double New England / Hazy,Can 440ml,440,18.41,IPA
Cryo Overture (bbf: 08-26),8.1,Netherlands,4.09,Folkingebrew,10.0,IPA - Triple New England / Hazy,Can 440ml,440,18.41,IPA
Almond Ganache Bulldozer  Pastry Stout,8.1,Netherlands,4.03,Moersleutel Craft Brewery,11.0,Stout - Imperial / Double Pastry,Can 440ml,440,18.41,Stout
Saturn – Mega Pastry Stout,8.1,Netherlands,4.19,Moersleutel Craft Brewery,11.0,Stout - Imperial / Double Pastry,Can 440ml,440,18.41,Stout
Mars – Candybar Stout,8.1,Netherlands,4.14,Moersleutel Craft Brewery,11.0,Stout - Imperial / Double Pastry,Can 440ml,440,18.41,Stout
De Mederie Blackcurrant Dry Cider,9.21,Belgium,,De Mederie - Ciders,6.0,Cider - Other Fruit,500ml,500,18.42,Cider
Mure Rhubarbe - keykeg,368.5,Belgium,3.87,Gueuzerie Tilquin,5.4,Lambic - Fruit,20000ml,20000,18.42,Lambic
Proper DIPA: Luminosa Edition,8.11,England,4.13,Cloudwater Brew Co.,8.0,IPA - Imperial / Double New England / Hazy,Can 440ml,440,18.43,IPA
Tasty Juice,9.23,Norway,3.87,LERVIG,6.0,IPA - American,500ml,500,18.46,IPA
Shark Pants (2023),6.1,Belgium,3.69,De Struise Brouwers,9.0,IPA - Belgian,330ml,330,18.48,IPA
St Bernardus Abt 12,6.1,Belgium,4.0,Brouwerij St.Bernardus,10.5,Belgian Quadrupel,330ml,330,18.48,Belgian Quadrupel
First Palmistry,6.1,Hungary,3.46,FIRST Craft Beer,10.5,Stout - Imperial / Double,330ml,330,18.48,Stout
Vanilla Quest,6.1,France,4.04,The Piggy Brewing Company,10.0,Stout - Imperial / Double Oatmeal,330ml,330,18.48,Stout
De Molen Rioja Edition 2024 Imperial Irish Red Ale,6.1,Netherlands,4.0,Brouwerij de Molen,9.5,Red Ale - Imperial / Double,330ml,330,18.48,Red Ale
Bianca Non-Alcoholic Raspberry Peach Marshmallow Lassi Gose,6.1,Sweden,3.96,Omnipollo,0.3,Non-Alcoholic - Sour,330ml,330,18.48,Non-Alcoholic
Öö Cassis Baltic Porter,6.1,Estonia,3.84,Põhjala,10.5,Porter - Imperial / Double Baltic,330ml,330,18.48,Porter
Special Extra Export Stout,6.1,Belgium,3.58,Brouwerij De Dolle Brouwers,9.0,Stout - Foreign / Export,330ml,330,18.48,Stout
Umeboshi,6.1,Belgium,3.67,Brasserie Zythologist,6.0,Farmhouse Ale - Other,330ml,330,18.48,Farmhouse Ale
Farmhouse St Joseph 2022...,6.1,France,4.08,Independent House,6.4,Farmhouse Ale - Saison,330ml,330,18.48,Farmhouse Ale
Very Big Dragon,6.1,Scotland,4.01,Fierce Beer,12.5,Stout - Imperial / Double Pastry,330ml,330,18.48,Stout
Rettegett Iván,6.1,Hungary,3.85,Szent András Sörfőzde,10.5,Stout - Russian Imperial,330ml,330,18.48,Stout
Tilquin Oude Pêche Jaune,13.86,Belgium,4.13,Gueuzerie Tilquin,7.0,Lambic - Fruit,Bottle 750ml,750,18.48,Lambic
Wild West Blackthorn Edition 2016,6.1,Belgium,4.0,Brouwerij Alvinne,6.0,Sour - Fruited,330ml,330,18.48,Sour
Delirium Tremens Strong Golden Ale,6.1,Belgium,3.85,Delirium - Huyghe Brewery,8.5,Belgian Strong Golden Ale,330ml,330,18.48,Belgian Strong Golden Ale
Black Potion Pastry Stout,6.1,Netherlands,3.81,Brouwerij Kees,13.8,Stout - Pastry,Can 330ml,330,18.48,Stout
Omnipollo / Newbarns - Emmas Winter Mild,6.1,Sweden,3.36,Omnipollo,5.3,Mild - Dark,Can 330ml,330,18.48,Mild
H.C. Andersen - Belgian Wild Ale,6.1,Denmark,3.5,Alefarm Brewing/ Amager Bryghus/ BRAW/ Birkerød Bryg/ + 32 breweries,10.5,Pale Ale - American,330ml,330,18.48,Pale Ale
DE DOLLE – OERBIER,6.1,Belgium,3.71,Brouwerij De Dolle Brouwers,9.0,Belgian Strong Dark Ale,330ml,330,18.48,Belgian Strong Dark Ale
Oude Geuze 2021,13.87,Belgium,4.08,Oud Beersel,6.5,Lambic - Gueuze,Bottle 750ml,750,18.49,Lambic
Hills have eyes (BBF: 15-01-25),9.25,England,4.15,Rivington Brewing Co,8.0,IPA - Imperial / Double New England / Hazy,500ml,500,18.5,IPA
BLVCK – Ghost: BLVCK,8.75,United States,4.29,Adroit Theory,13.5,Stout - Russian Imperial,473ml,473,18.5,Stout
BLVCK Celebration (Ghost BLVCK),8.75,United States,4.0,Adroit Theory,9.99,Porter - Imperial / Double,473ml,473,18.5,Porter
Aplomb Bomb,9.25,Scotland,3.84,OverWorks,6.0,Sour - Fruited,500ml,500,18.5,Sour
Aurach (Zoigl),8.75,Canada,3.74,Nano Cinco,5.1,Historical Beer - Zoigl,473ml,473,18.5,Historical Beer
Moitié Noirceur (Lager Polotmavé),8.75,Canada,4.01,Messorem,5.0,Lager - Polotmavé (Czech Amber),473ml,473,18.5,Lager
District Heights,8.75,United States,4.23,District 96 Beer Factory,8.0,IPA - Imperial / Double New England / Hazy,473ml,473,18.5,IPA
De Cam Lambiek,6.94,Belgium,3.86,Geuzestekerij De Cam,6.5,Lambic - Traditional,Bottle 375ml,375,18.51,Lambic
Moersleutel Nozzles,8.15,Netherlands,3.97,Moersleutel Craft Brewery,9.0,IPA - Triple New England / Hazy,Can 440ml,440,18.52,IPA
American Imperial Stout Barrel Aged Blend,8.15,France,4.08,Popihn,12.0,Stout - Russian Imperial,Can 440ml,440,18.52,Stout
Gingerman's Candy Cabin,8.15,Greece,3.8,Seven Island Brewery,11.0,Stout - Imperial / Double Pastry,Can 440ml,440,18.52,Stout
10th Birthday Cake Celebration Vault City,8.15,Norway,3.79,Amundsen Brewery,6.5,Sour - Smoothie / Pastry,Can 440ml,440,18.52,Sour
Fruits of the Doom – Barrel Aged Wheat Ale with Rasperry in Wine Barrels ( 2021 ),6.95,Spain,3.91,La Calavera,6.3,Sour - Fruited,Bottle 375ml,375,18.53,Sour
"The Sour Conspirancy of Evil – Barrel Aged Gose  6 Months in Oloroso Barrels ( Grundbier So much s…. P…. in this f…… World ) – Collab LaCalavera , Cheersragazzi , Bierboutique Konstanz , Alehub",6.95,Spain,3.52,La Calavera,7.0,Wheat Beer - Dunkelweizen,Bottle 375ml,375,18.53,Wheat Beer
Brett-Elle - 75cl,13.9,Belgium,3.87,Lambiek Fabriek,6.3,Lambic - Gueuze,Bottle 750ml,750,18.53,Lambic
Godless – Wild Ale – Red Wine Barrel Aged,6.95,Spain,4.03,La Calavera,8.5,Sour - Other,Bottle 375ml,375,18.53,Sour
Gourgas Pomace,13.9,France,4.04,Brasserie La Malpolon,6.0,Wild Ale - Other,Bottle 750ml,750,18.53,Wild Ale
Beer Geek Breakfast,8.8,United States,3.87,Mikkeller Brewing San Diego,7.5,Stout - Oatmeal,475ml,475,18.53,Stout
Repas de Famille,13.9,France,3.65,Brasserie La Malpolon,5.4,Farmhouse Ale - Other,Bottle 750ml,750,18.53,Farmhouse Ale
"No Gods, No Masters – Barrel Aged Sour Flanders Red Ale Aged in Wisky Barrels",6.95,Spain,3.75,La Calavera,8.0,Sour - Flanders Red Ale,Bottle 375ml,375,18.53,Sour
Hœnir,6.12,Netherlands,3.88,Big Belly Brewing Company,11.0,Stout - Foreign / Export,330ml,330,18.55,Stout
Airport Lounge,9.29,United States,4.22,DankHouse Brewing Company,8.5,IPA - Imperial / Double New England / Hazy,500ml,500,18.58,IPA
DDH Gravlax,8.79,United States,4.02,Phase Three Brewing,7.8,IPA - Imperial / Double New England / Hazy,473ml,473,18.58,IPA
Cherry Chzcake,9.29,United States,4.35,Newgrass Brewing Co.,5.0,Sour - Smoothie / Pastry,500ml,500,18.58,Sour
Alex Made MTV,9.29,United States,4.15,DankHouse Brewing Company,6.0,Sour - Fruited,500ml,500,18.58,Sour
Brunch-O-Meter Blender #3,9.29,United States,4.01,Newgrass Brewing Co.,4.2,Sour - Smoothie / Pastry,500ml,500,18.58,Sour
Mok Master  5 Heaven Hill - Laphroaig BA,6.13,Belgium,4.09,Brewery De Meester,13.0,Stout - Imperial / Double,330ml,330,18.58,Stout
Double Papaya Shake,8.79,United States,4.07,Great Notion Brewing,9.0,Sour - Fruited,473ml,473,18.58,Sour
LP Stout,9.29,United States,3.74,Gigantic Brewing Company,5.7,Stout - American,500ml,500,18.58,Stout
Pink Guava Funk,6.6,United States,3.86,Prairie Artisan Ales,6.3,Sour - Fruited,355ml,355,18.59,Sour
See Foam,6.6,United States,3.93,Jackie O's Brewery,7.0,IPA - New England / Hazy,355ml,355,18.59,IPA
Oude Geuze Thevenet,6.97,Belgium,3.97,Den Herberg,6.7,Lambic - Gueuze,Bottle 375ml,375,18.59,Lambic
Oude Kriek Schar-Elle,13.95,Belgium,4.07,Lambiek Fabriek,6.2,Lambic - Kriek,Bottle 750ml,750,18.6,Lambic
1662,8.8,United States,4.01,Sante Adairius Rustic Ales,8.31,IPA - Imperial / Double,473ml,473,18.6,IPA
Sonic Freefall 2023 – Grape Pomace Saison Lambic,13.95,Belgium,3.83,Brussels Beer Project,6.5,Farmhouse Ale - Other,Bottle 750ml,750,18.6,Farmhouse Ale
Gouden Carolus Indulgence Margaretha,13.95,Belgium,3.54,Brouwerij Het Anker,8.5,Belgian Strong Dark Ale,Bottle 750ml,750,18.6,Belgian Strong Dark Ale
Black-Belle,13.95,Belgium,3.94,Lambiek Fabriek,7.0,Lambic - Fruit,Bottle 750ml,750,18.6,Lambic
Juicy & Wild - Muri-Elle,13.95,Belgium,4.03,Lambiek Fabriek,7.0,Lambic - Fruit,Bottle 750ml,750,18.6,Lambic
Gouden Carolus Imperial Dark 2018,13.95,Belgium,4.11,Brouwerij Het Anker,11.0,Belgian Strong Dark Ale,Bottle 750ml,750,18.6,Belgian Strong Dark Ale
Juicy & Wild - Pluri-Elle,13.95,Belgium,3.96,Lambiek Fabriek,6.1,Lambic - Fruit,Bottle 750ml,750,18.6,Lambic
Season of Sun,9.3,Italy,4.03,Brasseria Della Fonte,13.2,Farmhouse Ale - Other,500ml,500,18.6,Farmhouse Ale
Snowball,9.3,Northern Ireland,3.95,Beer Hut Brewing Co.,10.0,Stout - Imperial / Double,500ml,500,18.6,Stout
GlühKriek,13.95,Belgium,3.45,Brouwerij Liefmans,6.0,Fruit Beer,Bottle 750ml,750,18.6,Fruit Beer
Kruistocht Van Thomas  White Oaked Quadrupel,13.95,Netherlands,3.81,Jopen,10.0,Belgian Quadrupel,Bottle 750ml,750,18.6,Belgian Quadrupel
18 Hours From Brooklyn,9.3,United States,4.11,Toppling Goliath Brewing Co.,7.8,IPA - Imperial / Double,500ml,500,18.6,IPA
Vandenbroek: Watergeus 2022,13.95,Netherlands,4.01,Vandenbroek,6.2,Lambic - Fruit,Bottle 750ml,750,18.6,Lambic
PIÑA COLADA SHERBET,8.8,United States,3.97,Evil Twin Brewing NYC,7.5,IPA - Milkshake,473ml,473,18.6,IPA
Plavas Lauma,13.95,Latvia,3.76,Labietis,12.0,Wheat Beer - Wheat Wine,Bottle 750ml,750,18.6,Wheat Beer
Mash '24,8.19,Spain,4.13,Garage Beer Co.,7.0,IPA - New England / Hazy,Can 440ml,440,18.61,IPA
Struise Twenty Two Anniversary Ale,6.14,Belgium,4.08,De Struise Brouwers,14.0,Stout - Belgian,330ml,330,18.61,Stout
Boerenerf: Kriek 2023,6.98,Belgium,4.14,Het Boerenerf Eylenbosch,6.7,Lambic - Kriek,Bottle 375ml,375,18.61,Lambic
Lacura '24,8.19,Spain,4.01,Garage Beer Co.,7.0,IPA - New England / Hazy,Can 440ml,440,18.61,IPA
Funky Fluid / Hidden Springs Twin Chicks,9.31,Poland,4.09,Funky Fluid,12.0,Stout - Imperial / Double Pastry,500ml,500,18.62,Stout
The World of Tomorrow,13.97,United States,3.67,Alewife Brewing/ L'Ermitage,5.8,Sour - Flanders Oud Bruin,Bottle 750ml,750,18.63,Sour
Lightning Drops,8.2,United States,4.03,Resident Culture Brewing Co.,6.5,IPA - New England / Hazy,Can 440ml,440,18.64,IPA
Dreaming Of... DDH Enigma IPA,8.2,England,4.08,Track Brewing Company,7.0,IPA - New England / Hazy,Can 440ml,440,18.64,IPA
Oude Geuze 10/12/2018 Blend 12 18|19,6.99,Belgium,4.22,Brouwerij 3 Fonteinen,7.0,Lambic - Gueuze,Bottle 375ml,375,18.64,Lambic
Sunsmasher,6.99,Scotland,3.95,Holy Goat Brewing,5.8,Sour - Fruited,Bottle 375ml,375,18.64,Sour
Pannepot Special Reserva Wine & Port Barrel Aged For Three Years,6.15,Belgium,3.98,De Struise Brouwers,10.0,Belgian Strong Dark Ale,330ml,330,18.64,Belgian Strong Dark Ale
Eeuwig Bijzonder,6.15,Netherlands,3.45,Brouwerij Eeuwig Zonde,10.0,Belgian Tripel,330ml,330,18.64,Belgian Tripel
Oude Geuze Brett-Elle new label 04/2020,6.99,Belgium,4.01,Lambiek Fabriek,5.5,Lambic - Gueuze,Bottle 375ml,375,18.64,Lambic
Blade Grinder,8.2,Romania,3.85,Bereta Brewing Co.,7.5,Stout - Milk / Sweet,Can 440ml,440,18.64,Stout
Oude Geuze 2019 29/10/2019,6.99,Belgium,3.77,Oud Beersel,6.5,Lambic - Gueuze,Bottle 375ml,375,18.64,Lambic
Still Life With Stout And Some Other Stuff,8.2,Portugal,4.05,Dois Corvos,10.5,Stout - Imperial / Double,Can 440ml,440,18.64,Stout
Havana Moon,8.2,Scotland,3.95,Overtone Brewing Co,11.5,Stout - Imperial / Double,Can 440ml,440,18.64,Stout
Oude Geuze 23/05/2019 Blend 76 18|19 (Amontillado Barrel),6.99,Belgium,4.28,Brouwerij 3 Fonteinen,7.4,Lambic - Gueuze,Bottle 375ml,375,18.64,Lambic
Six One Nine,8.2,Germany,3.91,Sudden Death Brewing Co.,5.5,Sour - Fruited,Can 440ml,440,18.64,Sour
Very Big Moose 2024 Edition,8.2,Scotland,3.92,Fierce Beer,12.0,Stout - Imperial / Double,Can 440ml,440,18.64,Stout
Timmermans Oude Kriek 2016-2019,6.99,Belgium,3.95,Brewery John Martin & Brewery Timmermans,6.7,Lambic - Kriek,Bottle 375ml,375,18.64,Lambic
Oude Gueuze 02/2019,6.99,Belgium,3.98,Hanssens Artisanaal,6.0,Lambic - Gueuze,Bottle 375ml,375,18.64,Lambic
Oude Geuze 08/04/2019 Blend 64 18|19,6.99,Belgium,4.26,Brouwerij 3 Fonteinen,6.3,Lambic - Gueuze,Bottle 375ml,375,18.64,Lambic
Winter Berry Crumble,8.2,Scotland,3.94,Vault City Brewing,6.0,Sour - Smoothie / Pastry,Can 440ml,440,18.64,Sour
Oude Gueuze 10/2019,6.99,Belgium,3.98,Hanssens Artisanaal,6.0,Lambic - Gueuze,Bottle 375ml,375,18.64,Lambic
Next Door,8.2,England,4.02,Track Brewing Company,7.0,IPA - American,Can 440ml,440,18.64,IPA
Barrel Aged Quadrupel: Whiskey Bourbon,6.15,Netherlands,4.07,Gulpener Bierbrouwerij,12.0,Belgian Quadrupel,330ml,330,18.64,Belgian Quadrupel
Barrel Aged Quadrupel: Jamaican Rum,6.15,Netherlands,4.06,Gulpener Bierbrouwerij,12.0,Belgian Quadrupel,330ml,330,18.64,Belgian Quadrupel
Funeral Clown,8.2,Germany,4.23,Sudden Death Brewing Co.,5.0,Sour - Smoothie / Pastry,Can 440ml,440,18.64,Sour
Pastore x Amundsen Bomba,8.2,England,3.77,Pastore Brewing and Blending,7.5,Sour - Smoothie / Pastry,Can 440ml,440,18.64,Sour
Very Big Moose 2024 Rye Old Fashioned,8.2,Scotland,4.05,Fierce Beer,12.5,Stout - Russian Imperial,Can 440ml,440,18.64,Stout
Track x Green Cheek Next Door,8.2,England,4.02,Track Brewing Company,7.0,IPA - American,Can 440ml,440,18.64,IPA
Very Big Moose 2024 2-Year Bourbon,8.2,Scotland,3.89,Fierce Beer,12.5,Stout - Imperial / Double,Can 440ml,440,18.64,Stout
Why Do You Always Do This?,8.2,England,3.93,Pressure Drop Brewing,6.3,Sour - Fruited,Can 440ml,440,18.64,Sour
Demi Sec Amer 2017,13.99,Czech Republic,3.91,Cidrerie Kliment,5.7,Cider - Traditional / Apfelwein,Bottle 750ml,750,18.65,Cider
Armorique,13.99,France,,Domaine Johanna Cecillon,6.5,Cider - Dry,Bottle 750ml,750,18.65,Cider
Reuss Lambic Blend Sour Ale,13.99,Belgium,3.48,Brouwerij Boon,8.0,Belgian Strong Dark Ale,Bottle 750ml,750,18.65,Belgian Strong Dark Ale
Taranis,13.99,France,,Domaine Johanna Cecillon,7.0,Cider - Dry,Bottle 750ml,750,18.65,Cider
Cidre Nerios,13.99,France,3.58,Domaine Johanna Cecillon,7.0,Cider - Traditional / Apfelwein,Bottle 750ml,750,18.65,Cider
Caractere Rouge,13.99,Belgium,4.15,Brouwerij Rodenbach,7.0,Sour - Flanders Red Ale,Bottle 750ml,750,18.65,Sour
Oude Reinette Étoilée à l'ancienne,13.99,Belgium,4.03,Gueuzerie Tilquin,6.8,Lambic - Fruit,Bottle 750ml,750,18.65,Lambic
Oude Gueuze 11/2018,13.99,Belgium,4.15,Hanssens Artisanaal,6.0,Lambic - Gueuze,Bottle 750ml,750,18.65,Lambic
Lambiek Fabriek: Blue-Belle 2022,13.99,Belgium,3.85,Lambiek Fabriek,8.0,Lambic - Fruit,Bottle 750ml,750,18.65,Lambic
Lambiek Fabriek: Soleille 2022,13.99,Belgium,3.84,Lambiek Fabriek,8.7,Lambic - Fruit,Bottle 750ml,750,18.65,Lambic
Pluri Elle,13.99,Belgium,3.96,Lambiek Fabriek,6.2,Lambic - Fruit,Bottle 750ml,750,18.65,Lambic
Perzik Watergeus (3/2022),13.99,Netherlands,3.86,Vandenbroek,5.8,Lambic - Fruit,Bottle 750ml,750,18.65,Lambic
Skiller Veilige Haven,13.99,Netherlands,3.83,Ouwe Skilder Brouwerij,9.2,Porter - Imperial / Double,Bottle 750ml,750,18.65,Porter
Back To Black Oloroso,13.99,Spain,3.58,Cierzo Brewing Co.,9.0,Stout - Imperial / Double,Bottle 750ml,750,18.65,Stout
Spontaan Gaard - Kersen 2024 butelka,14.0,Poland,4.05,Lubrow Brett & Barrel,6.6,Lambic - Kriek,Bottle 750ml,750,18.67,Lambic
Ozni 1.2 Nature,14.0,France,3.87,La Fabule,5.7,Wild Ale - Other,Bottle 750ml,750,18.67,Wild Ale
Cervoise 2020,7.0,France,3.86,Cervoiserie ARTEMIS,6.0,Historical Beer - Gruit / Ancient Herbed Ale,Bottle 375ml,375,18.67,Historical Beer
Spontaan Gaard - Cassis 2024 butelka,14.0,Poland,4.11,Lubrow Brett & Barrel,6.7,Lambic - Fruit,Bottle 750ml,750,18.67,Lambic
FRAISE DES ARBRES,14.0,France,4.05,Brasserie La Malpolon,5.3,Sour - Fruited,Bottle 750ml,750,18.67,Sour
Saison Du Chai 2023,14.0,France,3.94,Brasserie La Malpolon,6.2,Farmhouse Ale - Saison,Bottle 750ml,750,18.67,Farmhouse Ale
"Oude Kriek Jart-Elle (2020) - 37,5cl",7.0,Belgium,3.93,Lambiek Fabriek,6.0,Lambic - Kriek,Bottle 375ml,375,18.67,Lambic
Wild#17 Mixed Fermentation Saison,7.0,Poland,3.95,Browar Stu Mostów,7.5,Farmhouse Ale - Saison,Bottle 375ml,375,18.67,Farmhouse Ale
Hang The Bishop,7.0,Netherlands,3.5,Oproer,7.3,Wild Ale - Other,Bottle 375ml,375,18.67,Wild Ale
Pale & Wild Caram-Elle,14.0,Belgium,3.86,Lambiek Fabriek,9.0,Lambic - Gueuze,Bottle 750ml,750,18.67,Lambic
Nelson Sauvin 2022,14.0,France,4.21,Brasserie Bouquier,4.7,Farmhouse Ale - Saison,Bottle 750ml,750,18.67,Farmhouse Ale
Phoenix,7.0,Scotland,3.93,Holy Goat Brewing,6.0,Sour - Fruited,Bottle 375ml,375,18.67,Sour
Jurassique,14.0,France,4.11,Antoine Marois,5.5,Cider - Dry,Bottle 750ml,750,18.67,Cider
Merlot 2023,14.0,Netherlands,3.49,Bouquier,5.0,Wild ale,Bottle 750ml,750,18.67,Wild ale
Retour du Roy,14.0,France,3.99,Brasserie de la Goutte d'Or,7.7,Grape Ale - Other,Bottle 750ml,750,18.67,Grape Ale
Pawpaw Cherry Perpetum,14.0,United States,4.04,Jackie O's Brewery,6.7,Sour - Fruited Berliner Weisse,Bottle 750ml,750,18.67,Sour
WILD#20 Mixed Fermentation Cherry Ale,7.0,Poland,3.89,Browar Stu Mostów,7.1,Farmhouse Ale - Other,Bottle 375ml,375,18.67,Farmhouse Ale
Coulis - Vild,7.0,Sweden,3.98,Brekeriet,8.0,Sour - Fruited,Bottle 375ml,375,18.67,Sour
Rosière,14.0,France,4.09,Antoine Marois,7.0,Cider - Dry,Bottle 750ml,750,18.67,Cider
Brave Lands,7.0,Spain,3.8,Cervesa Espiga,7.5,Grape Ale - Other,Bottle 375ml,375,18.67,Grape Ale
Grapevine,14.0,Belgium,4.08,Brouwerij De Ranke,6.5,Lambic - Fruit,Bottle 750ml,750,18.67,Lambic
Spontanée,14.0,France,4.06,La Brasserie du Mont Salève,4.5,Sour - Other,Bottle 750ml,750,18.67,Sour
Wijnberg,14.0,Belgium,3.69,Brouwerij De Ranke,5.8,Sour - Flanders Oud Bruin,Bottle 750ml,750,18.67,Sour
Mulberry,14.0,Canada,3.83,Revel Cider Company,7.0,Cider - Other Fruit,Bottle 750ml,750,18.67,Cider
Gossamer,14.0,Canada,,Revel Cider Company,7.9,Cider - Other Fruit,Bottle 750ml,750,18.67,Cider
Rosée des Crosses,14.0,Belgium,3.86,L'Ermitage,7.0,Grape Ale - Other,Bottle 750ml,750,18.67,Grape Ale
Glühkriek (2022),14.0,Belgium,3.63,Brouwerij Liefmans,6.0,Fruit Beer,Bottle 750ml,750,18.67,Fruit Beer
Aster 2021,14.0,Canada,4.01,Revel Cider Company,6.9,Cider - Traditional / Apfelwein,Bottle 750ml,750,18.67,Cider
Wild#18 Mixed Fermentation Piquette Saison,7.0,Poland,3.72,Browar Stu Mostów,5.8,Farmhouse Ale - Saison,Bottle 375ml,375,18.67,Farmhouse Ale
Foxwhelp,14.0,Canada,,Revel Cider Company,6.8,Cider - Traditional / Apfelwein,Bottle 750ml,750,18.67,Cider
Tempérance,14.0,Spain,3.88,Cyclic Beer Farm,3.7,Wild Ale - Other,Bottle 750ml,750,18.67,Wild Ale
Grappe Rouge 2022,14.0,France,3.94,Brasserie La Malpolon,7.0,Grape Ale - Other,Bottle 750ml,750,18.67,Grape Ale
200,6.17,Russia,3.84,AF Brew,11.0,Barleywine - American,330ml,330,18.7,Barleywine
Bigfoot 2024,6.64,United States,3.87,Sierra Nevada Brewing Co.,9.6,Barleywine - American,355ml,355,18.7,Barleywine
Greatings From Cypremont Point,8.85,United States,3.92,Parish Brewing Co.,5.6,Sour - Fruited Berliner Weisse,473ml,473,18.71,Sour
Dock 77,8.85,Canada,4.3,Le Ketch,6.5,IPA - New England / Hazy,473ml,473,18.71,IPA
LabRatchet Espresso Lava Cake Imperial Stout,8.25,Netherlands,4.11,Moersleutel Craft Brewery,15.0,Stout - Imperial / Double Pastry,Can 440ml,440,18.75,Stout
The Executioner 2024 (canned: 08-24),8.25,Finland,4.22,Factory Brewing,9.5,IPA - Triple New England / Hazy,Can 440ml,440,18.75,IPA
Double Reveries Of... Citra,8.25,Finland,4.24,Factory Brewing,8.0,IPA - Imperial / Double New England / Hazy,Can 440ml,440,18.75,IPA
Framboise Boon,4.69,Belgium,3.54,Brouwerij Boon,5.0,Lambic - Framboise,Bottle 250ml,250,18.76,Lambic
Dank 7,6.29,United States,3.77,Boulevard Brewing Co.,7.0,IPA - Belgian,335ml,335,18.78,IPA
Mudskipper v18,6.2,Netherlands,3.73,De Kromme Haring,5.5,IPA - New England / Hazy,Can 330ml,330,18.79,IPA
Écorce,6.2,France,4.22,Sacrilège,8.4,Sour - Flanders Oud Bruin,330ml,330,18.79,Sour
De Molen / Old Hickory Ark & Duif,6.2,Netherlands,3.7,Brouwerij de Molen,11.6,Stout - Imperial / Double,330ml,330,18.79,Stout
D'Espace et de Lumière,6.2,France,4.12,Fauve,10.0,IPA - Triple New England / Hazy,330ml,330,18.79,IPA
Barrel Aged Quadrupel: Scottish Whisky,6.2,Netherlands,4.05,Gulpener Bierbrouwerij,12.0,Belgian Quadrupel,330ml,330,18.79,Belgian Quadrupel
Black Treats 2022 Edition Rye Whiskey BA,6.2,Belgium,3.88,Galea Craft Beers,11.5,Stout - Imperial / Double Pastry,330ml,330,18.79,Stout
Pleroma Dragon Fruit Crème Brûlée Sour,6.2,Sweden,3.75,Omnipollo,6.0,Sour - Smoothie / Pastry,330ml,330,18.79,Sour
Öö Imperial Baltic Porter,6.2,Estonia,3.93,Põhjala,10.5,Porter - Imperial / Double Baltic,330ml,330,18.79,Porter
MIDNIGHT HARVEST,6.2,Spain,4.17,Laugar Brewery,12.4,Stout - Russian Imperial,330ml,330,18.79,Stout
Kasteelbier Tripel,6.2,Belgium,3.63,Kasteel Brouwerij Vanhonsebrouck,11.0,Belgian Tripel,330ml,330,18.79,Belgian Tripel
Bush de Noël Belgian Winter Ale,6.2,Belgium,3.72,Brasserie Dubuisson,12.0,Winter Ale,330ml,330,18.79,Winter Ale
Kasteelbier Donker,6.2,Belgium,3.64,Kasteel Brouwerij Vanhonsebrouck,11.0,Belgian Quadrupel,330ml,330,18.79,Belgian Quadrupel
Old Skull Fellas,6.2,Spain,3.55,La Calavera/ La Pirata Brewing,13.0,Barleywine - Other,330ml,330,18.79,Barleywine
Saison 75cl,14.1,Belgium,3.87,Brasserie Fantôme,8.0,Farmhouse Ale - Saison,Bottle 750ml,750,18.8,Farmhouse Ale
On Range et Bois,14.1,France,3.86,Brasserie La Malpolon/ Cyclic Beer Farm,6.0,Sour - Other,Bottle 750ml,750,18.8,Sour
Foggy Morning,9.4,Czech Republic,3.93,Rodinný Pivovar Zichovec,6.5,IPA - New England / Hazy,Can 500ml,500,18.8,IPA
Oude Geuze Boon Lambic 25cl,4.7,Belgium,3.93,Brouwerij Boon,7.0,Lambic - Gueuze,Bottle 250ml,250,18.8,Lambic
Oude Kriek de Schaarbeek Tilquin à l'anciennne,14.11,Belgium,4.16,Gueuzerie Tilquin,7.0,Lambic - Kriek,Bottle 750ml,750,18.81,Lambic
Braambes,14.11,Belgium,3.4,Brouwerij Kestemont,6.0,Lambic - Traditional,Bottle 750ml,750,18.81,Lambic
Laia,14.11,Spain,3.8,Basqueland Brewing,7.6,Farmhouse Ale - Saison,Bottle 750ml,750,18.81,Farmhouse Ale
Upside Down,8.9,Czech Republic,3.77,Rodinný Pivovar Zichovec,5.3,IPA - New England / Hazy,473ml,473,18.82,IPA
Nilla Galaxy,8.9,United States,3.95,Equilibrium Brewery,8.0,IPA - Imperial / Double,473ml,473,18.82,IPA
Speedway Stout Madagascar Vanilla & Ceylon Alba Cinnamon,8.9,United States,3.89,AleSmith Brewing Company,12.0,Stout - Imperial / Double Coffee,473ml,473,18.82,Stout
Stealth Mode,8.9,United States,4.16,Bottle Logic Brewing,6.0,Sour - Fruited Berliner Weisse,473ml,473,18.82,Sour
Lift Sesh,8.9,United States,4.17,DankHouse Brewing Company,8.5,IPA - Imperial / Double New England / Hazy,473ml,473,18.82,IPA
Second Term,8.9,United States,4.25,District 96 Beer Factory,7.0,IPA - New England / Hazy,473ml,473,18.82,IPA
VOIID-03 (Ghost VOIID-03),8.9,United States,4.12,Adroit Theory,9.0,IPA - Imperial / Double New England / Hazy,473ml,473,18.82,IPA
Wandering Into the Fog (Anchovy Hop),8.9,United States,4.14,Abomination Brewing Company,8.6,IPA - Imperial / Double,473ml,473,18.82,IPA
All Day Cenote,8.9,United States,3.96,Millpond Brewing,5.3,IPA - Session,473ml,473,18.82,IPA
Schubie Snacks (Mosaic & Strata),8.9,United States,4.04,Millpond Brewing,6.0,Pale Ale - New England / Hazy,473ml,473,18.82,Pale Ale
SLUSHY XL Banana Bluntz,8.9,United States,3.91,450 North Brewing Company,5.3,Sour - Fruited,473ml,473,18.82,Sour
AntiMatter (Ghost ANTIMATTER),8.9,United States,4.15,Adroit Theory,10.5,IPA - Imperial / Double New England / Hazy,473ml,473,18.82,IPA
The Enemies I've Earned (2024),8.9,Canada,4.17,Third Moon Brewing Company,8.0,IPA - Imperial / Double New England / Hazy,473ml,473,18.82,IPA
One Hunna: Citra,8.9,Canada,4.25,Messorem,8.2,IPA - Imperial / Double,473ml,473,18.82,IPA
Ces Vipères,8.9,Canada,4.3,Messorem,9.1,IPA - Imperial / Double,473ml,473,18.82,IPA
Peach Silhouette,8.9,United States,4.29,Hudson Valley Brewery,5.0,IPA - Sour,473ml,473,18.82,IPA
Rêve Coffee Stout,8.9,United States,4.21,Parish Brewing Co.,6.8,Stout - Coffee,473ml,473,18.82,Stout
SLUSHY XXL Monkey Kong,8.9,United States,3.78,450 North Brewing Company,5.3,Sour - Smoothie / Pastry,473ml,473,18.82,Sour
Conjoined (Ghost CONJOINED),8.9,United States,4.05,Adroit Theory,8.0,IPA - Imperial / Double New England / Hazy,473ml,473,18.82,IPA
Feel No Way,8.9,United States,3.73,Hudson Valley Brewery,5.0,Pilsner - Other,Can 473ml,473,18.82,Pilsner
Evangelion XVII. Tabris (Ghost TABRIS),8.9,United States,4.12,Adroit Theory,10.5,IPA - Triple New England / Hazy,473ml,473,18.82,IPA
Incursion (Ghost Incursion),8.9,United States,4.13,Adroit Theory,10.0,IPA - Triple New England / Hazy,473ml,473,18.82,IPA
L'Ermitage / Atelier Berger Constant Haut Voltige - Citra,14.12,Belgium,3.68,L'Ermitage,7.6,Cider - Graff,Bottle 750ml,750,18.83,Cider
Organic - Wild - Black Belle,14.12,Belgium,3.98,Lambiek Fabriek,7.0,Lambic - Fruit,Bottle 750ml,750,18.83,Lambic
Oude Kriek Dekoninck,7.06,Belgium,3.74,Brouwerij Boon,5.2,Lambic - Kriek,Bottle 375ml,375,18.83,Lambic
Night Sleigher 2024,8.29,Norway,3.83,Amundsen Brewery,7.5,IPA - Imperial / Double New England / Hazy,Can 440ml,440,18.84,IPA
Omega,8.29,Sweden,4.17,Apex Brewing Company,8.0,IPA - Imperial / Double New England / Hazy,Can 440ml,440,18.84,IPA
Temporal Loops,8.29,United States,3.85,Equilibrium Brewery,7.0,IPA - Sour,Can 440ml,440,18.84,IPA
10yrs x Uchu,8.29,England,4.04,Verdant Brewing Co,6.5,IPA - Fruited,Can 440ml,440,18.84,IPA
Skull Smasher / Seven Island,8.29,Greece,3.97,Seven Island Brewery,8.0,IPA - Imperial / Double New England / Hazy,Can 440ml,440,18.84,IPA
Bazooko Circus,8.29,Spain,4.15,Garage Beer Co.,10.0,IPA - Triple New England / Hazy,Can 440ml,440,18.84,IPA
Kemker Hanni,14.14,Germany,3.82,Kemker Kultuur (Brauerei J. Kemker),6.0,Farmhouse Ale - Bière de Coupage,Bottle 750ml,750,18.85,Farmhouse Ale
Swerve City,8.3,Scotland,3.97,Overtone Brewing Co,8.0,IPA - Imperial / Double,Can 440ml,440,18.86,IPA
A World That Works,8.3,Sweden,4.12,Elmeleven,5.5,Sour - Smoothie / Pastry,Can 440ml,440,18.86,Sour
45 Days Later (To Øl collab),8.3,Belgium,3.56,Boundary,5.5,Stout - Irish Dry,Can 440ml,440,18.86,Stout
2112,8.3,England,4.07,Radio City Beer Works,8.0,IPA - Imperial / Double,Can 440ml,440,18.86,IPA
Cereal Spooner,8.3,Scotland,4.02,Vault City Brewing,6.3,Sour - Smoothie / Pastry,Can 440ml,440,18.86,Sour
La Facture D'Electricité,8.3,Belgium,3.91,Misery Beer Co.,10.5,IPA - Quadruple,Can 440ml,440,18.86,IPA
Bliss #2,8.3,Greece,4.03,Strange Brew,10.0,IPA - Triple,Can 440ml,440,18.86,IPA
Planets on Wires,8.3,England,4.12,Pentrich Brewing Co.,8.0,IPA - Imperial / Double,Can 440ml,440,18.86,IPA
Crystallography,8.3,England,3.93,Cloudwater Brew Co.,8.0,IPA - Imperial / Double,Can 440ml,440,18.86,IPA
Northern Monk / Põhjala / Resident Culture / Neon Raptor - Dark & Wild 2024,8.3,England,3.77,Northern Monk,8.4,Stout - Milk / Sweet,Can 440ml,440,18.86,Stout
Moley Russel's Wart,8.3,England,3.61,Bang The Elephant Brewing Co,8.0,Stout - Other,Can 440ml,440,18.86,Stout
Snowball,8.3,Scotland,4.04,Vault City Brewing,5.3,Sour - Smoothie / Pastry,Can 440ml,440,18.86,Sour
Sacred Sword,8.3,England,4.16,Left Handed Giant Brewing,8.0,IPA - Imperial / Double New England / Hazy,Can 440ml,440,18.86,IPA
DNSRT: Of Fire and Earth,14.15,Belgium,3.92,Brussels Beer Project,6.2,Sour - Flanders Red Ale,Bottle 750ml,750,18.87,Sour
DNSRT: Distant Echoes,14.15,Belgium,3.62,Brussels Beer Project,7.0,IPA - Black / Cascadian Dark Ale,Bottle 750ml,750,18.87,IPA
DNSRT: Metamorphosis,14.15,Belgium,3.84,Brussels Beer Project,6.0,Farmhouse Ale - Saison,Bottle 750ml,750,18.87,Farmhouse Ale
Biscuit Behemoth,6.23,Hungary,3.94,Mad Scientist,11.0,Stout - Imperial / Double Pastry,330ml,330,18.88,Stout
Shark Pants,6.23,United States,3.63,3 Floyds Brewing/ De Struise Brouwers,9.0,IPA - Imperial / Double,330ml,330,18.88,IPA
Doesjel 19/20 Assemblage n° 85,14.17,Belgium,4.16,Brouwerij 3 Fonteinen,6.5,Lambic - Gueuze,Bottle 750ml,750,18.89,Lambic
Stu Mostów / Whiplash Old School Imperial Stout,8.31,Poland,4.03,Browar Stu Mostów/ Whiplash,10.0,Stout - Imperial / Double,Can 440ml,440,18.89,Stout
Eestar Dhoop,9.45,Sweden,4.13,Dugges Bryggeri,12.7,Stout - Other,500ml,500,18.9,Stout
Time Travel Stuff,8.95,United States,4.16,Finback Brewery,8.5,IPA - Imperial / Double New England / Hazy,473ml,473,18.92,IPA
Whale Watching,8.95,United States,4.25,Finback Brewery,8.4,IPA - Imperial / Double,473ml,473,18.92,IPA
Night Machine,8.95,United States,4.13,Drekker Brewing Company,8.1,IPA - Imperial / Double,473ml,473,18.92,IPA
Ripe IPA New England IPA,8.95,United States,4.2,Great Notion Brewing,7.0,IPA - New England / Hazy,Can 473ml,473,18.92,IPA
Coastal Sunshine (v4),8.95,United States,4.22,Humble Forager Brewery,6.0,Sour - Fruited,473ml,473,18.92,Sour
Juiceler,8.95,United States,4.08,Drekker Brewing Company,8.0,IPA - Imperial / Double New England / Hazy,473ml,473,18.92,IPA
Hind - Vild,7.1,Sweden,3.82,Brekeriet,3.5,Sour - Fruited,Bottle 375ml,375,18.93,Sour
The thing that should not...,14.2,Romania,4.3,Strange Companion,11.0,Dark Ale,Bottle 750ml,750,18.93,Dark Ale
LA CALAVERA / CIERZO – JUNGLE BOOGIE,7.1,Spain,3.74,La Calavera,8.5,Sour - Other,Bottle 375ml,375,18.93,Sour
Plead The 5th,6.25,United States,4.13,Dark Horse Brewing Co.,11.0,Stout - Russian Imperial,330ml,330,18.94,Stout
White Label: Imperial Baltic Porter Islay BA,6.25,Netherlands,3.44,Brouwerij Emelisse,15.2,Porter - Baltic,330ml,330,18.94,Porter
Stout Of This World Rum Barrel Aged Russian Imperial Stout,6.25,Netherlands,4.12,Jopen,10.1,Stout - Russian Imperial,330ml,330,18.94,Stout
All The Leaves Are Brown,6.25,Scotland,4.12,Tempest Brewing Co.,10.5,Brown Ale - Imperial / Double,330ml,330,18.94,Brown Ale
"Dream Smooje  – Blackcurrant , Blackberry Sour Gose",6.25,Sweden,3.86,Friends Company,4.7,Sour - Smoothie / Pastry,330ml,330,18.94,Sour
Pannepot Special Reserva,6.25,Belgium,3.86,De Struise Brouwers,10.0,Belgian Strong Dark Ale,330ml,330,18.94,Belgian Strong Dark Ale
Balcones Edition 2024  Imperial Milkstout,6.25,Netherlands,3.92,Brouwerij de Molen,11.7,Stout - Imperial / Double,330ml,330,18.94,Stout
MOK Coconut,6.25,Belgium,4.04,Brewery De Meester,12.0,Stout - American,330ml,330,18.94,Stout
Black Damnation 04 Coffee Club Vintage 2018 Carribean Rum Barrel Aged Imperial Stout,6.25,Belgium,,De Struise Brouwers,13.0,Stout - Imperial / Double,330ml,330,18.94,Stout
White Label: Coconut Stout Highland BA,6.25,Netherlands,3.96,Brouwerij Emelisse,12.2,Stout - Other,330ml,330,18.94,Stout
Don't tRYE This @home Rye Wine 2021 Cognac Barrel Aged,6.25,Netherlands,3.86,Jopen/ LERVIG,12.0,Rye Wine,330ml,330,18.94,Rye Wine
Grand Cru Edition 2023 Barrel Aged Grand Cru,6.25,Netherlands,4.01,Brouwerij de Molen,10.4,Sour - Other,330ml,330,18.94,Sour
Wild Turkey Bourbon Edtition 2023  Barrel Aged Wheat Wine,6.25,Netherlands,4.19,Brouwerij de Molen,11.0,Smoked Beer,330ml,330,18.94,Smoked Beer
Zoltan Linkwood BA,6.25,Netherlands,4.03,Van Moll,11.0,Stout - Imperial / Double,330ml,330,18.94,Stout
Gelehallon Smoojee – Rasperry Jelly Drop Smoojee,6.25,Sweden,3.58,Friends Company,4.7,Sour - Smoothie / Pastry,330ml,330,18.94,Sour
VandeStreek – Banketstaaf Stout,6.25,Netherlands,3.7,vandeStreek bier,14.8,Stout - Imperial / Double Pastry,330ml,330,18.94,Stout
Don't tRYE This @home Rye Wine 2021 PX Sherry Barrel Aged,6.25,Netherlands,3.86,Jopen/ LERVIG,12.0,Rye Wine,330ml,330,18.94,Rye Wine
"Dream Smoojee – Pineapple , Strawberry Smoothie Sour",6.25,Sweden,3.38,Friends Company,4.7,Sour - Smoothie / Pastry,330ml,330,18.94,Sour
Don't tRYE This @home Rye Wine 2021 Tequila Barrel Aged,6.25,Netherlands,3.86,Jopen/ LERVIG,12.0,Rye Wine,330ml,330,18.94,Rye Wine
Wraith,6.25,Finland,4.1,Revenant Brewing Project,8.0,IPA - Imperial / Double New England / Hazy,330ml,330,18.94,IPA
White Label: Barleywine Islay BA,6.25,Netherlands,3.69,Brouwerij Emelisse,11.6,Barleywine - English,330ml,330,18.94,Barleywine
Earthquake,6.25,Spain,3.87,Menno Olivier Brewing,9.8,Stout - Imperial / Double,330ml,330,18.94,Stout
Calvados Edition 2023 Barrel Aged Strong Saison,6.25,Netherlands,3.95,Brouwerij de Molen,13.1,Farmhouse Ale - Saison,330ml,330,18.94,Farmhouse Ale
Spaghetti Western Imp Stout,6.25,Italy,3.83,BrewFist/ Prairie Artisan Ales,8.7,Stout - Imperial / Double Coffee,330ml,330,18.94,Stout
Stille Nacht 2023,6.25,Belgium,4.05,Brouwerij De Dolle Brouwers,12.0,Belgian Strong Golden Ale,330ml,330,18.94,Belgian Strong Golden Ale
Strawbeeries & Cream Crepe – Smoothie Sour Gose,6.25,Sweden,3.74,Friends Company,4.7,Sour - Smoothie / Pastry,330ml,330,18.94,Sour
Stu Mostów / Funky Fluid Imp. Pastry Stout - Dark Chocolate Caramelized Almonds,6.25,Poland,4.12,Browar Stu Mostów/ Funky Fluid,10.5,Stout - Imperial / Double Pastry,330ml,330,18.94,Stout
Hydra Slushmallow,8.96,United States,4.35,Mortalis Brewing Company,7.0,Sour - Smoothie / Pastry,473ml,473,18.94,Sour
King Rufus – Barley Wine,6.25,Norway,3.77,LERVIG,15.6,Barleywine - English,330ml,330,18.94,Barleywine
Mystery Gem  BA Black Currant,6.25,Netherlands,3.69,100 Watt Brewery,8.5,Blonde / Golden Ale - Other,330ml,330,18.94,Blonde / Golden Ale
Stout Of This World Bourbon Barrel Aged Russian Imperial Stout,6.25,Netherlands,4.11,Jopen,10.1,Stout - Russian Imperial,330ml,330,18.94,Stout
LEFT BEHIND,6.25,Norway,3.98,Cervisiam,7.5,IPA - Imperial / Double New England / Hazy,330ml,330,18.94,IPA
WRCLW Imperial Pastry Stout - French Toast Nitro,6.25,Poland,4.09,Browar Stu Mostów,10.0,Stout - Imperial / Double Pastry,330ml,330,18.94,Stout
Radical Raisin Rum,8.35,Germany,3.91,BrewHeart,12.0,Stout - Imperial / Double Pastry,Can 440ml,440,18.98,Stout
Normal Things,9.49,Poland,4.24,Funky Fluid,12.0,Stout - Imperial / Double Pastry,500ml,500,18.98,Stout
Igor '22 BA Woodford Reserve Bourbon,9.49,Netherlands,4.1,Kaapse Brouwers,11.2,Stout - Imperial / Double,Bottle 500ml,500,18.98,Stout
Outlier,9.49,United States,3.86,Tree House Brewing Company,4.3,Kölsch,500ml,500,18.98,Kölsch
Mango Jam,8.35,France,3.77,The Piggy Brewing Company,6.0,Sour - Fruited,Can 440ml,440,18.98,Sour
Mosaic Mamba,9.49,United States,4.11,Toppling Goliath Brewing Co.,8.5,IPA - Imperial / Double,500ml,500,18.98,IPA
Hello Cape Cod,9.5,United States,4.12,Tree House Brewing Company,6.7,IPA - American,500ml,500,19.0,IPA
Midnight Special – Ghost: MIDNIGHT SPECIAL,9.5,United States,4.06,Adroit Theory,12.0,Stout - Russian Imperial,500ml,500,19.0,Stout
Evil Dead 2 (2024),9.5,England,4.16,Rivington Brewing Co,8.0,IPA - Imperial / Double,500ml,500,19.0,IPA
Kismet,9.5,Ireland,3.95,LINEMAN,11.5,Strong Ale - Other,500ml,500,19.0,Strong Ale
Jackie O's / Crooked Stave The Ties That Bind,9.5,United States,4.18,Crooked Stave Artisan Beer Project/ Jackie O's Brewery,5.5,Wild Ale - American,500ml,500,19.0,Wild Ale
Mind The Hop,9.5,United States,4.16,Aslin Beer Company,9.4,IPA - Imperial / Double New England / Hazy,500ml,500,19.0,IPA
Pyramid Scheme,9.5,England,4.19,Rivington Brewing Co,8.0,IPA - Imperial / Double New England / Hazy,500ml,500,19.0,IPA
Chupacabra,9.5,Croatia,3.63,Pulfer Brewery,9.5,Stout - Imperial / Double Pastry,500ml,500,19.0,Stout
Future Kill Ghost:1209,9.5,United States,4.16,Adroit Theory,10.0,IPA - Triple New England / Hazy,500ml,500,19.0,IPA
Winterlambiek - Sparkling Infused,14.25,Belgium,3.87,Oud Beersel,7.2,Lambic - Other,Bottle 750ml,750,19.0,Lambic
Froot Stripez,8.99,United States,3.96,Magnify Brewing Company,8.0,Sour - Fruited,473ml,473,19.01,Sour
Bulkhead Red,8.99,United States,3.42,Barrier Brewing Company,6.5,Red Ale - American Amber / Red,473ml,473,19.01,Red Ale
Tilquin Gueuzerable (maple) - max. 1 per customer,14.26,Belgium,4.14,Gueuzerie Tilquin,10.0,Lambic - Gueuze,Bottle 750ml,750,19.01,Lambic
Feel No Way: Lime,8.99,United States,3.6,Hudson Valley Brewery,5.0,Pilsner - Other,473ml,473,19.01,Pilsner
Rare Frog,8.99,United States,4.25,Abomination Brewing Company,10.5,IPA - Triple New England / Hazy,473ml,473,19.01,IPA
Crosby,8.99,United States,4.22,Mortalis Brewing Company,8.0,IPA - Imperial / Double,473ml,473,19.01,IPA
Braincake,8.99,United States,4.17,Parish Brewing Co.,8.4,IPA - Imperial / Double New England / Hazy,473ml,473,19.01,IPA
El Mago,8.99,United States,3.86,Tree House Brewing Company,4.8,Lager - Mexican,473ml,473,19.01,Lager
Bière Extra-Forte / Extra Strong Beer,8.99,Canada,4.2,Brasserie du Bas-Canada,8.6,IPA - Imperial / Double,473ml,473,19.01,IPA
Protostar IPA,8.99,United States,3.93,Equilibrium Brewery,6.0,IPA - American,473ml,473,19.01,IPA
Three Of Hearts (Lager – Winter),8.99,United States,3.85,Wayfinder Beer,5.1,Lager - Winter,473ml,473,19.01,Lager
Barrel-Aged Narwahl Imperial Stout,8.99,United States,4.18,Sierra Nevada Brewing Co.,11.9,Stout - Imperial / Double,473ml,473,19.01,Stout
Secret Secret (Lager – Tmavé),8.99,United States,3.95,Wayfinder Beer,5.2,Lager - Tmavé (Czech Dark),473ml,473,19.01,Lager
Sunshine Daydream,8.99,United States,4.0,Mill 77 Brewing,7.0,IPA - New England / Hazy,473ml,473,19.01,IPA
Forever Simcoe,8.99,United States,4.26,Other Half Brewing Co.,8.5,IPA - Imperial / Double New England / Hazy,473ml,473,19.01,IPA
India Pale Whale,8.99,United States,3.81,Harland Brewing Company,6.5,IPA - American,Can 473ml,473,19.01,IPA
Kawaii,8.99,United States,4.06,Phase Three Brewing,7.7,IPA - Imperial / Double New England / Hazy,473ml,473,19.01,IPA
Baby Ghost,8.99,United States,4.1,Parish Brewing Co.,5.5,IPA - New England / Hazy,473ml,473,19.01,IPA
Imperial Maine Event,8.99,United States,4.1,Magnify Brewing Company,8.0,IPA - Imperial / Double,473ml,473,19.01,IPA
35 Miles NE,8.99,United States,3.81,Claremont Craft Ales,7.0,IPA - New England / Hazy,473ml,473,19.01,IPA
A Nightmare On Haze Street,8.99,United States,3.83,Beer Zombies Brewing Co.,8.6,IPA - Imperial / Double New England / Hazy,473ml,473,19.01,IPA
Pepper & Peaches,8.99,United States,3.74,Claremont Craft Ales,6.7,IPA - American,473ml,473,19.01,IPA
Claremont IPA,8.99,United States,3.75,Claremont Craft Ales,6.7,IPA - American,473ml,473,19.01,IPA
Zombie Mania,8.99,United States,4.02,Beer Zombies Brewing Co.,10.5,IPA - Triple New England / Hazy,473ml,473,19.01,IPA
Breaking Bud,8.99,United States,3.89,Knee Deep Brewing Company,6.5,IPA - American,473ml,473,19.01,IPA
Broken Record,8.99,United States,3.72,Embolden Beer Company,6.8,IPA - American,473ml,473,19.01,IPA
Double Cashmere Daydream,8.99,United States,4.14,Other Half Brewing Co.,8.5,IPA - Imperial / Double New England / Hazy,473ml,473,19.01,IPA
Pillow Talk,8.99,United States,3.98,Magnify Brewing Company,7.0,IPA - American,473ml,473,19.01,IPA
Suzanne,8.99,United States,3.91,The Drowned Lands Brewery,6.5,IPA - American,473ml,473,19.01,IPA
DDH It's A Unicorn Thing,8.99,United States,4.21,WeldWerks Brewing Co.,8.5,IPA - Imperial / Double New England / Hazy,473ml,473,19.01,IPA
Isabelle,8.99,United States,3.88,The Drowned Lands Brewery,5.5,Pale Ale - American,473ml,473,19.01,Pale Ale
Annihilation (GHOST: ANNIHILATION),8.99,United States,4.15,Adroit Theory,7.5,IPA - Imperial / Double New England / Hazy,473ml,473,19.01,IPA
Dead + Gone (Ghost DEAD + GONE),8.99,United States,4.15,Adroit Theory,10.0,IPA - Triple New England / Hazy,473ml,473,19.01,IPA
Oude Kriek,14.26,Belgium,4.18,Brouwerij 3 Fonteinen,6.0,Lambic - Kriek,Bottle 750ml,750,19.01,Lambic
Tilquin Oude Mourvèdre,14.26,Belgium,4.21,Gueuzerie Tilquin,7.7,Lambic - Fruit,Bottle 750ml,750,19.01,Lambic
Abigail (chapitre 12),8.99,Canada,3.91,Brasserie Sir John Brewing Co.,5.2,Pale Ale - American,473ml,473,19.01,Pale Ale
Double Dry Hopped All Riwaka Everything,8.99,United States,4.22,Other Half Brewing Co.,8.5,IPA - Imperial / Double,473ml,473,19.01,IPA
Motueka + Galaxy,8.99,United States,4.28,Other Half Brewing Co.,8.5,IPA - Imperial / Double New England / Hazy,473ml,473,19.01,IPA
Hazy IPA,8.99,United States,3.83,Harland Brewing Company,6.5,IPA - New England / Hazy,Can 473ml,473,19.01,IPA
Tilquin Oude Syrah à l'Ancienne,14.26,Belgium,4.18,Gueuzerie Tilquin,8.0,Lambic - Fruit,Bottle 750ml,750,19.01,Lambic
Evil Haze,8.99,United States,4.06,Beer Zombies Brewing Co.,9.67,IPA - Imperial / Double New England / Hazy,473ml,473,19.01,IPA
Goo Goo Muck,8.99,United States,3.83,Fall Brewing Company,6.4,IPA - New England / Hazy,473ml,473,19.01,IPA
Double Vanilla Mind Over Matter,8.99,United States,3.88,Magnify Brewing Company,8.0,Stout - Imperial / Double Milk,473ml,473,19.01,Stout
Skelehawk (2024),8.99,United States,4.18,Parish Brewing Co.,8.0,IPA - Imperial / Double New England / Hazy,473ml,473,19.01,IPA
Sow & Gather,8.99,United States,4.06,The Drowned Lands Brewery,6.5,IPA - New England / Hazy,473ml,473,19.01,IPA
Peach Sournova,8.99,United States,3.88,Almanac Beer Company,5.8,Sour - Fruited,473ml,473,19.01,Sour
Right Place,8.99,United States,3.97,Tree House Brewing Company,4.8,Pilsner - Czech / Bohemian,473ml,473,19.01,Pilsner
"Yesterday, Today and Tomorrow",8.99,United States,4.16,Finback Brewery,8.5,IPA - Imperial / Double New England / Hazy,473ml,473,19.01,IPA
Double Citra Daydream,8.99,United States,4.43,Other Half Brewing Co.,8.5,IPA - Imperial / Double New England / Hazy,473ml,473,19.01,IPA
Erstwhile,8.99,United States,3.8,Hudson Valley Brewery,4.0,Mild - Dark,473ml,473,19.01,Mild
Green Diamonds,8.99,United States,4.18,Other Half Brewing Co.,8.5,IPA - Imperial / Double New England / Hazy,473ml,473,19.01,IPA
Midday Snack (Freakshake),9.0,United States,4.2,Abomination Brewing Company,7.7,Stout - Pastry,473ml,473,19.03,Stout
Cerberus,9.0,United States,4.17,District 96 Beer Factory,8.6,IPA - Imperial / Double New England / Hazy,473ml,473,19.03,IPA
Commonwealth A Tribe Called Zest,9.0,United States,3.91,Commonwealth Brewing Company,6.5,IPA - Sour,Can 473ml,473,19.03,IPA
Anatomic Palace,9.0,United States,4.23,Celestial Beerworks,10.0,IPA - Triple New England / Hazy,473ml,473,19.03,IPA
Simulation,9.0,United States,4.08,Spyglass Brewing Company,7.0,IPA - New England / Hazy,473ml,473,19.03,IPA
Naturaleza Viva #1,9.0,Argentina,3.94,Strange Brewing,7.0,Sour - Other,473ml,473,19.03,Sour
Never Too Latte,6.29,Romania,4.15,Hop Hooligans,12.0,Stout - Imperial / Double Pastry,330ml,330,19.06,Stout
Pastry Chef: Peanut Butter Cup,6.29,Poland,3.99,Funky Fluid,11.0,Stout - Imperial / Double Pastry,330ml,330,19.06,Stout
Gonic Proper,6.29,United States,3.75,Back Hill Beer Company,5.5,Lager - American,330ml,330,19.06,Lager
Piège à Renard à Ours,6.29,Canada,4.04,Brasserie Sir John Brewing Co.,6.0,IPA - American,330ml,330,19.06,IPA
Phat Boi,6.29,Hungary,4.04,Mad Scientist,11.5,Stout - Imperial / Double,330ml,330,19.06,Stout
Sticke Alt,6.29,Canada,3.57,LTM - Les Trois Mousquetaires,6.0,Altbier - Sticke,330ml,330,19.06,Altbier
Omnipollos Hamburg,6.29,Sweden,3.5,Omnipollo,6.0,Wheat Beer - American Pale Wheat,330ml,330,19.06,Wheat Beer
Aun Mas a Jesus,6.29,United States,4.1,Evil Twin Brewing,12.0,Stout - Imperial / Double,Can 330ml,330,19.06,Stout
Hop Hooligans / Crossline - Horns,9.53,Romania,3.95,Hop Hooligans,11.0,Stout - Imperial / Double,Can 500ml,500,19.06,Stout
Santa Muerte 2024 Mexican Cake Imperial Stout,6.29,Germany,4.01,Schwarze Rose,10.0,Stout - Imperial / Double,330ml,330,19.06,Stout
We've Got You Coverd,6.29,Netherlands,3.81,Klere Boght,11.0,Porter - Imperial / Double Baltic,330ml,330,19.06,Porter
Pickering Pils,6.29,United States,3.72,Back Hill Beer Company,5.5,Pilsner - Other,330ml,330,19.06,Pilsner
Watergeus Oaked Aged Sour Ale,7.15,Netherlands,3.78,Vandenbroek,6.2,Lambic - Gueuze,Bottle 375ml,375,19.07,Lambic
Blueberry Blaster,8.39,Sweden,3.77,Fermenterarna,8.0,Sour - Fruited,Can 440ml,440,19.07,Sour
Swedish Lollipop Extra Edition,8.39,Sweden,3.9,Fermenterarna,8.0,Sour - Fruited,Can 440ml,440,19.07,Sour
Under the Same Sky,8.39,England,4.2,Verdant Brewing Co,8.4,IPA - Imperial / Double New England / Hazy,Can 440ml,440,19.07,IPA
Don Promillo,6.3,Netherlands,3.75,Van Moll,11.5,Wheat Beer - Wheat Wine,Bottle 330ml,330,19.09,Wheat Beer
Fuerst Wiacek x Cloudwater Boombox,8.4,Germany,4.2,FUERST WIACEK,8.0,IPA - Imperial / Double New England / Hazy,Can 440ml,440,19.09,IPA
Dürum,6.3,Netherlands,3.27,vandeStreek bier,9.9,Bock - Weizenbock,330ml,330,19.09,Bock
Spontanée Pamplemousse,6.3,France,4.04,Brasserie Iron,7.0,Wild Ale - Other,330ml,330,19.09,Wild Ale
Vintermost I Permafrost DIPA x SKØL Brygkompagni,8.4,Denmark,3.89,Ølsnedkeren,8.0,IPA - Imperial / Double,Can 440ml,440,19.09,IPA
Boskeun 2023,6.3,Belgium,3.69,Brouwerij De Dolle Brouwers,9.0,Belgian Strong Golden Ale,330ml,330,19.09,Belgian Strong Golden Ale
Orbit,8.4,England,4.11,Track Brewing Company,7.0,IPA - New England / Hazy,Can 440ml,440,19.09,IPA
The Kernel Export Stout | Sour Cherry,6.3,England,3.75,The Kernel Brewery,7.4,Stout - Foreign / Export,Bottle 330ml,330,19.09,Stout
Vampire Denture,8.4,Germany,4.03,Sudden Death Brewing Co.,7.1,IPA - New England / Hazy,Can 440ml,440,19.09,IPA
Notes,8.4,England,4.18,Track Brewing Company,7.2,IPA - New England / Hazy,Can 440ml,440,19.09,IPA
Shake Smores,8.4,Scotland,4.04,Vault City Brewing,6.2,Sour - Smoothie / Pastry,Can 440ml,440,19.09,Sour
Transatlantic Krush,8.4,England,4.0,Wylam,6.4,IPA - New England / Hazy,Can 440ml,440,19.09,IPA
We Are All Puppets,8.4,Italy,3.7,Birrificio Wild Raccoon,6.3,IPA - Rye,Can 440ml,440,19.09,IPA
Arpus TDH Mosaic Citra DIPA,8.4,Latvia,3.97,Ārpus Brewing Co.,8.0,IPA - Imperial / Double New England / Hazy,Can 440ml,440,19.09,IPA
Northern Monk x Amundsen x Overtone Patrons Project 43.03 Great Northern Grub Trifle Ale,8.4,England,3.63,Northern Monk,6.0,Pale Ale - Fruited,Can 440ml,440,19.09,Pale Ale
Kalkkaro,8.4,Finland,3.34,Panimoyhtiö Tuju,5.5,Lager - American,Can 440ml,440,19.09,Lager
Space Is The Place,6.3,Netherlands,3.54,Van Moll,6.7,Sour - Other,330ml,330,19.09,Sour
Bonsecours Noel,6.3,Belgium,3.48,Brasserie Caulier,9.0,Winter Ale,330ml,330,19.09,Winter Ale
Blue Life,8.4,Spain,3.86,Garage Beer Co.,6.5,IPA - New England / Hazy,Can 440ml,440,19.09,IPA
Cosmic Wonder Bird Pastry Stout with Peanut Butter and Coconut,8.4,Netherlands,4.09,Moersleutel Craft Brewery,12.0,Stout - Imperial / Double Pastry,Can 440ml,440,19.09,Stout
Bonito Del Norte IPA x Cloudwater,8.4,Spain,3.96,Basqueland Brewing,6.4,IPA - New England / Hazy,Can 440ml,440,19.09,IPA
Tartarus  - Atropos... Belgian Quadruple,8.4,England,3.92,Tartarus Beers,10.0,Belgian Quadrupel,Can 440ml,440,19.09,Belgian Quadrupel
Eruption,6.3,Spain,3.63,Menno Olivier Brewing,9.7,IPA - Triple,330ml,330,19.09,IPA
Falda,6.3,Spain,3.93,Menno Olivier Brewing,10.0,Stout - Imperial / Double,330ml,330,19.09,Stout
Audrey's Dance,8.4,England,3.76,Pastore Brewing and Blending,5.0,Sour - Smoothie / Pastry,Can 440ml,440,19.09,Sour
DDH Oh...,9.03,United States,4.2,Other Half Brewing Co.,6.0,IPA - New England / Hazy,473ml,473,19.09,IPA
Potion #21,6.3,Poland,3.8,Brokreacja,16.5,Stout - Imperial / Double Pastry,330ml,330,19.09,Stout
Arpus TDH Citra Mosaic Simcoe & Vic Secret DIPA,8.4,Latvia,3.96,Ārpus Brewing Co.,8.0,IPA - Imperial / Double New England / Hazy,Can 440ml,440,19.09,IPA
Pioneers & Explorers,8.4,Sweden,4.34,Elmeleven,5.0,Sour - Smoothie / Pastry,Can 440ml,440,19.09,Sour
Banana Split,8.4,England,3.8,Pastore Brewing and Blending,6.0,Sour - Smoothie / Pastry,Can 440ml,440,19.09,Sour
Fuerst Wiacek Whirly Brain,8.4,Germany,3.94,FUERST WIACEK,8.0,IPA - Imperial / Double,Can 440ml,440,19.09,IPA
Polly's (x North) - Parallel Lines - - DIPA,8.4,England,4.14,North Brewing Co./ Polly's Brew Co.,8.1,IPA - Imperial / Double,Can 440ml,440,19.09,IPA
Saison 9.4,6.3,Spain,3.82,Menno Olivier Brewing,9.4,Farmhouse Ale - Saison,330ml,330,19.09,Farmhouse Ale
Mexicake Firefighter Imperial Stout,8.4,Netherlands,3.97,Moersleutel Craft Brewery,12.0,Stout - Russian Imperial,Can 440ml,440,19.09,Stout
State Of Kind x Gravity Well Interstellar,8.4,England,4.14,State Of Kind Brew Co.,5.7,IPA - American,Can 440ml,440,19.09,IPA
Beluga Barrel-aged - Ruadh Moar,6.3,Netherlands,4.01,De Kromme Haring,11.0,Stout - Russian Imperial,330ml,330,19.09,Stout
No Fuzz Nelson IPA,8.4,Denmark,3.83,Bad Seed Brewing,7.0,IPA - American,Can 440ml,440,19.09,IPA
Trapped In Amber (Rye Wine),6.3,Netherlands,3.94,Van Moll,10.5,Rye Wine,330ml,330,19.09,Rye Wine
Wishful Escapism Double IPA,8.4,Denmark,3.86,Stepping Stone Brewing Company,8.6,IPA - Imperial / Double,Can 440ml,440,19.09,IPA
Aspiring Beam of Light,8.4,Germany,3.94,Sudden Death Brewing Co.,5.0,Sour - Fruited,Can 440ml,440,19.09,Sour
Quantum Kitty: Blackberry,8.4,Germany,4.14,Sudden Death Brewing Co.,5.5,Sour - Fruited,Can 440ml,440,19.09,Sour
Big Doink,8.4,Denmark,4.01,Gamma Brewing Company,8.0,IPA - Imperial / Double New England / Hazy,Can 440ml,440,19.09,IPA
Inner Core,8.4,England,4.07,Gravity Well Brewing Co,8.0,IPA - Imperial / Double New England / Hazy,Can 440ml,440,19.09,IPA
Outer Core,8.4,England,4.14,Gravity Well Brewing Co,8.0,IPA - Imperial / Double New England / Hazy,Can 440ml,440,19.09,IPA
Retrograde IPA,8.4,Sweden,4.04,Apex Brewing Company,6.5,IPA - New England / Hazy,Can 440ml,440,19.09,IPA
Coffee Coal 1,6.3,France,4.08,Brasserie Iron/ Experimental Brewery,9.4,Stout - Coffee,330ml,330,19.09,Stout
Northern Monk x Põhjala x Neon Raptor x Resident Culture Dark & Wild 2024,8.4,England,3.77,Northern Monk,8.4,Stout - Milk / Sweet,Can 440ml,440,19.09,Stout
Cuvee Noel St. Feuillien,6.3,Belgium,3.48,Brasserie St-Feuillien,9.0,Winter Ale,330ml,330,19.09,Winter Ale
Block Tovarisch 2.0,6.3,Spain,4.09,Laugar Brewery,13.0,Stout - Russian Imperial,330ml,330,19.09,Stout
Sur les Rouges Collines,6.3,France,3.9,Fauve,6.5,Sour - Smoothie / Pastry,330ml,330,19.09,Sour
Taureau Blond Bourbon Cognac Barrel Aged,6.3,Belgium,3.9,Brouwerij Vandijck,13.9,Belgian Strong Golden Ale,330ml,330,19.09,Belgian Strong Golden Ale
Explore Volcano,6.3,Poland,4.0,Browar Stu Mostów,9.5,Stout - Imperial / Double Pastry,Bottle 330ml,330,19.09,Stout
Sima x Hoptails SimplePoint!,6.3,Hungary,3.95,HopTails Brewery,7.0,Sour - Fruited,330ml,330,19.09,Sour
I Didn't Ask For A Monster,8.4,England,4.05,Staggeringly Good,6.8,Sour - Smoothie / Pastry,Can 440ml,440,19.09,Sour
Calvados Edition 2024 Barrel Aged Barley Wine,6.3,Netherlands,4.1,Brouwerij de Molen,13.7,Barleywine - English,330ml,330,19.09,Barleywine
Yard Sale,8.4,England,4.08,Drop Project,8.0,IPA - Imperial / Double,Can 440ml,440,19.09,IPA
Calvados Edition 2024 Barrel Aged Quadrupel,6.3,Netherlands,4.1,Brouwerij de Molen,13.7,Barleywine - English,330ml,330,19.09,Barleywine
Firebox IPA,8.4,Norway,3.82,Salikatt Bryggeri,6.0,IPA - American,Can 440ml,440,19.09,IPA
Tilquin Gueuze 2021-2022,7.17,Belgium,4.06,Gueuzerie Tilquin,7.0,Lambic - Gueuze,Bottle 375ml,375,19.12,Lambic
Black Wax Staves,6.31,Romania,3.95,Wicked Barrel,10.5,Stout - Imperial / Double,330ml,330,19.12,Stout
Boerenerf Gueuze 2023-2,7.17,Belgium,4.11,Het Boerenerf Eylenbosch,7.0,Lambic - Gueuze,Bottle 375ml,375,19.12,Lambic
Below Sea Level,9.05,United States,4.24,Vitamin Sea Brewing,8.0,IPA - Imperial / Double New England / Hazy,473ml,473,19.13,IPA
Axes And Ducks,9.05,United States,4.23,Vitamin Sea Brewing,8.0,IPA - Imperial / Double New England / Hazy,473ml,473,19.13,IPA
Sour Crusher - Pink Guava,6.79,United States,4.01,Skygazer Brewing Company,5.0,Sour - Fruited,355ml,355,19.13,Sour
Sour Crusher - Mango,6.79,United States,3.98,Skygazer Brewing Company,5.0,Sour - Fruited,355ml,355,19.13,Sour
"La Vie, L'Amour, La Mort",8.99,Canada,4.15,Messorem,4.5,Pale Ale - New England / Hazy,Can 470ml,470,19.13,Pale Ale
SLUSHY XL Slang Du Slushy,8.99,United States,4.11,450 North Brewing Company,5.3,Sour - Fruited,Can 470ml,470,19.13,Sour
"Ça C'est Pas Nous, C'est Eux",8.99,Canada,3.96,Messorem,7.0,IPA - American,Can 470ml,470,19.13,IPA
Animal Face : Raccoon,8.99,Canada,4.13,Messorem,6.0,Sour - Smoothie / Pastry,Can 470ml,470,19.13,Sour
Jelly King - Strawberry Rhubarb,9.57,Canada,4.11,Bellwoods Brewery,5.6,Sour - Fruited,500ml,500,19.14,Sour
Satin Solitude Stout,6.8,United States,3.8,Central Waters Brewing Company,7.5,Stout - Imperial / Double,355ml,355,19.15,Stout
Cassis,7.18,Belgium,3.78,Hanssens Artisanaal,6.0,Lambic - Fruit,Bottle 375ml,375,19.15,Lambic
Dark Apparition,6.8,United States,4.1,Jackie O's Brewery,10.5,Stout - Russian Imperial,355ml,355,19.15,Stout
Oude Geuze 20/21 Assemblage n°30,7.19,Belgium,4.24,Brouwerij 3 Fonteinen,7.3,Lambic - Gueuze,Bottle 375ml,375,19.17,Lambic
Pastore Wild Waterbeach Weisse Batch 4,7.2,England,3.81,Pastore Brewing and Blending,3.8,Sour - Berliner Weisse,Bottle 375ml,375,19.2,Sour
"GROSSE COUPURE - 37,5cl",7.2,France,4.07,Brasserie La Malpolon,11.2,Belgian Strong Dark Ale,Bottle 375ml,375,19.2,Belgian Strong Dark Ale
"Zubiete - 37,5cl",7.2,Spain,3.9,Wild Nation,5.9,Wild Ale - Other,Bottle 375ml,375,19.2,Wild Ale
"Sandamendi - 37,5cl",7.2,Spain,3.95,Wild Nation,5.3,Wild Ale - Other,Bottle 375ml,375,19.2,Wild Ale
Immortelle,14.4,France,3.97,La Montagnarde Sauvage,5.2,Sour - Berliner Weisse,Bottle 750ml,750,19.2,Sour
Creep Show,9.6,England,4.21,Rivington Brewing Co,8.0,IPA - Imperial / Double New England / Hazy,Can 500ml,500,19.2,IPA
Oude Cider - Oogst 2022 • 375ml,7.2,Belgium,3.88,Het Boerenerf Eylenbosch,6.0,Cider - Dry,Bottle 375ml,375,19.2,Cider
Sonnen Hill - Apple Beer - Saison w/ Apples,14.4,Canada,3.84,Sonnen Hill Brewing,4.8,Farmhouse Ale - Other,Bottle 750ml,750,19.2,Farmhouse Ale
HORAL&apos;s Oude Geuze Mega Blend (2021),14.4,Belgium,4.07,Brewery John Martin & Brewery Timmermans/ Brouwerij Boon/ Brouwerij De Troch/ Brouwerij Lindemans/ + 4 breweries,7.0,Lambic - Gueuze,Bottle 750ml,750,19.2,Lambic
Nachtvorstin,9.6,Netherlands,,Elegast Cidery,17.5,Cider - Ice,500ml,500,19.2,Cider
Nachtvorst,9.6,Netherlands,,Elegast Cidery,17.5,Cider - Ice,500ml,500,19.2,Cider
Cuvee Renee Oude Geuze,7.2,Belgium,3.73,Brouwerij Lindemans,5.0,Lambic - Gueuze,Bottle 375ml,375,19.2,Lambic
Fluke,7.2,Netherlands,3.63,De Kromme Haring,10.5,Old / Stock Ale,Bottle 375ml,375,19.2,Old / Stock Ale
Bois Joli,14.4,France,4.17,La Montagnarde Sauvage,6.2,Farmhouse Ale - Other,Bottle 750ml,750,19.2,Farmhouse Ale
"Gueuze 2023 0,375L",7.2,Belgium,4.18,Brasserie Cantillon,5.5,Lambic - Gueuze,Bottle 375ml,375,19.2,Lambic
Son of a Gun (BBF: 06-02-24),8.45,Norway,4.26,Salikatt Bryggeri,12.0,IPA - Quadruple,Can 440ml,440,19.2,IPA
Black Veil – Imperial Stout,8.45,Germany,3.86,FrauGruber Brewing,10.2,Stout - Imperial / Double Coffee,Can 440ml,440,19.2,Stout
Erynies,14.41,France,4.08,Brasserie La Malpolon,6.0,Grape Ale - Other,Bottle 750ml,750,19.21,Grape Ale
Grappe Rouges 2023,14.41,France,3.89,Brasserie La Malpolon,6.0,Grape Ale - Other,Bottle 750ml,750,19.21,Grape Ale
Grappe Blancs 2023,14.41,France,4.13,Brasserie La Malpolon,7.0,Grape Ale - Other,Bottle 750ml,750,19.21,Grape Ale
Côtes d'Armor,6.34,Germany,4.04,Kehrwieder Kreativbrauerei,11.0,Stout - Imperial / Double,330ml,330,19.21,Stout
Tilquin Oude Roussanne à l'Ancienne,14.41,Belgium,4.2,Gueuzerie Tilquin,8.0,Lambic - Fruit,Bottle 750ml,750,19.21,Lambic
Saison du Chai 2022,14.41,France,4.1,Brasserie La Malpolon,6.7,Farmhouse Ale - Saison,Bottle 750ml,750,19.21,Farmhouse Ale
Hop & Stave,7.21,Italy,3.96,Siemàn,5.7,Wild Ale - American,Bottle 375ml,375,19.23,Wild Ale
Black Damnation 03 Black Mess Vintage 2018 Caol Ila Barrel Aged Imperial Stout,6.35,Netherlands,4.07,Brouwerij de Molen/ De Struise Brouwers,13.0,Stout - Russian Imperial,330ml,330,19.24,Stout
Babylon,9.1,United States,4.25,Hudson Valley Brewery,7.0,IPA - Sour,473ml,473,19.24,IPA
Samba,14.43,Italy,3.96,Siemàn,6.2,Wild Ale - Other,Bottle 750ml,750,19.24,Wild Ale
Black Block Palo Cortado 2021,6.35,Spain,3.85,La Pirata Brewing,13.0,Stout - Imperial / Double,330ml,330,19.24,Stout
Amulet,9.1,United States,4.27,Hudson Valley Brewery,7.0,IPA - Sour,473ml,473,19.24,IPA
Mr Blue Sky – Barrel Aged Cider,14.45,Belgium,3.54,De Mederie - Ciders,7.5,Cider - Other Fruit,Bottle 750ml,750,19.27,Cider
Smokey Island,6.36,Belgium,3.37,Brouwerij Alvinne,8.0,Sour - Fruited,330ml,330,19.27,Sour
Cidre Cassis,14.45,Switzerland,3.92,À tue-tête,7.7,Cider - Other Fruit,Bottle 750ml,750,19.27,Cider
"The Saviour of the Broken, the Beaten, And the Damned",8.48,England,4.15,Low Key Barrel Project,11.0,Stout - Imperial / Double Pastry,Can 440ml,440,19.27,Stout
Boerenerf Cannoneau,14.46,Belgium,3.97,Het Boerenerf Eylenbosch,7.0,Cider - Other Fruit,Bottle 750ml,750,19.28,Cider
Laugar Wild Nation Sandamendi,7.23,Spain,3.95,Wild Nation,5.3,Wild Ale - Other,Bottle 375ml,375,19.28,Wild Ale
Boerenerf Rabarber,14.46,Belgium,4.13,Het Boerenerf Eylenbosch,5.28,Lambic - Fruit,Bottle 750ml,750,19.28,Lambic
Boerenerf Roodneus,14.46,Belgium,4.11,Het Boerenerf Eylenbosch,7.0,Lambic - Fruit,Bottle 750ml,750,19.28,Lambic
Boerenerf Mirabelle,14.46,Belgium,4.09,Het Boerenerf Eylenbosch,7.11,Lambic - Fruit,Bottle 750ml,750,19.28,Lambic
Boerenerf Royal,14.46,Belgium,4.01,Het Boerenerf Eylenbosch,8.0,Lambic - Other,Bottle 750ml,750,19.28,Lambic
Boerenerf Symbiose,14.46,Belgium,4.13,Het Boerenerf Eylenbosch,7.0,Cider - Graff,Bottle 750ml,750,19.28,Cider
Boerenerf Pescharina Perzik,14.46,Belgium,4.18,Het Boerenerf Eylenbosch,7.0,Lambic - Fruit,Bottle 750ml,750,19.28,Lambic
Boerenerf Kwee Quince,14.46,Belgium,4.1,Het Boerenerf Eylenbosch,7.0,Lambic - Fruit,Bottle 750ml,750,19.28,Lambic
Laugar Wild Nation Zubiete,7.23,Spain,3.9,Wild Nation,5.9,Wild Ale - Other,Bottle 375ml,375,19.28,Wild Ale
Tilquin Oude Viognier,14.46,Belgium,4.2,Gueuzerie Tilquin,8.0,Lambic - Fruit,Bottle 750ml,750,19.28,Lambic
Synchronous,8.49,United States,4.1,Equilibrium Brewery,8.5,IPA - Imperial / Double,Can 440ml,440,19.3,IPA
All Sure Things,8.49,Wales,4.15,Polly's Brew Co.,10.0,IPA - Triple New England / Hazy,Can 440ml,440,19.3,IPA
Tropicália,8.49,United States,4.03,Creature Comforts Brewing Company,6.6,IPA - American,Can 440ml,440,19.3,IPA
Technically Art / Eighth State,8.49,United States,3.97,Creature Comforts Brewing Company,6.8,IPA - New England / Hazy,Can 440ml,440,19.3,IPA
18 Decillion / Omnipollo,8.49,United States,4.11,Equilibrium Brewery,8.5,IPA - Imperial / Double,Can 440ml,440,19.3,IPA
Pioneers & Explorers (PULP),8.49,Sweden,4.34,Elmeleven,5.0,Sour - Smoothie / Pastry,Can 440ml,440,19.3,Sour
Royal Cookie: Black Forest Cake,9.65,Poland,3.96,Funky Fluid,11.0,Stout - Imperial / Double Pastry,500ml,500,19.3,Stout
Imperial Sour Apricot Goyave Passion,8.49,France,4.09,Brasserie Cambier,8.0,Sour - Fruited,Can 440ml,440,19.3,Sour
Vermont Triple IPA,8.49,France,4.05,Brasserie Cambier,9.5,IPA - Triple,Can 440ml,440,19.3,IPA
Purple Rain Triple Fruited Gose,8.49,France,3.91,La Superbe,6.0,Sour - Fruited Gose,Can 440ml,440,19.3,Sour
Bedlam,8.49,Finland,4.19,Revenant Brewing Project,10.0,IPA - Triple New England / Hazy,Can 440ml,440,19.3,IPA
Beneath The Seas,8.5,England,4.03,Burnt Mill Brewery,6.5,Stout - Foreign / Export,Can 440ml,440,19.32,Stout
Goddess Of Magic,8.5,Greece,4.18,Seven Island Brewery,11.0,Stout - Imperial / Double Coffee,Can 440ml,440,19.32,Stout
Oude Kriek Jart-Elle 01/2020,14.49,Belgium,3.93,Lambiek Fabriek,6.0,Lambic - Kriek,Bottle 750ml,750,19.32,Lambic
Gus Knows,8.5,England,4.1,Verdant Brewing Co,6.5,IPA - New England / Hazy,Can 440ml,440,19.32,IPA
Lychee Berry Coconut,8.5,Scotland,3.8,Vault City Brewing,5.6,Sour - Fruited,Can 440ml,440,19.32,Sour
5è Aniversari,8.5,Spain,4.14,DOSKIWIS BREWING,6.5,IPA - New England / Hazy,Can 440ml,440,19.32,IPA
Hyper Fine (Mortalis collab),8.5,Spain,4.16,Garage Beer Co.,6.0,Sour - Fruited Berliner Weisse,Can 440ml,440,19.32,Sour
Oude Kriek Jart-Elle 03/2020,14.49,Belgium,3.93,Lambiek Fabriek,6.0,Lambic - Kriek,Bottle 750ml,750,19.32,Lambic
Back Already?,8.5,Sweden,3.95,Stigbergets Bryggeri,12.0,Stout - Imperial / Double Milk,Can 440ml,440,19.32,Stout
Lifebloom,8.5,Portugal,4.19,Ophiussa Brewing Co.,5.0,Sour - Smoothie / Pastry,Can 440ml,440,19.32,Sour
Rosa,8.5,Portugal,4.13,Ophiussa Brewing Co.,5.0,Sour - Smoothie / Pastry,Can 440ml,440,19.32,Sour
Kees / Floem Summer In Paradise,8.5,Netherlands,3.7,Brouwerij Kees,7.5,IPA - Imperial / Double,Can 440ml,440,19.32,IPA
"Stoopid | Passion Fruit, Mango & Banana",8.5,Scotland,4.19,Vault City Brewing,6.9,Sour - Smoothie / Pastry,Can 440ml,440,19.32,Sour
Brew Fallow Plans,8.5,Wales,4.16,Polly's Brew Co.,8.2,IPA - Imperial / Double,Can 440ml,440,19.32,IPA
Natur-Elle 03/2020,14.49,Belgium,4.0,Lambiek Fabriek,6.2,Lambic - Gueuze,Bottle 750ml,750,19.32,Lambic
Purper,8.5,Netherlands,3.28,Nevel Wild Ales,4.0,Porter - English,Can 440ml,440,19.32,Porter
"The Saviour of the Broken, the Beaten and the Damned",8.5,England,4.15,Low Key Barrel Project,11.0,Stout - Imperial / Double Pastry,Can 440ml,440,19.32,Stout
WILL IT FLOAT #8,8.5,Netherlands,4.18,White Dog Brewery,6.0,Sour - Smoothie / Pastry,Can 440ml,440,19.32,Sour
Star People (PULP),8.5,Sweden,4.22,Elmeleven,5.0,Sour - Smoothie / Pastry,Can 440ml,440,19.32,Sour
De Moersleutel Extravagant Vanilla Variety Stout,8.5,Netherlands,4.26,Moersleutel Craft Brewery,12.0,Stout - Russian Imperial,Can 440ml,440,19.32,Stout
Quetsch Watergeus (4/2023),14.49,Netherlands,,Vandenbroek,5.8,Lambic - Fruit,Bottle 750ml,750,19.32,Lambic
Billy's Hop,8.5,Germany,3.82,BrewHeart,8.0,IPA - Imperial / Double New England / Hazy,Can 440ml,440,19.32,IPA
Watergeus Peach + Plum (5/2023),14.49,Netherlands,4.12,Vandenbroek,5.8,Lambic - Fruit,Bottle 750ml,750,19.32,Lambic
Arpus Brewing Co / Saint Errant - TDH Nelson x Mosaic,8.5,Latvia,3.99,Ārpus Brewing Co.,6.5,IPA - New England / Hazy,Can 440ml,440,19.32,IPA
Juicemaster 3000,8.5,France,4.27,Mogwaï Beer Company,4.5,Sour - Smoothie / Pastry,Can 440ml,440,19.32,Sour
Imperial End Of Days,14.49,United States,3.96,Pipeworks Brewing Company,10.5,Stout - Imperial / Double Milk,Bottle 750ml,750,19.32,Stout
Black-Belle 06/2020,14.49,Belgium,4.04,Lambiek Fabriek,7.0,Lambic - Fruit,Bottle 750ml,750,19.32,Lambic
Oude Geuze Bord-Elle 02/2021 (BXL Beerfest 2021),14.49,Belgium,4.03,Lambiek Fabriek,10.5,Lambic - Gueuze,Bottle 750ml,750,19.32,Lambic
Track / Cloudwater - Glacia,8.5,England,3.96,Track Brewing Company,7.2,IPA - American,Can 440ml,440,19.32,IPA
Maze Whole Cone Pale Ale,8.5,Sweden,3.54,Omnipollo,5.6,Pale Ale - American,Can 440ml,440,19.32,Pale Ale
140 Years,8.5,Switzerland,4.25,Hoppy People,10.0,IPA - Triple New England / Hazy,Can 440ml,440,19.32,IPA
Prognosticator,8.5,United States,3.91,Grimm Artisanal Ales,7.5,Bock - Doppelbock,Can 440ml,440,19.32,Bock
Broccoli,8.5,United States,4.26,Other Half Brewing Co.,7.9,IPA - Imperial / Double,Can 440ml,440,19.32,IPA
All Citra Everything,8.5,United States,4.36,Other Half Brewing Co.,8.5,IPA - Imperial / Double New England / Hazy,Can 440ml,440,19.32,IPA
"Right Here, Right Now (collab Outer Range)",8.5,Switzerland,3.98,Hoppy People,8.0,IPA - Imperial / Double New England / Hazy,Can 440ml,440,19.32,IPA
Pluri-Elle 08/2020,14.49,Belgium,3.96,Lambiek Fabriek,6.2,Lambic - Fruit,Bottle 750ml,750,19.32,Lambic
Sakuya,14.5,France,4.1,Hoppy Road,7.0,Wild Ale - Other,Bottle 750ml,750,19.33,Wild Ale
Pêche Calvados 2022,14.5,France,4.0,Sacrilège,5.6,Sour - Fruited,Bottle 750ml,750,19.33,Sour
Grenats,14.5,France,3.94,Brasserie La Malpolon,7.3,Grape Ale - Other,Bottle 750ml,750,19.33,Grape Ale
Soif,14.5,Canada,3.97,Revel Cider Company,6.4,Cider - Other Fruit,Bottle 750ml,750,19.33,Cider
Cuvée Mistral,14.5,France,4.02,Sacrilège,8.0,Wild Ale - Other,Bottle 750ml,750,19.33,Wild Ale
Blackberry Spontan Blend,14.5,Denmark,4.02,Norbæk Gårdbryggeri,6.5,Wild Ale - Other,Bottle 750ml,750,19.33,Wild Ale
Baladin Noël Orange Cacao,14.5,Italy,3.73,BIRRIFICIO AGRICOLO BALADIN - Baladin Indipendente Italian Farm Brewery,8.5,Belgian Strong Dark Ale,Bottle 750ml,750,19.33,Belgian Strong Dark Ale
Speciale Kameraod American Pale Ale,14.5,Netherlands,3.59,Kameraod Brouwers,6.8,Pale Ale - American,Bottle 750ml,750,19.33,Pale Ale
Kestemont: Oude Kriek 2022,14.5,Belgium,3.78,Brouwerij Kestemont,5.5,Lambic - Kriek,Bottle 750ml,750,19.33,Lambic
Joie,14.5,United States,3.97,Westbrook Brewing Co.,7.0,Farmhouse Ale - Saison,Bottle 750ml,750,19.33,Farmhouse Ale
Piraat Rum,14.5,Poland,3.36,Profesja,10.5,Porter - Baltic,Bottle 750ml,750,19.33,Porter
Ambreus: Oude Geuze 2023,14.5,Belgium,4.0,Stekerij Ambreus,6.9,Lambic - Gueuze,Bottle 750ml,750,19.33,Lambic
Schar-Elle,14.5,Belgium,4.04,Lambiek Fabriek,6.2,Lambic - Kriek,Bottle 750ml,750,19.33,Lambic
Soleille,14.5,Belgium,3.84,Lambiek Fabriek,8.7,Lambic - Fruit,Bottle 750ml,750,19.33,Lambic
Bloc Party,7.25,Portugal,4.02,Fermentage,5.5,IPA - Sour,Bottle 375ml,375,19.33,IPA
Jubel,14.5,Netherlands,3.68,Nevel Wild Ales,5.7,Wild Ale - Other,Bottle 750ml,750,19.33,Wild Ale
Violet Drops,7.25,Portugal,3.88,Fermentage,4.0,Sour - Fruited,Bottle 375ml,375,19.33,Sour
Les étourneaux,14.5,France,3.75,La Franche,8.0,Grape Ale - Other,Bottle 750ml,750,19.33,Grape Ale
Brouillon,14.5,France,3.81,La Franche,7.0,Sour - Other,Bottle 750ml,750,19.33,Sour
Laisse tes mains sur mes... 2022,14.5,France,,La Franche,8.0,Grape Ale - Other,Bottle 750ml,750,19.33,Grape Ale
Red Currant Spontan Blend,14.5,Denmark,4.09,Norbæk Gårdbryggeri,6.5,Sour - Fruited,Bottle 750ml,750,19.33,Sour
Cuvée Pépins 2022,14.5,France,4.0,Sacrilège,6.2,Grape Ale - Other,Bottle 750ml,750,19.33,Grape Ale
Sauvignon Gris 2022,14.5,France,4.16,Brasserie Bouquier,4.7,Grape Ale - Italian,Bottle 750ml,750,19.33,Grape Ale
Clementine Crusher,7.25,Scotland,3.94,Holy Goat Brewing,6.2,Sour - Fruited,Bottle 375ml,375,19.33,Sour
Megablend 2022,14.5,Belgium,3.94,Brouwerij Boon,7.0,Lambic - Gueuze,Bottle 750ml,750,19.33,Lambic
Saison brett',14.5,France,3.61,La Franche,7.0,Farmhouse Ale - Saison,Bottle 750ml,750,19.33,Farmhouse Ale
Summer Gruit,14.5,Germany,3.91,Kemker Kultuur (Brauerei J. Kemker),6.0,Historical Beer - Gruit / Ancient Herbed Ale,Bottle 750ml,750,19.33,Historical Beer
Rhubarbe Magnum,29.0,France,3.97,La Brasserie du Mont Salève,4.2,Sour - Fruited,Bottle 1500ml,1500,19.33,Sour
Aka Shiso 2022,14.5,France,4.1,Brasserie Bouquier,4.7,Wild Ale - Other,Bottle 750ml,750,19.33,Wild Ale
Devillé Oude Geuze Magnum,29.01,Belgium,3.97,Den Herberg,6.7,Lambic - Gueuze,Bottle 1500ml,1500,19.34,Lambic
Tilquin Pinot Gris,14.51,Belgium,4.3,Gueuzerie Tilquin,8.4,Lambic - Fruit,Bottle 750ml,750,19.35,Lambic
Solstice d'Hiver Bourbon,6.6,Canada,4.13,Brasserie Dieu du Ciel!,10.2,Barleywine - American,Bottle 341ml,341,19.35,Barleywine
Midnight Harvest 2023,6.39,Spain,4.1,Laugar Brewery,10.0,Stout - Imperial / Double,330ml,330,19.36,Stout
Hop & Drop Pakket,6.39,Netherlands,3.61,Brouwerij Frontaal,7.5,Bock - Doppelbock,330ml,330,19.36,Bock
Eggens Imperial Stout Barrel Aged #BA23Q4-LAPHR,6.39,Netherlands,3.74,Eggens Craft Beer,10.0,Bock - Doppelbock,330ml,330,19.36,Bock
Laugar / La Pirata Block Tovarich 2.0,6.39,Spain,4.09,Laugar Brewery,12.0,Stout - Russian Imperial,330ml,330,19.36,Stout
Lidmašīnas,6.39,Netherlands,4.21,Frontaal x Arpus,10.5,Stout - Russian Imperial,330ml,330,19.36,Stout
5 Minute Window,8.52,Italy,3.81,Birrificio Wild Raccoon,7.0,IPA - American,Can 440ml,440,19.36,IPA
Transmountain Diversion,9.69,United States,4.3,WeldWerks Brewing Co.,8.7,IPA - Imperial / Double New England / Hazy,500ml,500,19.38,IPA
The Algorithm Pt.II,6.4,Netherlands,4.14,Uiltje Brewing Company,15.2,Stout - Imperial / Double,330ml,330,19.39,Stout
BA 23.02 Heaven Hill Bourbon,6.4,Netherlands,4.04,Baxbier,9.7,Stout - Imperial / Double Pastry,330ml,330,19.39,Stout
Stop ou Amphore 003 (33 cl),6.4,France,4.1,Nano Brasserie SPO,5.9,Farmhouse Ale - Other,330ml,330,19.39,Farmhouse Ale
BA 23.01 Jack Daniels,6.4,Netherlands,4.03,Baxbier,11.2,Stout - Imperial / Double Pastry,Can 330ml,330,19.39,Stout
Voici le Printemps,6.4,France,4.1,Fauve,10.0,IPA - Triple New England / Hazy,330ml,330,19.39,IPA
Caribbean Salted Cherry Chocolate Cake,6.4,England,3.81,Siren Craft Brew,7.4,Stout - Imperial / Double Milk,330ml,330,19.39,Stout
Nitro Caribbean Chocolate Cake (2023),6.4,England,3.93,Siren Craft Brew,7.4,Stout - Pastry,330ml,330,19.39,Stout
Sauvage Passion / Bergamote / Thym,6.4,France,4.09,Brasserie Iron,7.0,Wild Ale - Other,330ml,330,19.39,Wild Ale
STICKY STICKY,6.4,Spain,4.11,Garage Beer Co.,12.0,Stout - Imperial / Double Pastry,330ml,330,19.39,Stout
Gouden Carolus Christmas (330ml),6.4,Belgium,3.61,Brouwerij Het Anker,10.0,Winter Ale,Bottle 330ml,330,19.39,Winter Ale
Benno,6.4,Austria,3.47,Stift Engelszell,6.9,Belgian Dubbel,Bottle 330ml,330,19.39,Belgian Dubbel
Imperial Brown Stout London 1856,6.4,England,4.06,The Kernel Brewery,9.5,Stout - Russian Imperial,Bottle 330ml,330,19.39,Stout
Troubadour - Winter,6.4,Belgium,3.54,Brouwerij The Musketeers,9.9,Winter Ale,330ml,330,19.39,Winter Ale
Gouden Carolus Noel 33cl,6.4,Belgium,3.61,Brouwerij Het Anker,10.5,Winter Ale,330ml,330,19.39,Winter Ale
Ambreus Oude Gueuze,14.55,Belgium,3.99,Stekerij Ambreus,6.5,Lambic - Gueuze,Bottle 750ml,750,19.4,Lambic
Beyond Comprehension (canned: 08-24),8.55,Finland,4.24,Factory Brewing,11.5,IPA - Quadruple,Can 440ml,440,19.43,IPA
Krampus (2023),8.55,England,4.19,Tartarus Beers,14.2,Porter - Imperial / Double,Can 440ml,440,19.43,Porter
Star People,8.55,Sweden,4.22,Elmeleven,5.0,Sour - Smoothie / Pastry,Can 440ml,440,19.43,Sour
Zipper Ripper: Honey Combover (2024),9.19,United States,4.2,Hoof Hearted Brewing,10.0,IPA - Triple,473ml,473,19.43,IPA
Peanut Butter Hazelnut Caramel Chocolate Cake Stout,6.9,United States,4.08,Hoppin' Frog Brewery,8.0,Stout - Imperial / Double Pastry,355ml,355,19.44,Stout
Dèpaysement,6.9,United States,4.0,Perennial Artisan Ales,4.4,Farmhouse Ale - Saison,355ml,355,19.44,Farmhouse Ale
Appel - Sleedoorn 2021,7.29,Netherlands,3.36,Hamerstuk,7.2,Cider - Other Fruit,Bottle 375ml,375,19.44,Cider
Lizard King,9.2,United States,3.96,Pipeworks Brewing Company,6.0,Pale Ale - American,473ml,473,19.45,Pale Ale
Granizo/ Almanac Gran Cat,9.2,Chile,3.93,Granizo,8.0,Sour - Flanders Red Ale,473ml,473,19.45,Sour
brunch.,9.2,Canada,4.09,Trial & Ale Brewing Company,7.1,Sour - Fruited,Can 473ml,473,19.45,Sour
Betta.Cuatro,9.2,Chile,4.05,Granizo,6.0,Sour - Fruited,473ml,473,19.45,Sour
Astro Zombie,9.2,United States,4.05,Aslin Beer Company,6.7,IPA - American,Can 473ml,473,19.45,IPA
Incandenza,9.2,United States,4.09,Hudson Valley Brewery,6.0,IPA - Sour,Can 473ml,473,19.45,IPA
Bayas de Alerce,9.2,Chile,3.78,Granizo,9.0,Sour - Fruited,473ml,473,19.45,Sour
Betta.Tres,9.2,Chile,3.86,Granizo,9.2,Sour - Fruited,473ml,473,19.45,Sour
Siren Caribbean Salted Cherry Chocolate Cake 2023,6.42,England,3.81,Siren Craft Brew,7.4,Stout - Imperial / Double Milk,330ml,330,19.45,Stout
War On the Media,9.2,United States,4.28,District 96 Beer Factory,8.0,IPA - Imperial / Double New England / Hazy,473ml,473,19.45,IPA
Unsolicited Ballot,9.2,United States,4.27,District 96 Beer Factory,8.0,IPA - Imperial / Double New England / Hazy,473ml,473,19.45,IPA
Return To the Moon,9.2,United States,4.28,District 96 Beer Factory,8.0,IPA - Imperial / Double New England / Hazy,473ml,473,19.45,IPA
Double Dry-Hopped Luck Up,9.2,United States,4.17,Fifth Frame Brewing Co.,7.0,IPA - New England / Hazy,473ml,473,19.45,IPA
All Or Nothing,9.2,United States,3.86,Threes Brewing,6.8,IPA - American,Can 473ml,473,19.45,IPA
Juicy & Wild Gros-Elle,14.59,Belgium,3.99,Lambiek Fabriek,7.7,Lambic - Fruit,Bottle 750ml,750,19.45,Lambic
Causal Continuum,9.2,United States,4.07,Resident Culture Brewing Co.,7.0,IPA - New England / Hazy,473ml,473,19.45,IPA
Kestemont - Framboise - 75cl,14.6,Belgium,3.83,Brouwerij Kestemont,5.5,Lambic - Framboise,Bottle 750ml,750,19.47,Lambic
HORAL&apos;s Oude Geuze Mega Blend (2022),14.6,Belgium,3.94,Brouwerij Boon,7.0,Lambic - Gueuze,Bottle 750ml,750,19.47,Lambic
"Juicy & Wild Muscar-Elle (2021) - 37,5cl",7.3,Belgium,3.97,Lambiek Fabriek,8.8,Lambic - Fruit,Bottle 375ml,375,19.47,Lambic
Fraise des Arbres,14.62,France,4.05,Brasserie La Malpolon,5.3,Sour - Fruited,Bottle 750ml,750,19.49,Sour
Raspberry Halo,12.67,United States,3.86,Cigar City Brewing,10.7,Stout - Imperial / Double,Bottle 650ml,650,19.49,Stout
Rosé de Gambrinus,9.75,Belgium,4.27,Brasserie Cantillon,5.0,Lambic - Framboise,500ml,500,19.5,Lambic
Dankhouse Brewing Company  Stay Puffed: Grape Cherry,9.75,United States,4.14,DankHouse Brewing Company,6.0,Sour - Fruited,500ml,500,19.5,Sour
Funky Fluid / Imprint Gelato XTREME: Blueberry Raspberry Banana S'mores Milkshake Schmoojee,9.75,Poland,4.12,Funky Fluid,8.0,Sour - Smoothie / Pastry,500ml,500,19.5,Sour
Rocconut And Funk,14.63,Hungary,3.71,MadX,5.7,Farmhouse Ale - Other,Bottle 750ml,750,19.51,Farmhouse Ale
Raspberry and Funk,14.63,Hungary,3.97,MadX,5.7,Farmhouse Ale - Other,Bottle 750ml,750,19.51,Farmhouse Ale
Real Talk,8.59,Spain,4.15,SOMA Beer,6.5,IPA - New England / Hazy,Can 440ml,440,19.52,IPA
Opp,8.59,Spain,4.03,SOMA Beer,6.5,IPA - New England / Hazy,Can 440ml,440,19.52,IPA
BEAKnized,8.59,Finland,4.01,CoolHead Brew,8.0,IPA - Imperial / Double New England / Hazy,Can 440ml,440,19.52,IPA
Tilquin Riesling,14.65,Belgium,4.24,Gueuzerie Tilquin,7.7,Lambic - Fruit,Bottle 750ml,750,19.53,Lambic
Ceres,8.6,Norway,3.74,Monkey Brew,6.0,Pale Ale - American,Can 440ml,440,19.55,Pale Ale
"Triple Fruited Gose (Lychee, Raspberry & Apricot)",8.6,England,3.88,North Brewing Co./ Wuhan No. 18 Brewing (拾捌精酿),5.5,Sour - Fruited Gose,Can 440ml,440,19.55,Sour
Gagat – Port Barrel Aged Imperial Stout,6.45,Germany,4.04,Atelier der Braukünste,8.7,IPA - Imperial / Double,330ml,330,19.55,IPA
Winter Wizard Imperial Stout,8.6,Denmark,3.78,Amager Bryghus,12.0,Stout - Imperial / Double Pastry,Can 440ml,440,19.55,Stout
3 Bean Stout – Imperial Stout,6.45,Norway,4.09,LERVIG/ Way Beer,12.0,Stout - Imperial / Double,330ml,330,19.55,Stout
Mating Season,8.6,Poland,3.68,Browar Stu Mostów,7.5,Sour - Smoothie / Pastry,Can 440ml,440,19.55,Sour
Toad Trip,8.6,Norway,4.0,Marlobobo's Megabear,6.5,IPA - New England / Hazy,Can 440ml,440,19.55,IPA
Mating Season,8.6,Poland,3.68,Browar Stu Mostów,7.0,Sour - Smoothie / Pastry,Can 440ml,440,19.55,Sour
Black Nordic Skies Imperial Coffee Stout x Modern Times,8.6,Denmark,3.92,Amager Bryghus/ Modern Times Beer,10.0,Stout - Imperial / Double,Can 440ml,440,19.55,Stout
Mountains,8.6,Sweden,4.13,Stigbergets Bryggeri,13.0,Stout - Imperial / Double Coffee,Can 440ml,440,19.55,Stout
Crunch Royale Imperial Pastry Stout,8.6,Spain,3.95,Attik Brewing,10.5,Stout - Imperial / Double Pastry,Can 440ml,440,19.55,Stout
Quadriga – Brut Beer,6.45,Germany,3.61,Rügener Insel-Brauerei,10.5,Bière de Champagne / Bière Brut,330ml,330,19.55,Bière de Champagne / Bière Brut
Cloudscape IPA,8.6,Norway,3.94,Salikatt Bryggeri,7.0,IPA - New England / Hazy,Can 440ml,440,19.55,IPA
Mok Coconut,6.45,Belgium,4.04,Brewery De Meester,13.0,Stout - American,330ml,330,19.55,Stout
Barrel Aged Shadows,8.6,Ireland,3.74,DOT Brew,8.9,Red Ale - Irish,Can 440ml,440,19.55,Red Ale
Gulle Tinus Editie 2022 Barrel Aged,6.45,Netherlands,,Gulpener Bierbrouwerij,6.5,Lager - Dortmunder / Export,330ml,330,19.55,Lager
Cherry Berry,8.6,Spain,3.64,Basqueland Brewing,5.0,Sour - Fruited,Can 440ml,440,19.55,Sour
Promotion,8.6,United States,3.94,Aslin Beer Company,6.5,Sour - Fruited,Can 440ml,440,19.55,Sour
North X Oddity,8.6,England,3.86,North Brewing Co.,6.4,IPA - New England / Hazy,Can 440ml,440,19.55,IPA
Pretty Weisse,8.6,Scotland,4.02,Overtone Brewing Co,7.0,Sour - Fruited Berliner Weisse,Can 440ml,440,19.55,Sour
Okinawa Obscura,6.45,Netherlands,4.12,Nemeton Brewing,12.5,Stout - Imperial / Double Oatmeal,330ml,330,19.55,Stout
Cosy Nights – Winter Porter with Vanille,6.45,Estonia,3.83,Põhjala,8.0,Porter - Other,330ml,330,19.55,Porter
Bramble On Sour x Ārpus,8.6,Spain,3.72,Basqueland Brewing,5.7,Sour - Fruited,Can 440ml,440,19.55,Sour
Dream Smoojee – Sour Gose with Black Currant and Strawberry,6.45,Sweden,4.12,Friends Company,4.7,Sour - Smoothie / Pastry,330ml,330,19.55,Sour
All Sure Things (bbf: 19-06-25),8.6,Wales,4.15,Polly's Brew Co.,10.0,IPA - Triple New England / Hazy,Can 440ml,440,19.55,IPA
Macabre Imperial Stout x Salikatt,8.6,Denmark,4.08,Amager Bryghus,14.2,Stout - Imperial / Double,Can 440ml,440,19.55,Stout
Oude Geuze 22/23 Assemblage n°13,14.67,Belgium,4.07,Brouwerij 3 Fonteinen,6.0,Lambic - Gueuze,Bottle 750ml,750,19.56,Lambic
WWE,9.25,United States,3.91,Kettlehead Brewing,8.0,IPA - Imperial / Double New England / Hazy,473ml,473,19.56,IPA
Mind Meld,9.25,United States,3.94,Finback Brewery,6.5,IPA - American,473ml,473,19.56,IPA
Afterimage,9.25,United States,4.23,Grimm Artisanal Ales,8.0,IPA - Imperial / Double,473ml,473,19.56,IPA
Castle In The Clouds,9.25,United States,4.23,Burlington Beer Company,10.0,IPA - Triple New England / Hazy,473ml,473,19.56,IPA
Ultimate Villain,9.25,United States,4.26,District 96 Beer Factory,11.5,IPA - Triple New England / Hazy,473ml,473,19.56,IPA
Operation Warfare 2 – Sedition,9.25,United States,4.15,Adroit Theory,8.3,IPA - New England / Hazy,473ml,473,19.56,IPA
Top Knot,9.25,United States,4.01,Grimm Artisanal Ales,8.0,IPA - Imperial / Double,473ml,473,19.56,IPA
Impossible Capture,9.25,United States,3.8,Electric Brewing Company,6.2,IPA - American,473ml,473,19.56,IPA
The Chosen One,9.25,United States,4.29,Tilted Barn Brewery,8.0,IPA - Imperial / Double,473ml,473,19.56,IPA
All Star: Citra,9.25,United States,3.67,3 Sons Brewing Co.,6.5,IPA - New England / Hazy,473ml,473,19.56,IPA
Hills Have Eyes,9.79,England,4.15,Rivington Brewing Co,8.0,IPA - Imperial / Double New England / Hazy,500ml,500,19.58,IPA
Dry Hopped Dèpaysement,6.95,United States,4.13,Perennial Artisan Ales,4.4,Farmhouse Ale - Saison,355ml,355,19.58,Farmhouse Ale
Embracing Facts,8.62,Ireland,3.71,Whiplash,7.0,IPA - American,Can 440ml,440,19.59,IPA
Odd Side The Nightman Leaveth,9.99,United States,4.21,Odd Side Ales,11.0,Stout - Imperial / Double Milk,510ml,510,19.59,Stout
Juicy & Wild Muscar-Elle,14.69,Belgium,4.05,Lambiek Fabriek,6.8,Lambic - Fruit,Bottle 750ml,750,19.59,Lambic
Space Operator,8.62,Ireland,3.83,Whiplash,6.5,IPA - New England / Hazy,Can 440ml,440,19.59,IPA
Vague Recollection (2022),14.7,United States,4.13,Jester King Brewery,5.3,Farmhouse Ale - Other,Bottle 750ml,750,19.6,Farmhouse Ale
Das Wunderkind! (Batch #26),14.7,United States,3.98,Jester King Brewery,5.0,Farmhouse Ale - Saison,Bottle 750ml,750,19.6,Farmhouse Ale
Delirium  Noel 75cl,14.7,Belgium,2.96,Huyghe,10.0,Non-Alcoholic - Porter / Stout,Bottle 750ml,750,19.6,Non-Alcoholic
Schaerbeekse Kriek,7.35,Belgium,4.19,Hanssens Artisanaal,6.5,Lambic - Kriek,Bottle 375ml,375,19.6,Lambic
Mondeuse et Cetera,14.7,France,4.08,La Brasserie du Mont Salève,4.2,Sour - Fruited,Bottle 750ml,750,19.6,Sour
Ginger Gueuze,14.7,Belgium,3.7,Brouwerij Lindemans,6.0,Lambic - Gueuze,Bottle 750ml,750,19.6,Lambic
Imperial Biscotti Break - VINTAGE 2016,12.74,United States,4.08,Evil Twin Brewing,11.5,Stout - Imperial / Double,Bottle 650ml,650,19.6,Stout
El Cedro (Batch #14),14.7,United States,3.86,Jester King Brewery,6.8,Farmhouse Ale - Saison,Bottle 750ml,750,19.6,Farmhouse Ale
Koncept Brut Sour,9.8,Czech Republic,3.12,Rodinný Pivovar Zichovec,6.0,Sour - Smoothie / Pastry,Can 500ml,500,19.6,Sour
Zumology,6.96,United States,3.73,Stone Brewing,7.5,IPA - American,355ml,355,19.61,IPA
Colon-Elle Single & Wild,14.71,Belgium,3.97,Lambiek Fabriek,11.0,Lambic - Gueuze,Bottle 750ml,750,19.61,Lambic
Wild Dry Cider - Furmint & Hárslevelü Grapes,14.71,Belgium,3.9,Oud Beersel,7.5,Cider - Other Fruit,Bottle 750ml,750,19.61,Cider
BRETT-NAT (2021),14.71,France,4.15,Popihn Sauvages,6.8,Wild Ale - Other,Bottle 750ml,750,19.61,Wild Ale
Wild Dry Cider - Wild Dry Cider aged on Lambic Whisky Barrels,14.71,Belgium,3.75,Oud Beersel,7.5,Cider - Dry,Bottle 750ml,750,19.61,Cider
Winter Lambiek Sparkling,14.71,Belgium,3.87,Oud Beersel,7.2,Lambic - Other,Bottle 750ml,750,19.61,Lambic
Wild Dry Cider - Schaarbeekse Cherries,14.71,Belgium,3.97,Oud Beersel,7.5,Cider - Other Fruit,Bottle 750ml,750,19.61,Cider
Grass City,9.29,United States,4.1,Sante Adairius Rustic Ales,6.9,IPA - American,473ml,473,19.64,IPA
Point Being,9.29,United States,4.1,Sante Adairius Rustic Ales,7.1,IPA - American,473ml,473,19.64,IPA
Adventure Seeker,9.29,United States,3.74,Embolden Beer Company,8.0,IPA - Imperial / Double,473ml,473,19.64,IPA
VamPirate II: Space Blood,9.29,United States,3.97,WeldWerks Brewing Co.,6.8,IPA - New England / Hazy,473ml,473,19.64,IPA
Brave the Haze,9.29,United States,3.93,Embolden Beer Company,8.0,IPA - Imperial / Double New England / Hazy,473ml,473,19.64,IPA
The Greyhound,9.29,United States,3.99,Bottle Logic Brewing,6.5,IPA - American,473ml,473,19.64,IPA
Kriek Mariage Parfait 2021,7.37,Belgium,3.81,Brouwerij Boon,8.0,Lambic - Kriek,Bottle 375ml,375,19.65,Lambic
Oude Geuze Barrel Selection Oude Pijpen 2023,7.37,Belgium,4.07,Oud Beersel,6.5,Lambic - Gueuze,Bottle 375ml,375,19.65,Lambic
Oude Geuze Vandervelden 142,14.74,Belgium,3.96,Oud Beersel,6.5,Lambic - Gueuze,Bottle 750ml,750,19.65,Lambic
Kemker Stadt Land Bier,7.37,Germany,3.68,Kemker Kultuur (Brauerei J. Kemker),3.5,Farmhouse Ale - Saison,Bottle 375ml,375,19.65,Farmhouse Ale
De Mederie Apple Of My Eye,7.37,Belgium,3.55,De Mederie - Ciders,6.0,Cider - Dry,Bottle 375ml,375,19.65,Cider
The Anti-IPA is Having a Moment,9.3,United States,3.77,Evil Twin Brewing NYC,5.0,Rauchbier,473ml,473,19.66,Rauchbier
Directions,9.3,Canada,4.31,Brasserie du Bas-Canada,8.1,IPA - Imperial / Double,473ml,473,19.66,IPA
9 Pieds Sous Terre XTRM TURBO,9.3,Canada,4.33,Messorem,8.4,IPA - Imperial / Double,473ml,473,19.66,IPA
May DIPA (2024),9.3,Canada,4.22,Badlands Brewing Company,8.2,IPA - Imperial / Double,473ml,473,19.66,IPA
First and Last House on the Block,9.3,United States,3.71,Pipeworks Brewing Company,5.5,Rye Beer,473ml,473,19.66,Rye Beer
Flash Cat,9.3,United States,3.94,Creature Comforts Brewing Company,8.0,IPA - New England / Hazy,473ml,473,19.66,IPA
Jeppeweizen,9.3,United States,3.75,Evil Twin Brewing NYC,5.8,Wheat Beer - Hefeweizen,473ml,473,19.66,Wheat Beer
Make it Hopped Cranberry Weisse,9.3,United States,4.14,Evil Twin Brewing NYC,4.0,Sour - Berliner Weisse,473ml,473,19.66,Sour
Speedway Stout - Horchata,9.3,United States,3.85,AleSmith Brewing Company,12.0,Stout - Imperial / Double Coffee,473ml,473,19.66,Stout
Ninja vs Unicorn,9.3,United States,4.09,Pipeworks Brewing Company,8.0,IPA - Imperial / Double,473ml,473,19.66,IPA
Rosa (canned: 17-09-24),8.65,Portugal,4.13,Ophiussa Brewing Co.,5.0,Sour - Smoothie / Pastry,Can 440ml,440,19.66,Sour
Capitaines Mitch & Rich,9.3,Canada,4.33,Le Ketch,8.0,IPA - Imperial / Double New England / Hazy,473ml,473,19.66,IPA
Header Juice,9.3,United States,4.04,Other Half Brewing Co.,5.5,Pale Ale - American,473ml,473,19.66,Pale Ale
Sour Crusher Grapefruit,9.3,United States,3.85,Skygazer Brewing Company,5.0,Sour - Fruited,473ml,473,19.66,Sour
Fractal Nelson / Citra,9.3,United States,4.14,Equilibrium Brewery,6.8,IPA - American,Can 473ml,473,19.66,IPA
Plain Dark Beer,8.65,Scotland,4.06,Newbarns Brewery,11.0,Stout - Foreign / Export,Can 440ml,440,19.66,Stout
Lifebloom (canned: 30-09-34),8.65,Portugal,4.19,Ophiussa Brewing Co.,5.0,Sour - Smoothie / Pastry,Can 440ml,440,19.66,Sour
Capitaine Dulong,9.3,Canada,4.29,Le Ketch,8.0,IPA - Imperial / Double New England / Hazy,473ml,473,19.66,IPA
Hyllie x Malmö Brewing Malmö I Love You 2024 Sour Ale,6.49,Sweden,3.81,Malmö Brewing Co.,8.2,IPA - Imperial / Double,330ml,330,19.67,IPA
Meadows Gose,6.49,Sweden,3.46,Hyllie Bryggeri,4.7,Sour - Fruited Gose,330ml,330,19.67,Sour
Lowlands Hazy IPA,6.49,Sweden,3.66,Hyllie Bryggeri,6.5,IPA - New England / Hazy,330ml,330,19.67,IPA
Hyllie x Tuju Demo Tape #1 India Pale Lager,6.49,Sweden,3.54,Hyllie Bryggeri,6.0,Lager - IPL (India Pale Lager),330ml,330,19.67,Lager
Ola Dubh 12 Year Special Reserve,6.49,Scotland,3.95,Harviestoun Brewery,10.5,Porter - Imperial / Double,330ml,330,19.67,Porter
Fat Pug,6.49,United States,3.73,Maplewood Brewing Company,5.9,Stout - Milk / Sweet,330ml,330,19.67,Stout
Rigor Mortis Abt,6.49,Canada,3.89,Brasserie Dieu du Ciel!,10.5,Belgian Quadrupel,330ml,330,19.67,Belgian Quadrupel
Aenne Batch 03-2023 – Saison,14.75,Germany,3.67,Kemker Kultuur (Brauerei J. Kemker),6.0,Farmhouse Ale - Saison,Bottle 750ml,750,19.67,Farmhouse Ale
Barrel Aged Stout Elijah Craig,6.49,Belgium,4.08,Totem,10.0,Stout - Imperial / Double,330ml,330,19.67,Stout
New England Christmas,6.49,Norway,4.09,Salikatt Bryggeri,7.0,IPA - Imperial / Double New England / Hazy,330ml,330,19.67,IPA
Siluro Barrel Aged Imperial Baltic Porter,6.49,Spain,3.48,Cierzo Brewing Co.,10.0,Porter - Imperial / Double Baltic,330ml,330,19.67,Porter
Oh La La La – Barrel Aged Dry Cider with Sour Berrries and Honey ( 0.75 Liter ),14.75,Belgium,3.64,De Mederie - Ciders,8.0,Cider - Other Fruit,Bottle 750ml,750,19.67,Cider
Poolside New England TIPA,6.49,Netherlands,3.84,Dutch Bargain,9.8,IPA - Triple New England / Hazy,330ml,330,19.67,IPA
Black Tropical Beach Tropical Stout,6.49,Netherlands,3.19,Dutch Bargain,8.0,Stout - Other,330ml,330,19.67,Stout
Apple of my Eye – Spontaneous Fermented Barrel Aged Dry Cider,14.75,Belgium,3.55,De Mederie - Ciders,6.0,Cider - Dry,Bottle 750ml,750,19.67,Cider
Wittorfer Stadtmische Deluxe Rum & Cola,6.49,Germany,3.59,Wittorfer Brauerei Neumünster,5.2,Pale Ale - American,330ml,330,19.67,Pale Ale
HORAL Oude Geuze Megablend 2021,14.76,Belgium,4.03,Brewery John Martin & Brewery Timmermans/ Brouwerij Boon/ Brouwerij De Troch/ Brouwerij Lindemans/ + 6 breweries,7.0,Lambic - Gueuze,Bottle 750ml,750,19.68,Lambic
Fiery Ginger Iron Brew,8.66,Scotland,3.84,Vault City Brewing,6.4,Sour - Other,Can 440ml,440,19.68,Sour
Kemker Appel Wien 2020-04,14.77,Germany,3.88,Kemker Kultuur (Brauerei J. Kemker),6.0,Cider - Traditional / Apfelwein,Bottle 750ml,750,19.69,Cider
Yeti,6.99,United States,3.9,Great Divide Brewing Company,9.5,Stout - Imperial / Double,355ml,355,19.69,Stout
Tilquin / Rulles Rullquin 2019-2020,14.77,Belgium,3.86,Gueuzerie Tilquin,7.0,Sour - Other,Bottle 750ml,750,19.69,Sour
Pursuit of Freedom: Blackberry Lemonade,6.99,United States,4.06,Revolution Brewing Company,4.5,Sour - Fruited,355ml,355,19.69,Sour
Full Circle (Kölsch),6.99,Canada,3.68,Counterpart Brewing,4.5,Kölsch,355ml,355,19.69,Kölsch
Kemker Appel Wien 2020-03,14.77,Germany,3.81,Kemker Kultuur (Brauerei J. Kemker),6.0,Cider - Traditional / Apfelwein,Bottle 750ml,750,19.69,Cider
Kop & Schotel,6.5,Netherlands,3.87,Brouwerij de Molen,10.7,Porter - Other,330ml,330,19.7,Porter
Kers & Taart,6.5,Netherlands,3.94,Brouwerij de Molen,11.2,Stout - Imperial / Double Pastry,330ml,330,19.7,Stout
Bake My Day – Smoked Imperial Chocolate Pastry Stout,6.5,Netherlands,3.78,Jopen,10.8,Stout - Pastry,330ml,330,19.7,Stout
Iced Coffee Connaisseur Moi? Frappuccino Editions V2,6.5,Netherlands,4.09,Dutch Bargain,18.0,Freeze-Distilled Beer,330ml,330,19.7,Freeze-Distilled Beer
Iced Coffee Connaisseur Moi? Frappuccino Editions V3,6.5,Netherlands,4.11,Dutch Bargain,18.0,Freeze-Distilled Beer,330ml,330,19.7,Freeze-Distilled Beer
Art+68,6.5,Poland,3.93,Browar Stu Mostów,10.5,Stout - Imperial / Double,330ml,330,19.7,Stout
Waar Ow BA,6.5,Netherlands,3.67,Bourgondische Broeders,10.0,Belgian Quadrupel,330ml,330,19.7,Belgian Quadrupel
Cuvée Bourgeon 2024,6.5,France,4.02,Sacrilège,6.5,Grape Ale - Other,330ml,330,19.7,Grape Ale
Stu Mostów- Plum Depths,6.5,Poland,4.04,Browar Stu Mostów,9.0,Porter - Baltic,330ml,330,19.7,Porter
Calvados Edition 2024 Belgian Strong Ale,6.5,Netherlands,3.89,Brouwerij de Molen,12.4,Belgian Strong Dark Ale,330ml,330,19.7,Belgian Strong Dark Ale
Bake My Day Cognac & Whisky BA,6.5,Netherlands,3.94,Jopen,10.0,Stout - Pastry,330ml,330,19.7,Stout
Jean Ginie Gin BA,6.5,Estonia,3.61,Anderson's Craft Beer,9.9,Sour - Fruited Gose,330ml,330,19.7,Sour
Winterwarmer Cognac Barrel Aged,6.5,Netherlands,3.71,Brouwerij Hommeles,10.0,Belgian Quadrupel,330ml,330,19.7,Belgian Quadrupel
Shoque Le Boque BA Seagram,6.5,Netherlands,3.91,100 Watt Brewery,8.4,Bock - Doppelbock,330ml,330,19.7,Bock
Krampus,6.5,Norway,3.93,Cervisiam,10.0,Stout - Imperial / Double,330ml,330,19.7,Stout
De Molen Balcones Edition 2024 Imperial Stout,6.5,Netherlands,3.92,Brouwerij de Molen,11.7,Stout - Imperial / Double,330ml,330,19.7,Stout
Chocolate OD 2 BA Belle Meade Bourbon (Stout Imperial / Double White / Golden),6.5,Netherlands,3.86,100 Watt Brewery,8.5,Stout - Imperial / Double White / Golden,330ml,330,19.7,Stout
Piece Of Cake: Apple Crumble Pie,6.5,Netherlands,4.02,Brouwerij Frontaal,10.0,Stout - Imperial / Double Pastry,Can 330ml,330,19.7,Stout
De Molen Balcones Imperial Milkstout BA 2024,6.5,Netherlands,3.92,Brouwerij de Molen,9.9,Stout - Imperial / Double Milk,330ml,330,19.7,Stout
Vat#50 Zwarte Snorre Barrel Aged Ardbeg Whisky,6.5,Netherlands,4.1,Berghoeve Brouwerij,11.0,Stout - Russian Imperial,330ml,330,19.7,Stout
Sailing'23 Rum Barrel Aged Imperial Stout,6.5,Netherlands,3.92,Berging Brouwerij,10.2,Stout - Russian Imperial,330ml,330,19.7,Stout
Vatgerijpt 009/2023 Quadrupel Teeling,6.5,Netherlands,3.92,Eggens,11.0,Belgian Quadrupel,330ml,330,19.7,Belgian Quadrupel
Vat#74 Klabats! Barrel Aged Wild Turkey Bourbon,6.5,Netherlands,4.06,Berghoeve Brouwerij,10.0,Barleywine - American,330ml,330,19.7,Barleywine
Bake My Day – Imperial Chocolate Pastry Stout,6.5,Netherlands,3.94,Jopen,11.0,Stout - Pastry,330ml,330,19.7,Stout
De Molen Calvados Edition 2024 Quadruple,6.5,Netherlands,3.84,Brouwerij de Molen,12.0,Belgian Quadrupel,330ml,330,19.7,Belgian Quadrupel
Caife Gaelach Irish Coffee Imperial Milk Stout,6.5,Ukraine,4.2,Rebrew,8.0,Stout - Imperial / Double Milk,330ml,330,19.7,Stout
Cuvée Courson 2024,6.5,France,3.96,Sacrilège,5.5,Grape Ale - Other,330ml,330,19.7,Grape Ale
Meesterstuk 2023 BA Sherry,6.5,Netherlands,4.06,Jopen,10.5,Stout - Imperial / Double,330ml,330,19.7,Stout
La Combe 2024,6.5,France,4.03,Sacrilège,5.8,Grape Ale - Other,330ml,330,19.7,Grape Ale
Tropical Space Muffin 2024,6.5,Hungary,3.65,Mad Scientist,9.7,Mead - Braggot,330ml,330,19.7,Mead
Lervig Kveik Culture: Brewski,6.5,Norway,3.77,LERVIG,8.0,Sour - Smoothie / Pastry,330ml,330,19.7,Sour
Iced Coffee Connaisseur Moi? Frappuccino Editions V1,6.5,Netherlands,4.08,Dutch Bargain,18.0,Freeze-Distilled Beer,330ml,330,19.7,Freeze-Distilled Beer
Onzen Bennie BA,6.5,Netherlands,3.47,Bourgondische Broeders,9.0,Belgian Tripel,330ml,330,19.7,Belgian Tripel
Dream Smoojee Raspberry Lemon Passion Smoothie Sour,6.5,Sweden,3.85,Friends Company,6.0,Sour - Fruited Gose,330ml,330,19.7,Sour
Cosy Nights Vanilla Porter,6.5,Estonia,3.83,Põhjala,8.0,Porter - Other,330ml,330,19.7,Porter
White Label Coconut Stout Single Malt Highland Whisky BA 2023,6.5,Netherlands,3.96,Brouwerij Emelisse,12.2,Stout - Other,330ml,330,19.7,Stout
Delirium Noel,6.5,Belgium,3.76,Delirium - Huyghe Brewery,10.0,Winter Ale,Bottle 330ml,330,19.7,Winter Ale
Zwarte Ziel 2023 Imp  Smoked Porter vanilla salmiak Bourbon Barrel Blend,6.5,Netherlands,3.96,Jopen,10.0,Porter - Imperial / Double,330ml,330,19.7,Porter
De Molen Balcones Edition 2023 Imperial Stout,6.5,Netherlands,4.02,Brouwerij de Molen,11.4,Stout - Imperial / Double,330ml,330,19.7,Stout
Mistica,6.5,Austria,3.47,Brauerei Hofstetten,6.5,Altbier - Traditional,330ml,330,19.7,Altbier
Bianca Non-Alcoholic Space Jam Lassi Gose,6.5,Sweden,4.07,Omnipollo,0.3,Non-Alcoholic - Sour,330ml,330,19.7,Non-Alcoholic
4th Anniversary,6.5,Ukraine,4.26,Rebrew,10.5,Scotch Ale / Wee Heavy,330ml,330,19.7,Scotch Ale / Wee Heavy
Maple Banger,6.5,Estonia,3.92,Põhjala,12.5,Stout - Imperial / Double,330ml,330,19.7,Stout
Grand Cru Edition 2023,6.5,Netherlands,4.01,Brouwerij de Molen,10.4,Sour - Other,330ml,330,19.7,Sour
Black Damnation 16 - Ivan the Terrible (2022),6.5,Belgium,4.21,De Struise Brouwers,15.0,Stout - Russian Imperial,330ml,330,19.7,Stout
Crimson – NEIPA,6.5,Spain,3.71,Menno Olivier Brewing,7.8,IPA - Imperial / Double,330ml,330,19.7,IPA
Fatamorgana DIPA,6.5,Sweden,3.98,Omnipollo,8.0,IPA - Imperial / Double New England / Hazy,330ml,330,19.7,IPA
Fatamorgana,6.5,Sweden,3.98,Omnipollo,8.0,IPA - Imperial / Double New England / Hazy,330ml,330,19.7,IPA
Spiritlord,6.5,Hungary,3.87,Mad Scientist,12.5,Stout - Imperial / Double,330ml,330,19.7,Stout
Barrel Project Bierglas 330 ml,6.5,Netherlands,4.07,Brouwerij Kees,11.5,Barleywine - Other,330ml,330,19.7,Barleywine
Embrasse Blended Whiskey BA,6.5,Belgium,3.9,Brouwerij De Dochter van de Korenaar,9.0,Belgian Strong Dark Ale,330ml,330,19.7,Belgian Strong Dark Ale
"Origin of Darkness Imperial Stout Aged In Oak Barrels And Finished in Tawny Port Barrels w/ New Zealand Pinot Noir, South Pacific Vanilla & Ne",7.0,Canada,3.93,Collective Arts Brewing/ Garage Project,10.8,Stout - Imperial / Double,355ml,355,19.72,Stout
Nut Brown English-style Brown Ale,7.0,United States,3.73,AleSmith Brewing Company,5.0,Brown Ale - English,355ml,355,19.72,Brown Ale
KBS Hazelnut,7.0,United States,4.16,Founders Brewing Co.,12.0,Stout - Imperial / Double Coffee,355ml,355,19.72,Stout
KBS Cinnamon Vanilla Cocoa (2021),7.0,United States,4.12,Founders Brewing Co.,12.0,Stout - Imperial / Double Coffee,355ml,355,19.72,Stout
Tzarine Framboise,14.8,France,3.96,La Brasserie du Mont Salève,9.0,Stout - Russian Imperial,Bottle 750ml,750,19.73,Stout
Tilda - Vild,7.4,Sweden,3.92,Brekeriet,5.6,Sour - Other,Bottle 375ml,375,19.73,Sour
Grappe Blancs 2022,14.8,France,4.19,Brasserie La Malpolon,6.7,Grape Ale - Other,Bottle 750ml,750,19.73,Grape Ale
Adrenochrome,8.69,Spain,3.84,Garage Beer Co.,7.0,Stout - Oatmeal,Can 440ml,440,19.75,Stout
Snowball,8.69,Scotland,4.04,Vault City Brewing,6.4,Sour - Smoothie / Pastry,Can 440ml,440,19.75,Sour
Blazed Orange Milkshake,9.35,United States,4.3,Hop Butcher For The World,7.5,IPA - Milkshake,473ml,473,19.77,IPA
Werewolf Grandma,8.7,Germany,4.1,FUERST WIACEK,6.8,IPA - New England / Hazy,Can 440ml,440,19.77,IPA
Arpus Pineapple x Lime x Coconut x Vanilla Smoothie Sour Ale,8.7,Latvia,4.21,Ārpus Brewing Co.,4.5,Sour - Smoothie / Pastry,Can 440ml,440,19.77,Sour
Arpus x Messorem Apricot x Blackberry x Cherry x Raspberry Smoothie Sour Ale,8.7,Latvia,4.23,Ārpus Brewing Co.,5.5,Sour - Smoothie / Pastry,Can 440ml,440,19.77,Sour
Hyper Fractal Supernova Set,9.35,United States,4.16,Equilibrium Brewery,10.0,IPA - Triple,473ml,473,19.77,IPA
Pastore Too Much: Sour,8.7,England,3.96,Pastore Brewing and Blending,8.0,Sour - Smoothie / Pastry,Can 440ml,440,19.77,Sour
Tartarus Atropos,8.7,England,3.92,Tartarus Beers,10.0,Belgian Quadrupel,Can 440ml,440,19.77,Belgian Quadrupel
Alien Life Form,9.35,United States,4.04,Cellarmaker Brewing Company,6.8,IPA - American,473ml,473,19.77,IPA
Lupulin Fusion Disorder / Ghost Town & riip,9.35,United States,3.97,Cellarmaker Brewing Company,7.0,IPA - American,473ml,473,19.77,IPA
Gorgonias,8.7,Spain,3.97,Garage Beer Co.,7.0,IPA - New England / Hazy,Can 440ml,440,19.77,IPA
Verdant x Green Cheek Cheeky Westy,8.7,England,4.01,Verdant Brewing Co,7.0,IPA - American,Can 440ml,440,19.77,IPA
Bistro Cabana – Pineapple & Coconut,9.35,United States,4.29,Energy City Brewing,6.5,Sour - Fruited Berliner Weisse,473ml,473,19.77,Sour
Hun (Citra 2024),9.35,Canada,4.11,Badlands Brewing Company,8.0,IPA - Other,473ml,473,19.77,IPA
Slasher,8.7,England,4.09,Wylam,6.66,IPA - American,Can 440ml,440,19.77,IPA
Arpus Apricot Pineapple Coconut & Vanilla Sour Ale V2,8.7,Latvia,4.23,Ārpus Brewing Co.,4.5,Sour - Smoothie / Pastry,Can 440ml,440,19.77,Sour
DDH Turok Juice,9.35,United States,4.25,Cellarmaker Brewing Company,7.3,IPA - American,473ml,473,19.77,IPA
Mo' Citra,9.35,United States,4.07,Cellarmaker Brewing Company,6.9,IPA - American,473ml,473,19.77,IPA
Fort Point,9.35,United States,4.21,Trillium Brewing Company,6.6,Pale Ale - American,473ml,473,19.77,Pale Ale
S Curve,9.35,United States,4.07,Hop Butcher For The World,7.5,IPA - Imperial / Double New England / Hazy,473ml,473,19.77,IPA
Motor Oil Nitro,8.7,Netherlands,4.17,Moersleutel Craft Brewery,12.0,Stout - Russian Imperial,Can 440ml,440,19.77,Stout
"Christmas Time! - Danish Cookies with Orange Peels, Cinnamon, Almonds and Spices",8.7,Poland,3.44,Magic Road,10.8,Stout - Imperial / Double Pastry,Can 440ml,440,19.77,Stout
Bistro Raspberry Crumble,9.35,United States,4.25,Energy City Brewing,6.0,Sour - Fruited Berliner Weisse,473ml,473,19.77,Sour
DDVD Korenaar Embrasse Peated Whisky BA,6.53,Belgium,3.81,Brouwerij De Dochter van de Korenaar,9.0,Belgian Strong Dark Ale,330ml,330,19.79,Belgian Strong Dark Ale
DDVD Korenaar Embrasse Blended Whiskey BA,6.53,Belgium,3.9,Brouwerij De Dochter van de Korenaar,9.0,Belgian Strong Dark Ale,330ml,330,19.79,Belgian Strong Dark Ale
Jellyfish Huntress Triple IPA,9.4,United States,4.14,Nepenthe Brewing Co.,10.0,IPA - Triple,Can 475ml,475,19.79,IPA
Cosmic Dubbabeebweepa Imperial IPA,9.4,United States,4.16,Nepenthe Brewing Co.,8.2,IPA - Imperial / Double,Can 475ml,475,19.79,IPA
Twin Chicks,9.9,Poland,4.09,Funky Fluid,12.0,Stout - Imperial / Double Pastry,500ml,500,19.8,Stout
Adler Bräu Tonkrug,9.9,Germany,3.47,Schwarzer Adler Bräu Stettfeld,5.2,Lager - Vienna,500ml,500,19.8,Lager
Death Morita Doom,4.95,Bulgaria,3.89,Metalhead,12.0,Porter - Imperial / Double,Bottle 250ml,250,19.8,Porter
Black Tears,4.95,Bulgaria,4.22,Metalhead,12.0,Stout - Imperial / Double,Bottle 250ml,250,19.8,Stout
Riwaka Universe,9.9,England,4.47,Makemake,8.0,IPA - Imperial / Double,Can 500ml,500,19.8,IPA
Mind Of God,4.95,Bulgaria,4.26,Metalhead,12.0,Stout - Imperial / Double Milk,Bottle 250ml,250,19.8,Stout
Motueka Universe,9.9,England,4.4,Makemake,8.0,IPA - Imperial / Double New England / Hazy,Can 500ml,500,19.8,IPA
Schorschweizen Tonflasche,9.9,Germany,3.09,Schorschbräu,13.0,Bock - Weizenbock,500ml,500,19.8,Bock
Saturated In Motueka,9.9,England,4.19,DEYA Brewing Company,8.0,IPA - Imperial / Double New England / Hazy,Can 500ml,500,19.8,IPA
Many-Worlds,9.9,England,4.07,Makemake,8.0,IPA - Sour,Can 500ml,500,19.8,IPA
Dubbelmas,6.54,Sweden,4.05,Stigbergets Bryggeri,8.5,IPA - Imperial / Double New England / Hazy,330ml,330,19.82,IPA
Dry Stout Citra Centennial,6.54,England,3.84,The Kernel Brewery,4.5,Stout - Irish Dry,330ml,330,19.82,Stout
Triple Haze,8.72,Sweden,4.04,Stigbergets Bryggeri,10.0,IPA - Triple New England / Hazy,Can 440ml,440,19.82,IPA
Cuvée BXL,14.89,Belgium,3.97,Brouwerij De Ranke,7.0,Lambic - Other,Bottle 750ml,750,19.85,Lambic
Musk Of The Minotaur,9.4,United States,4.03,Hoof Hearted Brewing,7.2,IPA - American,473ml,473,19.87,IPA
Leviathan – Barrel Aged Weizenwein,7.45,Spain,3.64,La Calavera,12.9,Wheat Beer - Wheat Wine,Bottle 375ml,375,19.87,Wheat Beer
Pollinated Paradise,9.4,United States,3.98,Beer Tree Brew/ Rising Storm Brewing Co,6.0,Sour - Fruited,473ml,473,19.87,Sour
La Petite Saison,9.4,Canada,4.06,Robin - Bière Naturelle,4.0,Table Beer,473ml,473,19.87,Table Beer
Cuvee  – Imperial Red Sour Aged in Oloroso Barrels,7.45,Spain,3.92,La Calavera,9.0,Sour - Other,Bottle 375ml,375,19.87,Sour
Gouden Carolus Imperial Dark,14.9,Belgium,4.05,Brouwerij Het Anker,11.0,Belgian Strong Dark Ale,Bottle 750ml,750,19.87,Belgian Strong Dark Ale
Braaaaaaaains - Apricot & Lemon,9.4,United States,4.13,Drekker Brewing Company,7.3,Sour - Smoothie / Pastry,473ml,473,19.87,Sour
Hunka Hunka,9.4,United States,3.95,Blaze Brewing Co.,9.0,Stout - Imperial / Double Milk,473ml,473,19.87,Stout
Evolved Saint Georges Pale Sour,14.9,Belgium,3.82,Brouwerij Rodenbach,6.7,Sour - Other,Bottle 750ml,750,19.87,Sour
Rust Batch #7 (2023),7.45,Netherlands,3.78,Nevel Wild Ales,5.1,Wild Ale - Other,Bottle 375ml,375,19.87,Wild Ale
Doorn,14.9,Netherlands,3.85,Nevel Wild Ales,5.7,Wild Ale - Other,Bottle 750ml,750,19.87,Wild Ale
Sweet And Sour Tangerine,9.4,United States,4.07,Untitled Art,7.0,IPA - Fruited,473ml,473,19.87,IPA
Dead Barrel Island – Wisky Barrel Aged Porter ( 6 Monate gelagert ),7.45,Spain,3.73,La Calavera,10.3,Porter - Baltic,Bottle 375ml,375,19.87,Porter
Sweets Strawberry Shortcake,9.4,United States,4.12,Mountains Walking Brewery,8.0,Sour - Smoothie / Pastry,473ml,473,19.87,Sour
THEOGONY PROJECT - GOD OF GODS (MORTALIS COLLAB),8.75,Greece,4.03,Seven Island Brewery,11.0,Stout - Imperial / Double Pastry,Can 440ml,440,19.89,Stout
Citra Hop Selection 2024,8.75,Sweden,4.05,Omnipollo,7.5,IPA - Imperial / Double,Can 440ml,440,19.89,IPA
Extravagant Vanilla Stout,8.75,Netherlands,4.26,Moersleutel Craft Brewery,12.0,Stout - Russian Imperial,Can 440ml,440,19.89,Stout
Motu Nui,8.75,Portugal,3.81,Obsolete,8.0,IPA - Imperial / Double New England / Hazy,Can 440ml,440,19.89,IPA
By Nature Wild Bramble Sour 2019,9.95,Scotland,3.94,Fierce Beer/ Fyne Ales,6.4,Wild Ale - Other,500ml,500,19.9,Wild Ale
Coronado - Big Weekend DIPA,11.5,United States,3.77,Coronado Brewing Company,8.8,IPA - Imperial / Double,578ml,578,19.9,IPA
Funky Fluid / WeldWerks Normal Things,9.95,Poland,4.24,Funky Fluid,12.0,Stout - Imperial / Double Pastry,500ml,500,19.9,Stout
Lamb-or-Genie,9.95,England,4.04,Rivington Brewing Co,10.5,Stout - Imperial / Double Pastry,500ml,500,19.9,Stout
Fruit World Famous Blueberry Baked Goods Sour,6.57,Sweden,3.77,Omnipollo,6.0,Sour - Fruited,Can 330ml,330,19.91,Sour
Juicy & Wild Muscar-Elle,7.47,Belgium,4.05,Lambiek Fabriek,8.8,Lambic - Fruit,Bottle 375ml,375,19.92,Lambic
Oude Kriek Vieille,7.47,Belgium,3.79,Oud Beersel,6.0,Lambic - Kriek,Bottle 375ml,375,19.92,Lambic
Sourrento 2020,14.94,United States,4.13,The Bruery,7.7,Sour - Other,Bottle 750ml,750,19.92,Sour
Tilquin: Oude Geuze 2022,14.95,Belgium,4.08,Gueuzerie Tilquin,7.0,Lambic - Gueuze,Bottle 750ml,750,19.93,Lambic
Gouden Carolus Indulgence Batteliek,14.95,Belgium,3.64,Brouwerij Het Anker,7.3,Belgian Blonde,Bottle 750ml,750,19.93,Belgian Blonde
Timmermans: Oude Geuze 2019,14.95,Belgium,3.95,Brewery John Martin & Brewery Timmermans,6.7,Lambic - Gueuze,Bottle 750ml,750,19.93,Lambic
Saison THT 12-2022,14.95,Belgium,3.4,Brasserie Fantôme,8.0,Farmhouse Ale - Saison,Bottle 750ml,750,19.93,Farmhouse Ale
Tilquin Oude Mûre,14.95,Belgium,4.14,Gueuzerie Tilquin,6.0,Lambic - Fruit,Bottle 750ml,750,19.93,Lambic
Jubel (2023),14.95,Netherlands,3.95,Nevel Wild Ales,6.3,Wild Ale - Other,Bottle 750ml,750,19.93,Wild Ale
Prosecco Brut Tenuta Bembo – Prosecco DOC Brut millesimato,14.95,Italy,3.71,CRAK Brewery,11.0,IPA - Other,Bottle 750ml,750,19.93,IPA
Gouden Carolus Imperial Dark 2017,14.95,Belgium,4.14,Brouwerij Het Anker,11.0,Belgian Strong Dark Ale,Bottle 750ml,750,19.93,Belgian Strong Dark Ale
Lambiek Fabriek: Bord-Elle 2021,14.95,Belgium,4.03,Lambiek Fabriek,10.5,Lambic - Gueuze,Bottle 750ml,750,19.93,Lambic
Rebrew: Home,14.95,Ukraine,4.05,Rebrew,5.5,Bock - Doppelbock,Bottle 750ml,750,19.93,Bock
Sailing To the Moon,14.95,Netherlands,4.03,Brouwerij Kees,14.2,Old / Stock Ale,Bottle 750ml,750,19.93,Old / Stock Ale
Haagsche Broeder Black Sour Marsala BA,14.95,Netherlands,3.87,Kloosterbrouwerij Haagsche Broeder,10.0,Sour - Other,Bottle 750ml,750,19.93,Sour
Pear Jam – Cider with Quince,14.95,Belgium,3.77,De Mederie - Ciders,7.0,Cider - Perry / Poiré,Bottle 750ml,750,19.93,Cider
Spark In The Dark,14.95,Netherlands,4.0,Brouwerij Kees,11.5,Stout - Imperial / Double Pastry,Bottle 750ml,750,19.93,Stout
Close To The Edge Barrel Aged Coolship Stout,14.95,Netherlands,3.64,Brouwerij de Molen/ Nøgne Ø,9.5,Stout - Imperial / Double,Bottle 750ml,750,19.93,Stout
Grisette,9.97,Canada,3.63,Bellwoods Brewery,3.9,Farmhouse Ale - Grisette,500ml,500,19.94,Farmhouse Ale
Oude Geuze 18/19 Assemblage n°76,7.48,Belgium,4.28,Brouwerij 3 Fonteinen,7.4,Lambic - Gueuze,Bottle 375ml,375,19.95,Lambic
Oude Geuze 2020,14.97,Belgium,4.07,Oud Beersel,6.5,Lambic - Gueuze,Bottle 750ml,750,19.96,Lambic
Oude Gueuze 12/2018,7.49,Belgium,4.15,Hanssens Artisanaal,6.0,Lambic - Gueuze,Bottle 375ml,375,19.97,Lambic
Geuze Mariage Parfait Brewing year 2014,7.49,Belgium,3.99,Brouwerij Boon,8.0,Lambic - Gueuze,Bottle 375ml,375,19.97,Lambic
Timmermans Oude Gueuze 2014-2017,7.49,Belgium,4.04,Brewery John Martin & Brewery Timmermans,5.5,Lambic - Gueuze,Bottle 375ml,375,19.97,Lambic
Oude Geuze Devillé à l'ancienne (Batch #1),7.49,Belgium,3.97,Den Herberg,6.7,Lambic - Gueuze,Bottle 375ml,375,19.97,Lambic
Battlemaster (Ghost BATTLEMASTER),9.45,United States,4.07,Adroit Theory,9.0,IPA - Triple,473ml,473,19.98,IPA
Dreamy,9.45,Canada,4.07,Willibald Farm Brewery,6.0,IPA - American,473ml,473,19.98,IPA
Nitro Three Philosophers,9.99,United States,4.0,Brewery Ommegang,9.7,Belgian Quadrupel,Can 500ml,500,19.98,Belgian Quadrupel
Is/was The Beings For Whom Being Matters,9.99,United States,3.97,Is/Was Brewing,4.9,Farmhouse Ale - Saison,500ml,500,19.98,Farmhouse Ale
Colonization,9.99,United States,4.23,Adroit Theory,10.2,IPA - Triple New England / Hazy,500ml,500,19.98,IPA
Pie Town USA,8.79,Germany,3.93,Sudden Death Brewing Co.,8.0,Sour - Smoothie / Pastry,Can 440ml,440,19.98,Sour
AK [Martyr Warrior],9.99,United States,4.14,Adroit Theory,10.0,IPA - Triple New England / Hazy,500ml,500,19.98,IPA
Mucho Mucho Mango,8.79,Spain,3.85,Basqueland Brewing,6.8,Sour - Fruited,Can 440ml,440,19.98,Sour
Double Sunrise,9.99,United States,4.22,Modestman Brewing LLC,8.4,IPA - Imperial / Double New England / Hazy,500ml,500,19.98,IPA
The Most Beautifullest Thing In This World,9.99,United States,4.24,Modestman Brewing LLC,8.4,IPA - Imperial / Double New England / Hazy,500ml,500,19.98,IPA
Panic In Babylon,9.99,United States,4.23,Modestman Brewing LLC,8.5,IPA - Imperial / Double,500ml,500,19.98,IPA
Tyche | Vanilla & Graham / 8bit,9.99,United States,3.87,Mortalis 8bit,7.5,Porter - American,500ml,500,19.98,Porter
Center of Attention MEGA,9.99,United States,4.27,Modestman Brewing LLC,8.5,IPA - Imperial / Double New England / Hazy,Bottle 500ml,500,19.98,IPA
MEGA: the Electric Relaxation Edition,9.99,United States,4.23,Modestman Brewing LLC,8.5,IPA - Imperial / Double New England / Hazy,500ml,500,19.98,IPA
Can't Sell Dope Forever,9.99,United States,4.22,Modestman Brewing LLC,8.5,IPA - Imperial / Double New England / Hazy,500ml,500,19.98,IPA
Drops,8.79,England,3.96,Beak Brewery,6.5,IPA - New England / Hazy,Can 440ml,440,19.98,IPA
Science Without Humanity,9.99,England,4.12,Bang The Elephant Brewing Co,11.4,Stout - Imperial / Double,Can 500ml,500,19.98,Stout
Green Power,9.99,United States,4.25,Other Half Brewing Co.,8.0,IPA - Imperial / Double New England / Hazy,Can 500ml,500,19.98,IPA
Juno / 8bit,9.99,United States,3.96,Mortalis 8bit,9.0,Scotch Ale / Wee Heavy,500ml,500,19.98,Scotch Ale / Wee Heavy
Oude Geuze 04/04/2018 Blend 44 17|18,14.99,Belgium,4.34,Brouwerij 3 Fonteinen,6.3,Lambic - Gueuze,Bottle 750ml,750,19.99,Lambic
Simple Means,14.99,United States,3.63,Jester King Brewery,5.6,Altbier - Traditional,Bottle 750ml,750,19.99,Altbier
Oude Roussanne Tilquin à l'Ancienne (2021-2022),14.99,Belgium,4.2,Gueuzerie Tilquin,8.0,Lambic - Fruit,Bottle 750ml,750,19.99,Lambic
Kehrwieder Blueberry Fruchtgose,14.99,Germany,3.15,Kehrwieder Kreativbrauerei,4.3,Sour - Traditional Gose,Bottle 750ml,750,19.99,Sour
Oude Geuze Brett-Elle 03/2018,14.99,Belgium,3.87,Lambiek Fabriek,5.5,Lambic - Gueuze,Bottle 750ml,750,19.99,Lambic
Oude Syrah Tilquin à l'Ancienne (2021-2022),14.99,Belgium,4.18,Gueuzerie Tilquin,8.0,Lambic - Fruit,Bottle 750ml,750,19.99,Lambic
Boerenerf Alsacien,14.99,Belgium,4.23,Het Boerenerf Eylenbosch,7.0,Lambic - Kriek,Bottle 750ml,750,19.99,Lambic
"Chimay Grande Réserve Fermentée En Barriques - Chêne Français, Chêne Américain (08/2019)",14.99,Belgium,3.9,Bières de Chimay,9.0,Belgian Strong Dark Ale,Bottle 750ml,750,19.99,Belgian Strong Dark Ale
Sin & Remorse Dru Whiskey BA,14.99,Netherlands,4.02,Jopen,11.6,Stout - Imperial / Double,Bottle 750ml,750,19.99,Stout
Oude Gueuze 12/2017,14.99,Belgium,4.19,Hanssens Artisanaal,6.0,Lambic - Gueuze,Bottle 750ml,750,19.99,Lambic
Muri-Elle 08/2020,14.99,Belgium,4.03,Lambiek Fabriek,7.0,Lambic - Fruit,Bottle 750ml,750,19.99,Lambic
Klaar Rosalinde 2020,14.99,Germany,,klaar - fruchtfermente,4.5,Cider - Other Fruit,Bottle 750ml,750,19.99,Cider
Muscar-Elle 01/2020,14.99,Belgium,4.05,Lambiek Fabriek,6.8,Lambic - Fruit,Bottle 750ml,750,19.99,Lambic
Selection Lambic Gueuze 2018,14.99,Belgium,3.61,Belle-Vue,6.2,Lambic - Gueuze,Bottle 750ml,750,19.99,Lambic
Oude Geuze S19/20 Blend No.36,14.99,Belgium,4.24,Brouwerij 3 Fonteinen,6.0,Lambic - Gueuze,Bottle 750ml,750,19.99,Lambic
Kriek Ex 2021,14.99,Belgium,3.94,Brouwerij Girardin,5.0,Lambic - Kriek,Bottle 750ml,750,19.99,Lambic
Oude Geuze Brett-Elle 05/2018,14.99,Belgium,3.87,Lambiek Fabriek,5.5,Lambic - Gueuze,Bottle 750ml,750,19.99,Lambic
Oude Geuze Brett-Elle 09/2018,14.99,Belgium,3.87,Lambiek Fabriek,5.5,Lambic - Gueuze,Bottle 750ml,750,19.99,Lambic
Oude Geuze Brett-Elle 05/03/2018,14.99,Belgium,3.87,Lambiek Fabriek,5.5,Lambic - Gueuze,Bottle 750ml,750,19.99,Lambic
Vieille Groseille,15.0,France,3.93,Brasserie La Malpolon,10.0,Old / Stock Ale,Bottle 750ml,750,20.0,Old / Stock Ale
Sønderho Kro Oyster Safari (Oyster Stout),10.0,Denmark,4.01,Fanø Bryghus,9.1,Stout - Oyster,500ml,500,20.0,Stout
King Sue,9.46,United States,4.3,Toppling Goliath Brewing Co.,7.8,IPA - Imperial / Double New England / Hazy,473ml,473,20.0,IPA
Cadaver,8.8,Finland,4.04,Panimoyhtiö Tuju,12.0,Stout - Imperial / Double Oatmeal,Can 440ml,440,20.0,Stout
Meerts Tilquin au Cassis 2021,7.5,Belgium,4.03,Gueuzerie Tilquin,5.6,Lambic - Fruit,Bottle 375ml,375,20.0,Lambic
ART+68,6.6,Poland,3.81,Browar Stu Mostów/ Pühaste Brewery,10.5,Brown Ale - Imperial / Double,330ml,330,20.0,Brown Ale
Muscar Elle,7.5,Belgium,4.05,Lambiek Fabriek,6.8,Lambic - Fruit,Bottle 375ml,375,20.0,Lambic
Deya,7.5,England,3.87,DEYA Brewing Company,5.8,Wild Ale - Other,Bottle 375ml,375,20.0,Wild Ale
Super Treat,10.0,United States,4.4,Tree House Brewing Company,8.3,IPA - Imperial / Double,500ml,500,20.0,IPA
Jjjuiceee Project Citra Peacharine HBC 1019,10.0,United States,4.39,Tree House Brewing Company,8.4,IPA - Imperial / Double New England / Hazy,500ml,500,20.0,IPA
Oude Gueuze Tilquin à l&apos;Ancienne - Cuvée Marie-Catherine  -  75cl incl. statiegeld,15.0,Belgium,4.17,Gueuzerie Tilquin,7.0,Lambic - Gueuze,Bottle 750ml,750,20.0,Lambic
Pastore Nashville,7.5,England,4.04,Pastore Brewing and Blending,5.6,Farmhouse Ale - Saison,Bottle 375ml,375,20.0,Farmhouse Ale
Miami Feelings IPA,8.8,Wales,3.76,Polly's Brew Co.,6.5,IPA - American,Can 440ml,440,20.0,IPA
Macération Poulsard,15.0,France,4.06,Levain,6.0,Sour - Other,Bottle 750ml,750,20.0,Sour
Macération Vin de Paille,15.0,France,4.13,Levain,9.0,Sour - Other,Bottle 750ml,750,20.0,Sour
Black Fern,10.0,United States,4.4,Tree House Brewing Company,7.8,IPA - New Zealand,500ml,500,20.0,IPA
Bright Citra,10.0,United States,4.33,Tree House Brewing Company,7.8,IPA - Imperial / Double,500ml,500,20.0,IPA
Holy Beans,6.6,Poland,4.01,Browar Stu Mostów,10.5,Porter - Imperial / Double Baltic,330ml,330,20.0,Porter
Beer Geek Balkan Breakfast,6.6,Bulgaria,3.89,Sofia Electric Brewing,11.0,Stout - Imperial / Double Pastry,330ml,330,20.0,Stout
Anathema,8.8,Portugal,3.98,Ophiussa Brewing Co.,6.0,IPA - Sour,Can 440ml,440,20.0,IPA
Straffe Hendrik: Tripel,6.6,Belgium,3.47,Brouwerij De Halve Maan,9.0,Belgian Tripel,Bottle 330ml,330,20.0,Belgian Tripel
Hair Raiser,10.0,Romania,4.03,Hop Hooligans,12.0,Stout - Imperial / Double Pastry,500ml,500,20.0,Stout
Tic Tac,15.0,France,4.04,Microbrasserie La Montagnarde,5.2,Wild Ale - Other,Bottle 750ml,750,20.0,Wild Ale
Bulle des prés,15.0,France,3.99,La Montagnarde Sauvage,6.5,Sour - Other,Bottle 750ml,750,20.0,Sour
Estive,15.0,France,4.16,La Montagnarde Sauvage,6.5,Sour - Fruited,Bottle 750ml,750,20.0,Sour
They Are Already Here,8.8,Sweden,3.87,Elmeleven,8.4,IPA - Imperial / Double New England / Hazy,Can 440ml,440,20.0,IPA
Orange is my new Love,7.5,Spain,3.72,Cervesa Espiga,7.0,Farmhouse Ale - Other,Bottle 375ml,375,20.0,Farmhouse Ale
Deya,15.0,England,3.59,DEYA Brewing Company,5.7,Wild Ale - Other,Bottle 750ml,750,20.0,Wild Ale
TDH DOUBLE 5 DIPA x Cloudwater Brew Co.,8.8,Latvia,4.03,Ārpus Brewing Co.,8.0,IPA - Imperial / Double New England / Hazy,Can 440ml,440,20.0,IPA
Oude Gueuze Tilquin à l&apos;Ancienne - Cuvée Paul  -  75cl incl. statiegeld,15.0,Belgium,4.21,Gueuzerie Tilquin,30.0,Lambic - Gueuze,Bottle 750ml,750,20.0,Lambic
Sailing To The Moon (Old Ale),15.0,Netherlands,4.03,Brouwerij Kees,12.0,Old / Stock Ale,Bottle 750ml,750,20.0,Old / Stock Ale
"The Kernel - Biere de Saison, Raspberry",6.6,England,3.92,The Kernel Brewery,4.7,Farmhouse Ale - Saison,330ml,330,20.0,Farmhouse Ale
2014 Sour,6.6,Sweden,3.88,Brewski,6.0,Sour - Fruited Berliner Weisse,330ml,330,20.0,Sour
Kasteel Cuvée Du Château,6.6,Belgium,3.81,Kasteel Brouwerij Vanhonsebrouck,11.0,Belgian Quadrupel,Bottle 330ml,330,20.0,Belgian Quadrupel
Oude Geuze (season 18|19) Blend No. 107,7.5,Belgium,3.93,Brouwerij 3 Fonteinen,5.5,Lambic - Gueuze,Bottle 375ml,375,20.0,Lambic
Oude Gueuze Tilquin à l&apos;Ancienne - Cuvée Jean-Paul  -  75cl incl. statiegeld,15.0,Belgium,4.21,Gueuzerie Tilquin,7.0,Lambic - Gueuze,Bottle 750ml,750,20.0,Lambic
Maple Bänger Imperial Stout,6.6,Estonia,3.92,Põhjala,12.5,Stout - Imperial / Double,330ml,330,20.0,Stout
Oude Kriek 2023,7.5,Belgium,4.14,Het Boerenerf Eylenbosch,6.67,Lambic - Kriek,Bottle 375ml,375,20.0,Lambic
Framboise whisky 2022,15.0,France,4.03,Sacrilège,5.8,Sour - Fruited,Bottle 750ml,750,20.0,Sour
TDH MOTUEKA x RIWAKA x GALAXY DIPA,8.8,Latvia,3.84,Ārpus Brewing Co.,6.5,IPA - New England / Hazy,Can 440ml,440,20.0,IPA
Onyx Amburana,6.6,Belgium,3.95,Brasserie Atrium,11.0,Stout - Russian Imperial,330ml,330,20.0,Stout
Sin & Remorse,15.0,Netherlands,3.95,Brouwerij de Molen/ Jopen,10.0,Stout - Imperial / Double,Bottle 750ml,750,20.0,Stout
Deer Hunter BA (2024),6.6,Netherlands,4.21,Brouwerij Frontaal,10.5,Stout - Russian Imperial,330ml,330,20.0,Stout
Export Stout Sour Cherry,6.6,England,3.77,The Kernel Brewery,7.0,Stout - Foreign / Export,Bottle 330ml,330,20.0,Stout
Tempel du Ciel,6.6,Belgium,3.69,L'Ermitage/ Ça Brasse Pour Moi,5.2,Pale Ale - Belgian,Can 330ml,330,20.0,Pale Ale
Holy Mountain,6.6,Belgium,3.64,L'Ermitage,3.8,Sour - Other,Can 330ml,330,20.0,Sour
Dirty Horse 2018,6.6,Belgium,3.91,De Struise Brouwers,7.0,Lambic - Kriek,Bottle 330ml,330,20.0,Lambic
Zwarte Ziel 2023 BA Bourbon Blend,6.6,Netherlands,3.96,Jopen,10.0,Porter - Imperial / Double,330ml,330,20.0,Porter
Coolhead x Two Flints Moon Landing Hoax,8.8,Finland,3.94,CoolHead Brew,8.0,IPA - Imperial / Double New England / Hazy,Can 440ml,440,20.0,IPA
Saison Locale,15.0,Belgium,3.9,Brasserie Atrium,7.0,Farmhouse Ale - Saison,Bottle 750ml,750,20.0,Farmhouse Ale
Silicium,15.0,France,3.93,La Brasserie du Mont Salève,6.0,Wild Ale - Other,Bottle 750ml,750,20.0,Wild Ale
Czech Nightmare,15.0,France,4.02,La Brasserie du Mont Salève,8.0,Wild Ale - American,Bottle 750ml,750,20.0,Wild Ale
Rhub Elle,15.0,Belgium,3.94,Lambiek Fabriek,5.0,Lambic - Other,Bottle 750ml,750,20.0,Lambic
Higher Peaks,10.0,Romania,4.09,Hop Hooligans,12.0,Stout - Imperial / Double Pastry,500ml,500,20.0,Stout
Beast of Darkness,10.0,Romania,4.03,Hop Hooligans,13.0,Stout - American,500ml,500,20.0,Stout
Ola Dubh 12,6.6,Scotland,3.95,Harviestoun Brewery,8.0,Porter - Imperial / Double,330ml,330,20.0,Porter
Carrot Charmer,15.0,Hungary,3.48,MadX,5.0,Farmhouse Ale - Other,Bottle 750ml,750,20.0,Farmhouse Ale
Old Stock Ale 2022,7.1,United States,3.93,North Coast Brewing Company,12.0,Old / Stock Ale,355ml,355,20.0,Old / Stock Ale
Oude Cider 2023,7.5,Belgium,3.88,Het Boerenerf Eylenbosch,6.0,Cider - Dry,Bottle 375ml,375,20.0,Cider
Bloodymary And Funk,15.0,Hungary,3.58,MadX,4.5,Farmhouse Ale - Other,Bottle 750ml,750,20.0,Farmhouse Ale
Earthquake – Imperial Stout,6.6,Spain,3.87,Menno Olivier Brewing,9.8,Stout - Imperial / Double,330ml,330,20.0,Stout
Noire 2021,15.0,Switzerland,4.19,À tue-tête,7.9,Sour - Other,Bottle 750ml,750,20.0,Sour
Dream Smoojee Nordic Forest Sour,6.6,Sweden,3.95,Friends Company,6.0,Sour - Smoothie / Pastry,330ml,330,20.0,Sour
Saison sur lie de Poiré 2023,15.0,France,3.99,Nano Brasserie SPO,6.4,Farmhouse Ale - Saison,Bottle 750ml,750,20.0,Farmhouse Ale
Trappistes Rochefort 10 Belgian Quadrupel,6.6,Belgium,4.05,Abbaye Notre-Dame de Saint-Rémy,11.3,Belgian Quadrupel,330ml,330,20.0,Belgian Quadrupel
Pime ÖÖ Imperial Stout,6.6,Estonia,4.07,Põhjala,13.6,Stout - Imperial / Double,330ml,330,20.0,Stout
Funk,15.0,Hungary,3.81,MadX,5.6,Farmhouse Ale - Other,Bottle 750ml,750,20.0,Farmhouse Ale
Canute The Great,10.0,Denmark,3.88,Fanø Bryghus,11.6,Stout - Russian Imperial,500ml,500,20.0,Stout
Jazzmina,15.0,Spain,3.91,Cyclic Beer Farm,5.1,Sour - Fruited Berliner Weisse,Bottle 750ml,750,20.0,Sour
Gorm The Old,10.0,Denmark,3.96,Fanø Bryghus,10.1,Stout - Imperial / Double Milk,500ml,500,20.0,Stout
Monte Venere,7.5,Italy,3.91,Ca' del Brado,4.0,Farmhouse Ale - Grisette,Bottle 375ml,375,20.0,Farmhouse Ale
Platinum Blend 21|22 (assemblage Nr. 57),15.0,Belgium,4.3,Brouwerij 3 Fonteinen,6.0,Lambic - Gueuze,Bottle 750ml,750,20.0,Lambic
Rouge Vermillon,15.0,France,4.03,Brasserie La Malpolon,6.0,Sour - Flanders Red Ale,Bottle 750ml,750,20.0,Sour
Coypu OreOre,6.6,Poland,4.09,COYPU,10.1,Stout - Imperial / Double Pastry,330ml,330,20.0,Stout
Oude Geuze 2023,15.0,Belgium,4.06,Brouwerij 3 Fonteinen,6.7,Lambic - Gueuze,Bottle 750ml,750,20.0,Lambic
Kodu Baltic Porter,6.6,Estonia,3.96,Põhjala,10.6,Porter - Imperial / Double Baltic,330ml,330,20.0,Porter
St Bernardus Christmas Ale,6.6,Belgium,3.86,Brouwerij St.Bernardus,10.0,Winter Ale,330ml,330,20.0,Winter Ale
So Pitted,8.81,Denmark,3.74,Gamma Brewing Company,8.0,IPA - Imperial / Double,Can 440ml,440,20.02,IPA
Swoon,8.81,Ireland,3.91,Whiplash,5.5,IPA - Imperial / Double,Can 440ml,440,20.02,IPA
Ridgeback B.A. (2024),6.61,Netherlands,4.13,Brouwerij Frontaal,10.0,Barleywine - American,330ml,330,20.03,Barleywine
Oude Geuze Barrel Selection Demi-Muids,7.52,Belgium,4.06,Oud Beersel,6.5,Lambic - Gueuze,Bottle 375ml,375,20.05,Lambic
Oude Geuze Vandervelden 140,7.52,Belgium,4.04,Oud Beersel,6.5,Lambic - Gueuze,Bottle 375ml,375,20.05,Lambic
Sunshine Sherbet,9.49,United States,,Almanac Beer Company,5.6,Sour - Fruited,473ml,473,20.06,Sour
Tillage,9.49,United States,4.14,The Drowned Lands Brewery,8.0,IPA - Imperial / Double New England / Hazy,473ml,473,20.06,IPA
Element: Hydrogen,9.49,United States,3.97,Equilibrium Brewery,8.0,IPA - Imperial / Double,473ml,473,20.06,IPA
Baby Ghost,9.49,United States,4.1,Parish Brewing Co.,5.0,IPA - New England / Hazy,473ml,473,20.06,IPA
Hidden Harmony,9.49,United States,4.01,Equilibrium Brewery,8.0,IPA - Imperial / Double,473ml,473,20.06,IPA
Stellar Evolution,9.49,United States,4.0,Equilibrium Brewery,8.0,IPA - Imperial / Double,473ml,473,20.06,IPA
Perfect Day,9.49,United States,3.74,Stereo Brewing Company,7.2,IPA - American,473ml,473,20.06,IPA
Cabin Fever,9.49,United States,3.99,The Drowned Lands Brewery,10.0,Barleywine - American,473ml,473,20.06,Barleywine
Softly Spoken Magic Spells,9.49,United States,4.17,SingleCut Beersmiths,6.8,IPA - Imperial / Double New England / Hazy,473ml,473,20.06,IPA
Peach Cobbler,9.49,United States,3.71,Almanac Beer Company,5.7,Sour - Fruited,473ml,473,20.06,Sour
Baseline,9.49,United States,3.75,Claremont Craft Ales,8.0,IPA - Imperial / Double,473ml,473,20.06,IPA
Liquid Charms,9.5,United States,3.74,Froth Brewing Co.,6.5,Sour - Fruited,473ml,473,20.08,Sour
Trespass,9.5,Canada,4.14,Third Moon Brewing Company,6.5,IPA - New England / Hazy,473ml,473,20.08,IPA
The Pursuit,9.5,United States,4.25,Wax Wings Brewing Company,8.5,IPA - Imperial / Double New England / Hazy,473ml,473,20.08,IPA
"Liquid Lollipop: Mango, Kiwi, Strawberry",9.5,United States,4.09,Froth Brewing Co.,6.5,Sour - Fruited,473ml,473,20.08,Sour
Peach Overtime,9.5,United States,4.06,Corporate Ladder Brewing Company,6.5,Gluten-Free,473ml,473,20.08,Gluten-Free
Mystic Warrior,9.5,United States,4.11,Modestman Brewing LLC,7.0,IPA - New England / Hazy,473ml,473,20.08,IPA
Brewing Morticia,9.5,United States,4.01,Barrier Brewing Company,10.1,Stout - Russian Imperial,473ml,473,20.08,Stout
Tootsee Roll,9.5,United States,4.06,Spanish Marie Brewery,5.0,Sour - Smoothie / Pastry,473ml,473,20.08,Sour
Everybody Wants Some Galaxy,9.5,United States,4.21,Hoof Hearted Brewing,8.0,IPA - Imperial / Double,473ml,473,20.08,IPA
Cold Fusion,9.5,United States,4.27,Spyglass Brewing Company,8.2,IPA - Imperial / Double,473ml,473,20.08,IPA
Bad Baby! No Squeezie!,9.5,United States,4.27,Spanish Marie Brewery,5.0,Sour - Smoothie / Pastry,473ml,473,20.08,Sour
Mild Enthusiasm (Mild Dark),9.5,United States,3.86,Imprint Beer Co.,4.3,Mild - Dark,473ml,473,20.08,Mild
Miami Pop,9.5,United States,3.99,Grimm Artisanal Ales,5.0,Sour - Fruited,473ml,473,20.08,Sour
Common Roots Double Cup,9.5,United States,4.15,Hoof Hearted Brewing,14.0,Stout - Imperial / Double Coffee,473ml,473,20.08,Stout
MNCHSrita,9.5,United States,4.15,DankHouse Brewing Company,6.0,Sour - Other Gose,473ml,473,20.08,Sour
Stay Puffed: Banana Puddin',9.5,United States,4.1,DankHouse Brewing Company,6.0,Sour - Smoothie / Pastry,473ml,473,20.08,Sour
Liquid Lollipop: Black Currant & Passionfruit,9.5,United States,4.02,Froth Brewing Co.,6.5,Sour - Fruited,473ml,473,20.08,Sour
Atmospheric Entry,9.5,United States,4.26,Spyglass Brewing Company,10.0,IPA - Triple New England / Hazy,473ml,473,20.08,IPA
Them 2024,9.5,Canada,4.13,Third Moon Brewing Company,6.5,IPA - New England / Hazy,473ml,473,20.08,IPA
BOTTLE LOGIC Wild Conjecture,9.5,United States,3.99,Bottle Logic Brewing,7.5,IPA - New England / Hazy,473ml,473,20.08,IPA
Naimo,9.5,Canada,4.05,Willibald Farm Brewery,12.0,Stout - Imperial / Double,473ml,473,20.08,Stout
Not My Gumdrop Buttons!,9.5,United States,3.95,Beer Tree Brew,10.2,Stout - Imperial / Double Milk,473ml,473,20.08,Stout
Political Animal,9.5,United States,4.29,District 96 Beer Factory,8.0,IPA - Imperial / Double New England / Hazy,473ml,473,20.08,IPA
BOTTLE LOGIC Self Aware,9.5,United States,3.77,Bottle Logic Brewing,7.2,IPA - American,473ml,473,20.08,IPA
Bottle Logic Ocularity,9.5,United States,3.91,Bottle Logic Brewing,8.5,IPA - Imperial / Double,473ml,473,20.08,IPA
BOTTLE LOGIC Shock Bracer,9.5,United States,3.91,Bottle Logic Brewing,8.5,IPA - Imperial / Double,473ml,473,20.08,IPA
Dessert Station Mango Creamsicle,9.5,United States,3.72,Corporate Ladder Brewing Company,6.5,Gluten-Free,473ml,473,20.08,Gluten-Free
Crab Dust,9.5,United States,4.01,Other Half Brewing Co.,6.5,IPA - New England / Hazy,473ml,473,20.08,IPA
Wet Musk of the Minotaur,9.5,United States,4.14,Hoof Hearted Brewing,7.2,IPA - American,473ml,473,20.08,IPA
Hyper Local,9.5,United States,4.21,District 96 Beer Factory,8.5,IPA - Imperial / Double New England / Hazy,473ml,473,20.08,IPA
Wandering Into the Snow,9.5,United States,4.04,Abomination Brewing Company,9.1,IPA - Imperial / Double Milkshake,473ml,473,20.08,IPA
Tiki Sour: Pina Colada,9.5,United States,4.26,Corporate Ladder Brewing Company,8.5,Gluten-Free,473ml,473,20.08,Gluten-Free
Invisible Art,9.5,United States,3.99,Adroit Theory,10.1,IPA - Imperial / Double Black,473ml,473,20.08,IPA
Have A Juicy Day,9.5,United States,4.15,Other Half Brewing Co.,7.0,IPA - New England / Hazy,473ml,473,20.08,IPA
Pillowfort Max,9.5,United States,4.26,Sapwood Cellars Brewery,9.2,IPA - Triple New England / Hazy,473ml,473,20.08,IPA
Grisette Nelson Sauvin,6.64,England,3.72,The Kernel Brewery,4.9,Farmhouse Ale - Grisette,330ml,330,20.12,Farmhouse Ale
Cuvée Delphine,6.64,Belgium,4.15,De Struise Brouwers,13.0,Stout - Russian Imperial,330ml,330,20.12,Stout
Old King Clancy 2022,6.64,Hungary,3.97,Mad Scientist,10.5,Barleywine - Other,330ml,330,20.12,Barleywine
Brown Ale Cascade,6.64,England,3.79,The Kernel Brewery,5.5,Brown Ale - American,330ml,330,20.12,Brown Ale
Barrel Aged Quadrupel: Cognac,6.65,Netherlands,4.06,Gulpener Bierbrouwerij,12.0,Belgian Quadrupel,330ml,330,20.15,Belgian Quadrupel
Foreign Legion 2023 Seline Sentinelle White Wine Barrel Aged Imperial Brown Ale,6.65,Netherlands,3.74,KOMPAAN Dutch Craft Beer Company,9.3,Brown Ale - Imperial / Double,Can 330ml,330,20.15,Brown Ale
Calvados Edition 2024 Barrel Aged Belgian Strong Ale,6.65,Netherlands,3.89,Brouwerij de Molen,12.4,Belgian Strong Dark Ale,330ml,330,20.15,Belgian Strong Dark Ale
Stu Mostów / 3 Sons ART+68 Pastry Imperial Stout,6.65,Poland,3.93,Browar Stu Mostów,10.5,Stout - Imperial / Double,330ml,330,20.15,Stout
Barrel Project 18.15 – Barrel Aged Barley Wine – MHD 31.12.2023,6.65,Netherlands,4.04,Brouwerij Kees,11.3,Barleywine - Other,330ml,330,20.15,Barleywine
Barrel Project 20.05 – Barrel Aged Porter,6.65,Netherlands,4.15,Brouwerij Kees,10.9,Porter - Imperial / Double,330ml,330,20.15,Porter
Rabarber,15.13,Belgium,3.66,Brouwerij Kestemont,5.5,Lambic - Other,Bottle 750ml,750,20.17,Lambic
Oude Kriek 2021,15.13,Belgium,4.09,Oud Beersel,6.0,Lambic - Kriek,Bottle 750ml,750,20.17,Lambic
$120 Nachos (2024),9.49,United States,4.31,Hoof Hearted Brewing,12.0,IPA - Triple New England / Hazy,Can 470ml,470,20.19,IPA
Royal Cookie: Black Forest Cake Imperial Stout,10.1,Poland,3.96,Funky Fluid,11.0,Stout - Imperial / Double Pastry,Can 500ml,500,20.2,Stout
Oude Gueuze 2022,15.15,Belgium,3.74,Brouwerij Eylenbosch,5.8,Lambic - Gueuze,Bottle 750ml,750,20.2,Lambic
Zeus Taint,10.1,United States,3.64,Von Seitz TheoreticAles,5.7,Farmhouse Ale - Saison,500ml,500,20.2,Farmhouse Ale
Mega Shonks,10.1,England,4.3,Baron Brewing,8.4,IPA - Imperial / Double New England / Hazy,Can 500ml,500,20.2,IPA
Ghoul Double IPA,8.9,Denmark,3.8,Bad Seed Brewing,8.0,IPA - Imperial / Double,Can 440ml,440,20.23,IPA
Pomona Island / To Øl - Reflections After Jane,8.9,England,3.94,Pomona Island Brew Co.,8.0,IPA - Sour,Can 440ml,440,20.23,IPA
Fuzzy Greens Double IPA,8.9,Denmark,3.98,Bad Seed Brewing,8.0,IPA - Imperial / Double New England / Hazy,Can 440ml,440,20.23,IPA
Jakehead IPA,8.9,England,3.88,Wylam,6.3,IPA - New England / Hazy,Can 440ml,440,20.23,IPA
Pioneers & Explorers (PULP • w. Marlobobo),8.9,Sweden,4.34,Elmeleven,5.0,Sour - Smoothie / Pastry,Can 440ml,440,20.23,Sour
Pineapple Upside-Down Cake Sour,8.9,Scotland,4.07,Vault City Brewing,8.0,Sour - Smoothie / Pastry,Can 440ml,440,20.23,Sour
"P.O.G. Passion Fruit, Orange & Guava Sour",8.9,Scotland,4.11,Vault City Brewing,8.0,Sour - Fruited,Can 440ml,440,20.23,Sour
Bliss,8.9,Portugal,4.17,Ophiussa Brewing Co.,5.0,Sour - Smoothie / Pastry,Can 440ml,440,20.23,Sour
Harvey Walnut Banger,8.9,England,4.13,Bang The Elephant Brewing Co,14.7,Stout - Pastry,Can 440ml,440,20.23,Stout
Nelson Nelson John John DIPA,8.9,Denmark,3.99,Bad Seed Brewing,8.0,IPA - Imperial / Double New England / Hazy,Can 440ml,440,20.23,IPA
Floc Plenty Kohia Nelson,8.9,England,4.17,Floc.,8.0,IPA - Imperial / Double New England / Hazy,Can 440ml,440,20.23,IPA
Banana Foster Pancake Stack Imperial Stout,8.9,England,3.58,Buxton Brewery,9.7,Stout - Imperial / Double Pastry,Can 440ml,440,20.23,Stout
Techno Tomboy IPA,8.9,United States,4.07,Outer Range Brewing Co.,7.2,IPA - New England / Hazy,Can 440ml,440,20.23,IPA
When A Goat Follows His Hero In A Car,8.9,England,4.19,Pomona Island Brew Co.,8.0,IPA - Imperial / Double New England / Hazy,Can 440ml,440,20.23,IPA
Gloom,8.9,Finland,3.22,Revenant Brewing Project collab/ Panimoyhtiö Tuju,10.1,IPA,Can 440ml,440,20.23,IPA
Kemker Fröjaor,15.17,Germany,3.86,Kemker Kultuur (Brauerei J. Kemker),6.0,Historical Beer - Gruit / Ancient Herbed Ale,Bottle 750ml,750,20.23,Historical Beer
Fluid Mechanics DIPA,8.9,Norway,4.14,Salikatt Bryggeri,8.0,IPA - Imperial / Double New England / Hazy,Can 440ml,440,20.23,IPA
Oude Geuze 22/23 Assemblage n°81,7.59,Belgium,4.21,Brouwerij 3 Fonteinen,6.0,Lambic - Gueuze,Bottle 375ml,375,20.24,Lambic
Quercus Reserve 1: Bruin - BATCH 4,7.5,United States,3.89,Woodfour Brewing Company,4.6,Sour - Flanders Oud Bruin,Bottle 370ml,370,20.27,Sour
Boat Drinks VI,9.59,United States,4.11,Mortalis Brewing Company,6.0,Sour - Smoothie / Pastry,473ml,473,20.27,Sour
Grape Ale Mauzac,15.2,France,3.54,La Cabane,7.7,Grape Ale - Other,Bottle 750ml,750,20.27,Grape Ale
Zena,7.6,Italy,3.99,Ca' del Brado,6.4,Sour - Other Gose,Bottle 375ml,375,20.27,Sour
Aupa Tovarisch Porto BA,6.69,Spain,4.18,Laugar Brewery,12.0,Stout - Russian Imperial,330ml,330,20.27,Stout
Bulles des Prés,15.2,France,3.99,La Montagnarde Sauvage,6.5,Sour - Other,Bottle 750ml,750,20.27,Sour
Man Meets Machine,9.59,United States,4.22,District 96 Beer Factory,11.0,IPA - Triple New England / Hazy,473ml,473,20.27,IPA
Mirabelle (Oogst 2023),15.2,Belgium,4.09,Het Boerenerf Eylenbosch,8.0,Lambic - Fruit,Bottle 750ml,750,20.27,Lambic
"Adelaar Oude Geuze (2024) - 37,5cl",7.6,Belgium,3.77,Brouwerij-Stokerij Sako,6.5,Lambic - Gueuze,Bottle 375ml,375,20.27,Lambic
Ces Épaves XTRM TURBO,9.59,Canada,4.26,Messorem,8.5,IPA - Imperial / Double,473ml,473,20.27,IPA
One Hunna : Nectaron,9.59,Canada,4.27,Messorem,8.2,IPA - Imperial / Double New England / Hazy,473ml,473,20.27,IPA
Ripe In the Machine,9.59,United States,4.31,Parish Brewing Co.,8.5,IPA - Imperial / Double New England / Hazy,473ml,473,20.27,IPA
Cherry Me,6.69,Poland,3.87,Browar Stu Mostów,11.2,Stout - Imperial / Double Pastry,330ml,330,20.27,Stout
Old Rasputin,7.2,United States,4.0,North Coast Brewing Company,9.0,Stout - Russian Imperial,355ml,355,20.28,Stout
Humble Bumble v7,7.2,United States,4.18,Humble Forager Brewery,5.0,Hard Seltzer,355ml,355,20.28,Hard Seltzer
SIPS: Candy Paint,7.2,United States,3.89,Parish Brewing Co.,4.8,Sour - Fruited Berliner Weisse,Can 355ml,355,20.28,Sour
Sako Oude Gueuze Adelaar 2024,7.61,Belgium,3.77,Brouwerij-Stokerij Sako,6.5,Lambic - Gueuze,Bottle 375ml,375,20.29,Lambic
Hop Butcher For The World x Gnosis Skyway Sailors,9.6,United States,4.11,Hop Butcher For The World,6.75,IPA - New England / Hazy,Can 473ml,473,20.3,IPA
Monstruous Fat Big Stout -...,6.7,France,4.05,The Piggy Brewing Company,12.0,Stout - Imperial / Double Oatmeal,330ml,330,20.3,Stout
Black Master Imperial Stout BA #2,6.7,Belgium,4.05,Brewery De Meester,12.0,Stout - Imperial / Double,330ml,330,20.3,Stout
Aupa Tovarisch Aged 14 Months In Porto Barrels,6.7,Spain,4.18,Laugar Brewery,12.0,Stout - Russian Imperial,330ml,330,20.3,Stout
Juicy Bits,9.6,United States,4.15,WeldWerks Brewing Co.,6.7,IPA - New England / Hazy,Can 473ml,473,20.3,IPA
State Machine DDH Citra,9.6,United States,4.11,Spyglass Brewing Company,6.6,IPA - New England / Hazy,Can 473ml,473,20.3,IPA
Kupela Aingura  Cidre Bio...,6.7,France,3.51,Kupela Sagardoa - Cidre basque,5.5,Cider - Sweet,330ml,330,20.3,Cider
Retrogames,9.6,United States,4.06,Commonwealth Brewing Company,8.3,IPA - Imperial / Double New England / Hazy,Can 473ml,473,20.3,IPA
Présence Achevée,9.6,Canada,4.1,Messorem,5.5,Pale Ale - American,473ml,473,20.3,Pale Ale
Fuegitos,9.6,Canada,4.2,Brasserie du Bas-Canada,5.5,Pale Ale - American,473ml,473,20.3,Pale Ale
Homes Same Same Different,9.6,United States,4.09,HOMES Brewery,6.8,IPA - American,Can 473ml,473,20.3,IPA
Operation Warfare: Sedition,9.6,United States,4.15,Adroit Theory,8.3,IPA - New England / Hazy,473ml,473,20.3,IPA
Old School #2,6.7,Belgium,4.03,Brewery De Meester,12.0,Barleywine - English,330ml,330,20.3,Barleywine
Theta,9.6,United States,3.91,Hudson Valley Brewery,7.0,IPA - New England / Hazy,473ml,473,20.3,IPA
Barley Wine z Wiśniami,6.7,Poland,3.67,Browar Zamkowy Cieszyn,9.0,Barleywine - Other,Bottle 330ml,330,20.3,Barleywine
Tripping Animals x Parish x Vitamin Sea Six Years On Earth,9.6,United States,3.96,Tripping Animals Brewing Co.,7.8,IPA - Imperial / Double New England / Hazy,Can 473ml,473,20.3,IPA
The Sisters Yellow Batch 10,6.7,Netherlands,3.93,The Sisters Brewery,10.5,Stout - Imperial / Double Milk,330ml,330,20.3,Stout
Tripping Animals x Fidens x North Park Sixth Trip Around The Sun,9.6,United States,3.78,Tripping Animals Brewing Co.,8.0,IPA - Imperial / Double New England / Hazy,Can 473ml,473,20.3,IPA
Starhammer,7.62,Scotland,3.98,Holy Goat Brewing,6.0,Sour - Fruited,Bottle 375ml,375,20.32,Sour
Kalle Met d'n Oak,15.25,Netherlands,3.7,De Kromme Haring,9.5,Sour - Flanders Red Ale,Bottle 750ml,750,20.33,Sour
My Continuous Improvement Birthday Cake Imperial Pastry Stout,8.95,England,3.98,Cloudwater Brew Co.,11.0,Stout - Imperial / Double Pastry,Can 440ml,440,20.34,Stout
God Of Oceans,8.95,Greece,4.13,Seven Island Brewery,11.0,Stout - Imperial / Double Coffee,Can 440ml,440,20.34,Stout
Extravagant Truffle Chocolate Stout,8.95,Netherlands,4.23,Moersleutel Craft Brewery,13.0,Stout - Imperial / Double,Can 440ml,440,20.34,Stout
Lady Cupcake,8.95,Finland,4.1,Factory Brewing,11.7,Stout - Imperial / Double Pastry,Can 440ml,440,20.34,Stout
Cacaostorm – Pastry Stout,8.95,Finland,4.02,Salama Brewing Company,11.0,Stout - Imperial / Double Pastry,Can 440ml,440,20.34,Stout
Fatal Deviation Bourbon BA,8.95,Ireland,3.99,Whiplash,11.0,Stout - Imperial / Double,Can 440ml,440,20.34,Stout
Chronoscepter,8.95,England,4.13,Neon Raptor Brewing Co.,12.0,Stout - Imperial / Double Pastry,Can 440ml,440,20.34,Stout
Dolle Brouwers Stille Nacht 2019,8.95,Belgium,4.26,Brouwerij De Dolle Brouwers,12.0,Belgian Strong Golden Ale,Can 440ml,440,20.34,Belgian Strong Golden Ale
Facade on Soap Street,8.95,England,4.05,Cloudwater Brew Co.,6.0,IPA - American,Can 440ml,440,20.34,IPA
Galway Bay / La Pirata Sixty Ships Down,8.95,Ireland,4.17,Galway Bay Brewery,12.0,Stout - Imperial / Double,Can 440ml,440,20.34,Stout
Gueuze Mariage Parfait 2018,7.63,Belgium,3.81,Brouwerij Boon,8.0,Lambic - Gueuze,Bottle 375ml,375,20.35,Lambic
Uborkasaláta & Funk,15.26,Hungary,3.73,MadX,4.2,Farmhouse Ale - Other,Bottle 750ml,750,20.35,Farmhouse Ale
HORAL's Oude Geuze Megablend (2024),15.26,Belgium,3.93,Brouwerij Boon,7.0,Lambic - Gueuze,Bottle 750ml,750,20.35,Lambic
Medusa,8.96,United States,4.34,Mortalis Brewing Company,5.0,Sour - Smoothie / Pastry,Can 440ml,440,20.36,Sour
Saison du Chai 2022,15.3,France,4.05,Brasserie La Malpolon,6.5,Farmhouse Ale - Saison,Bottle 750ml,750,20.4,Farmhouse Ale
Rivington x Chain House Evil Dead 2 (2024),10.2,England,4.16,Rivington Brewing Co,8.0,IPA - Imperial / Double,Can 500ml,500,20.4,IPA
Konkey Dong (2024),9.65,United States,4.27,Hoof Hearted Brewing,8.0,IPA - Imperial / Double New England / Hazy,473ml,473,20.4,IPA
Living In & Out Of Tune,10.2,England,3.3,DEYA Brewing Company,7.0,Lager - Other,Can 500ml,500,20.4,Lager
Motueka DDH Juicy Bits,9.65,United States,4.16,WeldWerks Brewing Co.,6.7,IPA - New England / Hazy,473ml,473,20.4,IPA
Oude Schaarsbeekse Kriek,7.65,Belgium,3.66,Brouwerij Boon,6.0,Lambic - Kriek,Bottle 375ml,375,20.4,Lambic
The Prometheus Effect,15.3,United States,3.95,Modern Times Beer,6.3,Farmhouse Ale - Saison,Bottle 750ml,750,20.4,Farmhouse Ale
Rushing out in the Rain,15.31,Czech Republic,4.0,Métaphore,4.1,Farmhouse Ale - Grisette,Bottle 750ml,750,20.41,Farmhouse Ale
Palo Pinto Craft Cocktails: Strawberry Margarita,7.25,United States,3.42,Martin House Brewing Company,8.0,Flavored Malt Beverage,355ml,355,20.42,Flavored Malt Beverage
Palo Pinto Craft Cocktails: Bloody Mary,7.25,United States,3.76,Martin House Brewing Company,8.0,Flavored Malt Beverage,355ml,355,20.42,Flavored Malt Beverage
Palo Pinto Craft Cocktails: La Paloma,7.25,United States,3.54,Martin House Brewing Company,8.0,Flavored Malt Beverage,355ml,355,20.42,Flavored Malt Beverage
Palo Pinto Craft Cocktails: Moscow Mule,7.25,United States,3.19,Martin House Brewing Company,8.0,Flavored Malt Beverage,355ml,355,20.42,Flavored Malt Beverage
P.O.G Punch,8.99,Scotland,4.22,Vault City Brewing,8.0,Sour - Fruited,Can 440ml,440,20.43,Sour
Nelson,8.99,United States,3.96,Prison Pals Brewing Co,7.0,IPA - New England / Hazy,Can 440ml,440,20.43,IPA
LUVV: ORANGE CREAMSICLE,8.99,United States,4.18,HEAVY REEL BREWING CO.,5.0,Sour - Fruited Berliner Weisse,Can 440ml,440,20.43,Sour
Gemini Space Invader / Seven Island,8.99,Greece,3.82,Seven Island Brewery,8.0,IPA - Imperial / Double New England / Hazy,Can 440ml,440,20.43,IPA
Dead Balls,8.99,United States,3.91,Beer Zombies Brewing Co.,8.5,IPA - Imperial / Double,Can 440ml,440,20.43,IPA
Proper DIPA: Nelson Edition,8.99,England,4.08,Cloudwater Brew Co.,8.0,IPA - Imperial / Double New England / Hazy,Can 440ml,440,20.43,IPA
The Family Pizza,8.99,Germany,4.06,Sudden Death Brewing Co.,13.0,IPA - Quadruple,Can 440ml,440,20.43,IPA
Cosmo World (MELT),8.99,Sweden,4.23,Elmeleven,10.0,Stout - Imperial / Double Pastry,Can 440ml,440,20.43,Stout
"Nothing, To Their Mind, Was Difficult To Understand",8.99,England,3.97,Cloudwater Brew Co.,7.0,IPA - New England / Hazy,Can 440ml,440,20.43,IPA
7 Year Anniversary Barrel Aged Imperial Stout,8.99,Latvia,4.25,Ārpus Brewing Co.,13.0,Stout - Imperial / Double Pastry,Can 440ml,440,20.43,Stout
God of Oceans (Theogony Project),8.99,Greece,4.13,Seven Island Brewery,11.0,Stout - Imperial / Double Coffee,Can 440ml,440,20.43,Stout
BBA Back Already?,8.99,Sweden,4.15,Stigbergets Bryggeri,13.0,Stout - Imperial / Double Milk,Can 440ml,440,20.43,Stout
Sèxtuple,8.99,Belgium,4.18,Menno Olivier Brewing,11.0,Belgian Quadrupel,Can 440ml,440,20.43,Belgian Quadrupel
Brewing Keep Near Until Done West Coast Pale Ale,8.99,Denmark,3.4,Gamma Brewing Company,5.0,Pale Ale - American,Can 440ml,440,20.43,Pale Ale
Don't Tell Gus,8.99,England,4.24,Verdant Brewing Co,8.0,IPA - Imperial / Double New England / Hazy,Can 440ml,440,20.43,IPA
Ashes To Ashes,8.99,Germany,4.16,Amundsen Brewery,8.5,IPA - Imperial / Double,Can 440ml,440,20.43,IPA
Gloom,8.99,Finland,4.29,Revenant Brewing Project,10.1,IPA - Triple New England / Hazy,Can 440ml,440,20.43,IPA
Radix,8.99,Norway,4.18,Salikatt Bryggeri,8.0,Sour - Smoothie / Pastry,Can 440ml,440,20.43,Sour
Big Bourbon Barrel Aged Stout 2021,8.99,Sweden,4.12,Stigbergets Bryggeri,13.5,Stout - Imperial / Double,Can 440ml,440,20.43,Stout
Christmas Shake,8.99,Sweden,3.69,Omnipollo,7.5,IPA - Imperial / Double Milkshake,Can 440ml,440,20.43,IPA
(Growler) Twisted Transistor,8.99,Germany,3.53,FrauGruber Brewing,8.2,Bock - Weizendoppelbock,Can 440ml,440,20.43,Bock
(Growler) Trombolese,8.99,England,3.98,Neon Raptor Brewing Co.,8.0,IPA - Imperial / Double New England / Hazy,Can 440ml,440,20.43,IPA
Double Top,8.99,Spain,3.97,Oso Brew Co,8.5,IPA - Imperial / Double New England / Hazy,Can 440ml,440,20.43,IPA
TDH Power Juicer (Triple Citra): Oat Fluffed,8.99,United States,4.08,Icarus Brewing,7.5,IPA - Imperial / Double New England / Hazy,Can 440ml,440,20.43,IPA
Cambios - Barrel Aged Cuvee 2024,8.99,United States,3.98,Fremont Brewing,10.0,Stout - Imperial / Double Oatmeal,Can 440ml,440,20.43,Stout
Western Seaboard #1,8.99,England,3.9,Beak Brewery,6.8,IPA - American,Can 440ml,440,20.43,IPA
Swells,8.99,United States,4.22,Outer Range Brewing Co.,10.5,IPA - Triple New England / Hazy,Can 440ml,440,20.43,IPA
Imperial P.I.E Fighter,8.99,Norway,4.03,Amundsen Brewery,12.0,Stout - Imperial / Double Pastry,Can 440ml,440,20.43,Stout
Bereta I Am A Baker Heavily Fruited Sour,8.99,Romania,4.13,Bereta Brewing Co.,3.8,Sour - Smoothie / Pastry,Can 440ml,440,20.43,Sour
All Fuzz,8.99,Denmark,3.92,Bad Seed Brewing,8.0,IPA - Imperial / Double New England / Hazy,Can 440ml,440,20.43,IPA
Under The Same Sky,8.99,England,4.2,Verdant Brewing Co,8.4,IPA - Imperial / Double New England / Hazy,Can 440ml,440,20.43,IPA
PIM,8.99,Sweden,3.99,Omnipollo,5.6,Pale Ale - New England / Hazy,Can 440ml,440,20.43,Pale Ale
Barrel Aged No. 39,6.75,Netherlands,4.01,Bronckhorster Brewing Company,12.0,Belgian Tripel,330ml,330,20.45,Belgian Tripel
Candy Man,6.75,Hungary,3.97,Mad Scientist,12.0,Stout - Russian Imperial,330ml,330,20.45,Stout
Don't tRYE This @home Rye Wine 2021 Caol Ila & Bourbon Blend Barrel Aged,6.75,Netherlands,3.86,Jopen/ LERVIG,12.0,Rye Wine,330ml,330,20.45,Rye Wine
Zwarte Ziel 2024 Glenburgie Barrel Aged Imperial Smoked Porter,6.75,Netherlands,4.02,Jopen,11.5,Porter - Imperial / Double,330ml,330,20.45,Porter
TOOTS X QUEER BREWING,9.0,England,4.17,Beak Brewery,8.0,IPA - Imperial / Double New England / Hazy,Can 440ml,440,20.45,IPA
Black Treats Rye Whisky BA,6.75,Belgium,3.88,Galea Craft Beers,11.5,Stout - Imperial / Double Pastry,330ml,330,20.45,Stout
Silence,9.0,Ukraine,4.11,Дідько Brewery,11.9,Stout - Imperial / Double,Can 440ml,440,20.45,Stout
Very Big Moose Two Year Bourbon Edition,6.75,Scotland,3.89,Fierce Beer,12.5,Stout - Imperial / Double,330ml,330,20.45,Stout
Barrel Aged No. 37,6.75,Netherlands,4.16,Bronckhorster Brewing Company,12.0,Porter - Imperial / Double,330ml,330,20.45,Porter
Imperial Iced Dark Ale,6.75,Netherlands,3.9,Brouwerij Emelisse,15.7,Freeze-Distilled Beer,330ml,330,20.45,Freeze-Distilled Beer
Quadrupel Vatgerijpt 009/2023 – Teeling Whiskey,6.75,Netherlands,3.92,Eggens,11.0,Belgian Quadrupel,330ml,330,20.45,Belgian Quadrupel
Quadrupel Vatgerijpt 010/2023 – Lambay Whiskey,6.75,Netherlands,3.97,Eggens,11.0,Belgian Quadrupel,330ml,330,20.45,Belgian Quadrupel
Grindhouse,9.0,Germany,3.82,Sudden Death Brewing Co.,7.0,IPA - American,Can 440ml,440,20.45,IPA
Barrel Aged No. 40,6.75,Netherlands,3.84,Bronckhorster Brewing Company,11.5,Farmhouse Ale - Saison,330ml,330,20.45,Farmhouse Ale
Sureshot x Pomona Island The Blueberry Still Connects,9.0,England,3.66,Sureshot Brewing,7.0,Sour - Fruited,Can 440ml,440,20.45,Sour
Barrel Aged No. 38,6.75,Netherlands,3.88,Bronckhorster Brewing Company,10.0,Farmhouse Ale - Saison,330ml,330,20.45,Farmhouse Ale
Falda – C.I.S.,6.75,Spain,3.93,Menno Olivier Brewing,10.0,Stout - Imperial / Double,330ml,330,20.45,Stout
Neon Raptor x MakeMake - Blood of the Past - Fruited Sour IPA,9.0,England,3.79,Neon Raptor Brewing Co.,7.2,IPA - Fruited,Can 440ml,440,20.45,IPA
Bold Barley Wine Iced BA,6.75,Netherlands,3.72,Brouwerij Emelisse,18.3,Freeze-Distilled Beer,330ml,330,20.45,Freeze-Distilled Beer
Balcones Edition 2023  Barrel Aged Imperial Stout,6.75,Netherlands,4.02,Brouwerij de Molen,11.4,Stout - Imperial / Double,330ml,330,20.45,Stout
Very Big Moose Maple & Hazelnut Edition,6.75,Scotland,3.92,Fierce Beer,12.5,Stout - Imperial / Double,330ml,330,20.45,Stout
Of Juice,9.0,England,3.92,Three Hills Brewing,8.0,IPA - Imperial / Double New England / Hazy,Can 440ml,440,20.45,IPA
Ark & Duif Port Barrel Aged Imperial Stout,6.75,Netherlands,3.7,Brouwerij de Molen,11.6,Stout - Imperial / Double,330ml,330,20.45,Stout
Monster Soup,6.75,Netherlands,3.81,Butcher’s Tears,5.5,Stout - Imperial / Double,330ml,330,20.45,Stout
Tara 2024,6.75,Ireland,4.24,Lough Gill Brewery,14.8,Stout - Imperial / Double,330ml,330,20.45,Stout
Spear 2024,6.75,Ireland,4.25,Lough Gill Brewery,13.0,Stout - Imperial / Double Oatmeal,330ml,330,20.45,Stout
Knight Cap,6.75,Netherlands,3.9,Mannenpap,11.1,Stout - Imperial / Double,330ml,330,20.45,Stout
Zwarte Ziel 2024 Woodford Bourbon Barrel Aged Imperial Smoked Porter,6.75,Netherlands,3.96,Jopen,10.2,Porter - Imperial / Double,330ml,330,20.45,Porter
Kodu – Imperial Porter,6.75,Estonia,3.96,Põhjala,10.6,Porter - Imperial / Double Baltic,330ml,330,20.45,Porter
Oostvleteren 12 Sint Amatus Reserva 2018 – Belgisches Quadruple,6.75,Belgium,3.94,De Struise Brouwers,10.5,Belgian Quadrupel,330ml,330,20.45,Belgian Quadrupel
Barrel Aged No. 36,6.75,Netherlands,4.09,Bronckhorster Brewing Company,12.0,Belgian Tripel,330ml,330,20.45,Belgian Tripel
Balcones Whiskey Edition 2023  Barrel Aged Barley Wine,6.75,Netherlands,4.19,Brouwerij de Molen,13.5,Barleywine - Other,330ml,330,20.45,Barleywine
Very Big Moose 2024 Two Year Bourbon,6.75,Scotland,3.89,Fierce Beer,12.5,Stout - Imperial / Double,330ml,330,20.45,Stout
Mannenpap / Hooglander Knight Cap Brandy BA,6.75,Netherlands,3.9,Mannenpap,11.1,Stout - Imperial / Double,330ml,330,20.45,Stout
Warrior 2024,6.75,Ireland,4.2,Lough Gill Brewery,14.0,Stout - Imperial / Double,330ml,330,20.45,Stout
Track x Great Notion All The Moments,9.0,England,3.31,Track Brewing Company,6.0,Sour - Fruited,Can 440ml,440,20.45,Sour
Ogham 2024,6.75,Ireland,4.33,Lough Gill Brewery,14.8,Stout - Imperial / Double,330ml,330,20.45,Stout
Lunula 2024,6.75,Ireland,4.29,Lough Gill Brewery,14.8,Stout - Imperial / Double,330ml,330,20.45,Stout
Double Espresso Iced Stout,6.75,Netherlands,3.95,Brouwerij Emelisse,14.2,Freeze-Distilled Beer,330ml,330,20.45,Freeze-Distilled Beer
Risfactor Cocoa Nibs & Roasted Peanuts,6.76,Poland,4.07,Browar PINTA,10.0,Stout - Imperial / Double,330ml,330,20.48,Stout
Risfactor Coffee & Vanilla,6.76,Poland,4.08,Browar PINTA,10.0,Stout - Imperial / Double,330ml,330,20.48,Stout
Sup Dog,9.69,United States,4.02,Great Notion Brewing,6.8,IPA - New England / Hazy,473ml,473,20.49,IPA
Terra Nelson,9.69,United States,4.14,The Drowned Lands Brewery,10.5,IPA - Triple New England / Hazy,473ml,473,20.49,IPA
Verzet Oud Bruin Walnut 2021,15.37,Belgium,3.77,Brouwerij 't Verzet,6.0,Sour - Flanders Oud Bruin,Bottle 750ml,750,20.49,Sour
Pi²,9.69,United States,4.2,Equilibrium Brewery,9.9,IPA - Milkshake,473ml,473,20.49,IPA
Cosmic Boysenberry,7.69,United States,3.83,OverWorks USA,6.0,Sour - Fruited,Bottle 375ml,375,20.51,Sour
Cosmic Raspberry,7.69,United States,3.83,OverWorks USA,6.0,Sour - Fruited,Bottle 375ml,375,20.51,Sour
Cosmic Cherry,7.69,United States,3.78,OverWorks USA,6.0,Sour - Fruited,Bottle 375ml,375,20.51,Sour
Triple Digit Series: Chickow!,7.28,United States,4.06,Listermann Brewing Company,10.0,Brown Ale - Imperial / Double,355ml,355,20.51,Brown Ale
Multichorus,9.7,United States,4.3,Hudson Valley Brewery,7.0,IPA - Sour,473ml,473,20.51,IPA
Forever Ever IPA,9.7,United States,3.94,Other Half Brewing Co.,4.7,IPA - Session,473ml,473,20.51,IPA
Mischief Belgian Strong Golden Ale,9.7,United States,3.8,The Bruery,8.5,Belgian Strong Golden Ale,473ml,473,20.51,Belgian Strong Golden Ale
Introspective,7.69,United States,4.12,Beer Tree Brew,7.6,IPA - New England / Hazy,Bottle 375ml,375,20.51,IPA
Terps IPA x Escarpment Labs,9.7,Canada,3.85,Willibald Farm Brewery,6.5,IPA - American,473ml,473,20.51,IPA
Ruination IPA,7.28,United States,4.02,Stone Brewing,8.2,IPA - Imperial / Double,355ml,355,20.51,IPA
Third Moon x Messorem Grip the Nerves,9.7,Canada,4.17,Third Moon Brewing Company,8.0,IPA - Imperial / Double New England / Hazy,473ml,473,20.51,IPA
Oude Kriek (Vieille),7.69,Belgium,3.79,Oud Beersel,6.0,Lambic - Kriek,Bottle 375ml,375,20.51,Lambic
Kiljuhanhi,9.03,Finland,3.63,Panimoyhtiö Tuju,7.0,IPA - American,Can 440ml,440,20.52,IPA
Fruit Salad Days - Blackberry & Raspberry,9.03,Ireland,3.71,Whiplash,5.0,Sour - Fruited Berliner Weisse,Can 440ml,440,20.52,Sour
IMPERIAL STOUT - HOT SAUCE (Avery Island) BA 8 Et 12 Mois,6.77,France,3.81,Popihn,12.0,Stout - Imperial / Double,330ml,330,20.52,Stout
Black Block Palo Cortado,6.77,Spain,3.85,La Pirata Brewing,11.97,Stout - Imperial / Double,330ml,330,20.52,Stout
Boise - Sure Framboise,7.7,France,3.88,La Franche,5.0,Sour - Fruited Berliner Weisse,Bottle 375ml,375,20.53,Sour
Static Charge  -  voorbij THT/past BBE,7.7,England,3.9,Siren Craft Brew,7.7,Sour - Other,Bottle 375ml,375,20.53,Sour
Huge Arker Bourbon Barrel Imperial Stout,7.29,United States,4.09,Anderson Valley Brewing Company,15.5,Stout - Russian Imperial,355ml,355,20.54,Stout
Brewer's Desire Grape Ale,15.43,Belgium,3.71,Brewery John Martin & Brewery Timmermans,7.5,Brett Beer,Bottle 750ml,750,20.57,Brett Beer
Very Big Moose 2024 Rye Barrel Aged Edition,6.79,Scotland,4.05,Fierce Beer,12.5,Stout - Russian Imperial,330ml,330,20.58,Stout
Very Big Moose 2024 Maple & Hazelnut Edition,6.79,Scotland,3.92,Fierce Beer,12.5,Stout - Imperial / Double,330ml,330,20.58,Stout
Very Big Moose 2024 – Two Year Bourbon Edition,6.79,Scotland,3.89,Fierce Beer,12.5,Stout - Imperial / Double,330ml,330,20.58,Stout
Canon Sauvignon,15.45,Switzerland,3.9,À tue-tête,6.6,Sour - Fruited,Bottle 750ml,750,20.6,Sour
Black Damnation XVI – Ivan The Terrible,6.8,Belgium,4.21,De Struise Brouwers,15.0,Stout - Russian Imperial,330ml,330,20.61,Stout
The Jagged Rott Snare,6.8,Norway,4.01,Krecher,6.0,Sour - Smoothie / Pastry,330ml,330,20.61,Sour
Elevated Perspective v8,9.75,United States,3.89,Humble Forager Brewery,8.0,IPA - Imperial / Double New England / Hazy,473ml,473,20.61,IPA
Stout of This World: Bourbon BA,6.8,Netherlands,4.11,Jopen,10.1,Stout - Russian Imperial,330ml,330,20.61,Stout
White Label Series 24 - Dark Belgian Ale,6.8,Netherlands,3.92,Brouwerij Emelisse,13.5,Stout - Russian Imperial,330ml,330,20.61,Stout
Abricot,6.8,France,3.79,Sacrilège,5.4,Wild Ale - Other,330ml,330,20.61,Wild Ale
Pannepot Vintage Ale,6.8,Belgium,3.84,De Struise Brouwers,10.0,Dark Ale,Bottle 330ml,330,20.61,Dark Ale
Death By Caribbean Chocolate Cake 2023,6.8,England,4.21,Siren Craft Brew,10.0,Stout - Imperial / Double Milk,330ml,330,20.61,Stout
White Label Series 24 - Imperial Quadrupel,6.8,Netherlands,3.89,Brouwerij Emelisse,9.0,Stout - Russian Imperial,330ml,330,20.61,Stout
I Want the Beef,9.75,United States,4.12,Hop Butcher For The World,8.0,IPA - Imperial / Double New England / Hazy,473ml,473,20.61,IPA
$120 Nachos 2024,9.75,United States,4.31,Hoof Hearted Brewing,12.0,IPA - Triple New England / Hazy,473ml,473,20.61,IPA
Kokomo Drift (canned: 05-08-24),9.75,United States,4.27,Hoof Hearted Brewing,8.5,IPA - Imperial / Double New England / Hazy,473ml,473,20.61,IPA
Peche,6.8,France,3.89,Sacrilège,5.3,Sour - Fruited,330ml,330,20.61,Sour
Framboise,6.8,France,4.08,Sacrilège,5.5,Wild Ale - Other,330ml,330,20.61,Wild Ale
We're All Doomed XTRM TURBO,9.75,Canada,4.32,Messorem,9.1,IPA - Imperial / Double,473ml,473,20.61,IPA
Semper Supra,9.75,United States,4.29,District 96 Beer Factory,8.0,IPA - Imperial / Double New England / Hazy,473ml,473,20.61,IPA
Jakarta Trip,6.8,France,3.97,La Bièrothèque/ The Piggy Brewing Company,11.0,Stout - Imperial / Double Oatmeal,330ml,330,20.61,Stout
Speedway Stout Affogato Edition,9.75,United States,4.08,AleSmith Brewing Company,12.0,Stout - Imperial / Double Coffee,473ml,473,20.61,Stout
BLUE STRAGGLER,6.8,Spain,4.0,Garage Beer Co.,11.0,Stout - Imperial / Double,330ml,330,20.61,Stout
Au Petit Matin,6.8,France,4.09,Fauve,12.0,Stout - Imperial / Double Coffee,330ml,330,20.61,Stout
Foxy Lady,9.75,Chile,4.16,Granizo,11.5,Stout - Imperial / Double,473ml,473,20.61,Stout
Speedway Stout Horchata Edition,9.75,United States,3.85,AleSmith Brewing Company,12.0,Stout - Imperial / Double Coffee,473ml,473,20.61,Stout
Konkey Dong 2024,9.75,United States,4.27,Hoof Hearted Brewing,8.0,IPA - Imperial / Double New England / Hazy,473ml,473,20.61,IPA
Wheat From Desire: Oloroso BA,6.8,Netherlands,3.97,Jopen,12.0,Wheat Beer - Wheat Wine,330ml,330,20.61,Wheat Beer
Zwarte Ziel: 2023,6.8,Netherlands,3.96,Jopen,10.0,Porter - Imperial / Double,330ml,330,20.61,Porter
Lervig Kviek Culture: Brewski,6.8,Norway,3.77,LERVIG,8.0,Sour - Smoothie / Pastry,330ml,330,20.61,Sour
XPA,9.75,United States,3.9,Alvarado Street Brewery,5.0,Pale Ale - XPA (Extra Pale),473ml,473,20.61,Pale Ale
Must Kuld Paper Mill,6.8,Estonia,3.79,Põhjala,7.8,Porter - Coffee,330ml,330,20.61,Porter
From The Tranquil Depths (Adroit Theory Collab),6.8,Sweden,3.82,Ten Hands Brewing,12.2,Barleywine - American,330ml,330,20.61,Barleywine
Fluff Stuff – Blueberry,9.75,United States,4.29,Drekker Brewing Company,6.0,Sour - Fruited,473ml,473,20.61,Sour
Lavalantula,6.8,Norway,3.7,Krecher,6.0,Sour - Fruited,330ml,330,20.61,Sour
Cocobolo,6.8,Sweden,3.8,Duckpond Brewing,6.0,Sour - Fruited Gose,330ml,330,20.61,Sour
Cactus,9.75,United States,4.22,Tilted Barn Brewery,7.8,IPA - Imperial / Double New England / Hazy,473ml,473,20.61,IPA
The Other One,9.75,United States,4.3,Tilted Barn Brewery,7.9,IPA - Imperial / Double,473ml,473,20.61,IPA
Crimson Bouquet,9.69,United States,3.82,Mason Ale Works,8.1,Sour - Smoothie / Pastry,Can 470ml,470,20.62,Sour
Terra Citra 4th Anniversary,9.69,United States,4.35,The Drowned Lands Brewery,9.4,IPA - Triple,Can 470ml,470,20.62,IPA
Black Gold 4th Anniversary,9.69,United States,,The Drowned Lands Brewery,10.5,Stout - American,Can 470ml,470,20.62,Stout
Pressed - Stroopwafel,15.49,United States,4.19,Phase Three Brewing,12.0,Porter - Imperial / Double Coffee,Bottle 750ml,750,20.65,Porter
Oude Kriek 2018-2019 BLEND 86,7.64,Belgium,4.26,Brouwerij 3 Fonteinen,7.2,Lambic - Kriek,Bottle 370ml,370,20.65,Lambic
Oude Geuze Cuvée Armand en Gaston,15.49,Belgium,4.32,Brouwerij 3 Fonteinen,5.5,Lambic - Gueuze,Bottle 750ml,750,20.65,Lambic
Omnipollo / Toppling Goliath - Pseudo Church,9.09,Sweden,4.08,Omnipollo,8.1,IPA - Imperial / Double New England / Hazy,Can 440ml,440,20.66,IPA
Willy,7.75,Hungary,3.9,MONYO Brewing Co.,6.8,Wild Ale - Other,Bottle 375ml,375,20.67,Wild Ale
Hapax MT3 2023,15.5,France,3.97,Brasserie Septante-Deux,6.0,Lambic - Traditional,Bottle 750ml,750,20.67,Lambic
Bière Vivante Mûre /...,15.5,France,4.19,La Brasserie des Voirons / LUG,6.5,Grape Ale - Other,Bottle 750ml,750,20.67,Grape Ale
Berta,7.75,Hungary,3.93,MONYO Brewing Co.,6.8,Wild Ale - Other,Bottle 375ml,375,20.67,Wild Ale
Macération Mirabelles,15.5,France,4.16,Levain,7.0,Sour - Fruited,Bottle 750ml,750,20.67,Sour
Resilience,7.75,Portugal,3.92,Fermentage,12.0,Barleywine - American,Bottle 375ml,375,20.67,Barleywine
Flower Power,15.5,Canada,3.51,Revel Cider Company,9.5,Cider - Herbed / Spiced / Hopped,Bottle 750ml,750,20.67,Cider
Hapax MT3,15.5,France,3.97,Brasserie Septante-Deux,6.0,Lambic - Traditional,Bottle 750ml,750,20.67,Lambic
Galea Grand Cru Reserva 2023,15.5,Belgium,3.84,Galea Craft Beers,10.5,Bière de Champagne / Bière Brut,Bottle 750ml,750,20.67,Bière de Champagne / Bière Brut
Cassis Prunelle 2021,15.5,France,4.02,La Varette,5.5,Wild Ale - Other,Bottle 750ml,750,20.67,Wild Ale
Oude Geuze Geturfd 2022,15.5,Belgium,4.28,Brouwerij 3 Fonteinen,7.6,Lambic - Gueuze,Bottle 750ml,750,20.67,Lambic
Rust #6,7.75,Netherlands,3.78,Nevel Wild Ales,6.0,Wild Ale - Other,Bottle 375ml,375,20.67,Wild Ale
Frucht: Peach,15.5,United States,3.92,The Bruery Terreux,4.5,Sour - Fruited Berliner Weisse,Bottle 750ml,750,20.67,Sour
Fruits Rouges 23,15.5,France,,La Varette,6.0,Wild Ale - Other,Bottle 750ml,750,20.67,Wild Ale
Cassis 23,15.5,France,,La Varette,6.0,Wild Ale - Other,Bottle 750ml,750,20.67,Wild Ale
Rhubarbe 23,15.5,France,,La Varette,4.5,Wild Ale - Other,Bottle 750ml,750,20.67,Wild Ale
Été 2023,15.5,France,3.53,La Varette,6.0,Wild Ale - Other,Bottle 750ml,750,20.67,Wild Ale
Macération Pinot Noir,15.5,France,4.04,Levain,6.0,Sour - Other,Bottle 750ml,750,20.67,Sour
De Mie,15.5,France,,La Varette,6.0,Wild Ale - Other,Bottle 750ml,750,20.67,Wild Ale
Au Pif,15.5,France,3.99,La Montagnarde Sauvage,4.8,Sour - Other,Bottle 750ml,750,20.67,Sour
Kveik Brett's V2,15.5,France,4.15,Nano Brasserie SPO,7.1,Brett Beer,Bottle 750ml,750,20.67,Brett Beer
Macération Coings,15.5,France,4.02,Levain,5.0,Sour - Fruited,Bottle 750ml,750,20.67,Sour
Pêche Abricot 22,15.5,France,4.05,La Varette,5.5,Wild Ale - Other,Bottle 750ml,750,20.67,Wild Ale
Prima Guardia,9.1,Italy,4.16,Eastside Brewing,11.0,Stout - Imperial / Double Coffee,Can 440ml,440,20.68,Stout
Even Cloudier DDH Hard Lemonade,9.1,Scotland,4.16,Vault City Brewing,11.0,Sour - Fruited,Can 440ml,440,20.68,Sour
Extravagant: Vanille,9.1,Netherlands,4.26,Moersleutel Craft Brewery,12.0,Stout - Russian Imperial,Can 440ml,440,20.68,Stout
Gola de Llop,9.1,Spain,3.82,Castelló Beer Factory,10.5,Stout - Imperial / Double Milk,Can 440ml,440,20.68,Stout
Chronospector,9.1,England,4.15,Neon Raptor Brewing Co.,10.0,Stout - Imperial / Double,Can 440ml,440,20.68,Stout
Radio Crim NEIPA,9.1,Spain,3.93,Castelló Beer Factory,6.5,IPA - New England / Hazy,Can 440ml,440,20.68,IPA
GingerGeuze,15.51,Belgium,3.7,Brouwerij Lindemans,6.0,Lambic - Gueuze,Bottle 750ml,750,20.68,Lambic
Vault City - Chocolate Strawberry Dutch Pancakes,9.1,Scotland,3.97,Vault City Brewing,5.0,Sour - Smoothie / Pastry,Can 440ml,440,20.68,Sour
You Guys Give Up?,9.1,Northern Ireland,4.23,Boundary Brewing,12.5,Stout - Imperial / Double,Can 440ml,440,20.68,Stout
Scoop: Blueberry Cheesecake (canned: 08-08-24),9.1,England,4.54,Azvex Brewing Company,6.0,Sour - Smoothie / Pastry,Can 440ml,440,20.68,Sour
The Drowned Lands Cabin Fever,9.79,United States,3.99,The Drowned Lands Brewery,10.0,Barleywine - American,473ml,473,20.7,Barleywine
EBK [Down To Die] (Ghost EBK),9.79,United States,4.1,Adroit Theory,8.0,IPA - Imperial / Double New England / Hazy,473ml,473,20.7,IPA
Castle In the Clouds,9.79,United States,4.23,Burlington Beer Company,10.0,IPA - Triple New England / Hazy,473ml,473,20.7,IPA
Gueuze Lambic Bio,9.8,Belgium,4.18,Brasserie Cantillon,5.0,Lambic - Gueuze,473ml,473,20.72,Lambic
Juice Head Baby,9.13,Sweden,3.62,Stigbergets Bryggeri,7.0,Sour - Smoothie / Pastry,Can 440ml,440,20.75,Sour
The Dude,9.13,Italy,3.77,Birrificio Wild Raccoon,6.4,IPA - New England / Hazy,Can 440ml,440,20.75,IPA
Extinction Is Forever!: Sun Bear,10.38,Austria,3.73,Brauhaus Bevog,7.2,IPA - Imperial / Double Black,500ml,500,20.76,IPA
#4000,6.85,Netherlands,4.21,Brouwerij de Molen,14.0,Belgian Quadrupel,330ml,330,20.76,Belgian Quadrupel
Baden Power Warley Bine Cognac Barrel Aged With Cinnamon + Orange,6.85,France,3.96,O'Clock Brewing,11.5,Barleywine - American,330ml,330,20.76,Barleywine
Siren Death by Caribbean Chocolate Cake 2023,6.85,England,4.21,Siren Craft Brew,10.0,Stout - Imperial / Double Milk,330ml,330,20.76,Stout
Barrel West-Fries Tripel-Zwaar Barrel Aged,6.85,Netherlands,3.28,De Bierbroeders,10.0,Belgian Tripel,330ml,330,20.76,Belgian Tripel
Velvet Rush 2021,7.37,United States,4.06,Founders Brewing Co.,11.1,Brown Ale - Imperial / Double,355ml,355,20.76,Brown Ale
Oude Tart,15.59,United States,4.02,The Bruery Terreux,7.5,Sour - Flanders Red Ale,Bottle 750ml,750,20.79,Sour
Oude Geuze Boon Black Label Edition #9,15.6,Belgium,4.02,Brouwerij Boon,7.0,Lambic - Gueuze,Bottle 750ml,750,20.8,Lambic
Phoenix X Seven Island,7.8,Scotland,3.93,Holy Goat Brewing,6.0,Sour - Fruited,Bottle 375ml,375,20.8,Sour
Funk Weapon 2024,7.8,Scotland,4.06,Holy Goat Brewing,6.2,Sour - Other,Bottle 375ml,375,20.8,Sour
Geuze - 2019,7.8,Belgium,4.19,Geuzestekerij De Cam,6.5,Lambic - Gueuze,Bottle 375ml,375,20.8,Lambic
Rosalind Yeast,15.6,Wales,4.04,Sobremesa Farmhouse Beers & Natural Ciders,5.5,Farmhouse Ale - Saison,Bottle 750ml,750,20.8,Farmhouse Ale
Eha,15.6,Belgium,4.23,Het Boerenerf Eylenbosch,8.0,Lambic - Other,Bottle 750ml,750,20.8,Lambic
Unicorn Wizard 2024,7.8,Scotland,3.92,Holy Goat Brewing,5.6,Sour - Fruited,Bottle 375ml,375,20.8,Sour
"Independent House | Farmhouse Meursault 2022 | 6,2%",15.6,France,4.19,Independent House,6.2,Farmhouse Ale - Other,Bottle 750ml,750,20.8,Farmhouse Ale
"75 cl | 6,4%",15.6,France,4.08,Independent House,6.4,Farmhouse Ale - Saison,Bottle 750ml,750,20.8,Farmhouse Ale
Kestemont - Coulis Speciale - 75cl,15.6,Belgium,3.85,Brouwerij Kestemont,5.5,Lambic - Fruit,Bottle 750ml,750,20.8,Lambic
Oude Geuze - 2021,7.8,Belgium,3.74,Brouwerij Eylenbosch,5.8,Lambic - Gueuze,Bottle 375ml,375,20.8,Lambic
Incrocio Bianco,15.6,Italy,3.98,Siemàn,6.3,Grape Ale - Italian,Bottle 750ml,750,20.8,Grape Ale
Incrocio Rosso,15.6,Italy,3.99,Siemàn,6.1,Grape Ale - Italian,Bottle 750ml,750,20.8,Grape Ale
Pié Veloce - Brux Cascade,7.8,Italy,3.89,Ca' del Brado,7.4,Brett Beer,Bottle 375ml,375,20.8,Brett Beer
Rizz,9.85,United States,4.13,Long Live Beerworks,8.5,IPA - Imperial / Double New England / Hazy,473ml,473,20.82,IPA
Fazy (2024),9.85,Canada,4.19,Badlands Brewing Company,6.5,IPA - American,473ml,473,20.82,IPA
Hands of Desire - Plums Sour Ale,15.62,Belgium,3.83,Brasserie Surréaliste,6.0,Sour - Fruited,Bottle 750ml,750,20.83,Sour
Crystal Sail,7.4,United States,3.89,Superstition Meadery,6.0,Mead - Session / Short,Can 355ml,355,20.85,Mead
Valreep,6.89,Netherlands,3.86,Brouwerij Homeland,5.0,Stout - Imperial / Double Pastry,330ml,330,20.88,Stout
Oude Geuze 21/22 Assemblage n°126,15.67,Belgium,4.27,Brouwerij 3 Fonteinen,6.0,Lambic - Gueuze,Bottle 750ml,750,20.89,Lambic
Oude Geuze 20/21 Assemblage n°43,15.67,Belgium,4.2,Brouwerij 3 Fonteinen,6.0,Lambic - Gueuze,Bottle 750ml,750,20.89,Lambic
Fano Bryghus Dagmar of Bohemia,10.45,Denmark,3.47,Fanø Bryghus,7.8,Pilsner - Imperial / Double,500ml,500,20.9,Pilsner
Fano Bryghus Sweyn Forkbeard,10.45,Denmark,3.6,Fanø Bryghus,10.9,Barleywine - American,500ml,500,20.9,Barleywine
Only Interested In Bangers,9.89,United States,4.15,Hop Butcher For The World,8.0,IPA - Imperial / Double New England / Hazy,473ml,473,20.91,IPA
Pohjala Öö Xo (cellar Series),6.9,Estonia,4.13,Põhjala,11.5,Porter - Imperial / Double Baltic,330ml,330,20.91,Porter
Cocina Vasca DIPA,9.2,Spain,4.02,Basqueland Brewing,8.0,IPA - Imperial / Double New England / Hazy,Can 440ml,440,20.91,IPA
Bourbon Edition 2022 Wheat Wine,6.9,Netherlands,3.91,Brouwerij de Molen,10.0,Wheat Beer - Wheat Wine,330ml,330,20.91,Wheat Beer
Cosmic Fountain,9.89,United States,4.29,Hop Butcher For The World,7.5,IPA - Imperial / Double New England / Hazy,473ml,473,20.91,IPA
Txuleton DIPA x SOMA,9.2,Spain,4.12,Basqueland Brewing,8.0,IPA - Imperial / Double,Can 440ml,440,20.91,IPA
Whale Shark v8,6.9,Netherlands,3.94,De Kromme Haring,8.0,IPA - Imperial / Double,Can 330ml,330,20.91,IPA
Pannepot - Old Fisherman's Ale (Vintage 2020),6.9,Belgium,3.81,De Struise Brouwers,10.0,Belgian Strong Dark Ale,330ml,330,20.91,Belgian Strong Dark Ale
Muifel Vatgerijpt #12 Nondeju Grand Cru Gotik Gin,6.9,Netherlands,4.01,Muifelbrouwerij,11.5,Belgian Strong Golden Ale,330ml,330,20.91,Belgian Strong Golden Ale
Ecorce Bio,6.9,France,4.22,Sacrilège,8.4,Sour - Flanders Oud Bruin,330ml,330,20.91,Sour
Schorschbock 13,6.9,Germany,3.2,Schorschbräu,13.0,Bock - Doppelbock,330ml,330,20.91,Bock
The Algorithm pt. 3,6.9,Netherlands,4.19,Uiltje Brewing Company,14.5,Stout - Imperial / Double,330ml,330,20.91,Stout
Tilquin Oude Gueuze Tilquin Cuvée Jean-François 1759,15.68,Belgium,4.32,Gueuzerie Tilquin,7.3,Lambic - Gueuze,Bottle 750ml,750,20.91,Lambic
Canela Fina (Volcanic Soul Serie),6.9,Spain,3.81,Poch's Cervesa Artesana,10.1,Stout - Imperial / Double,330ml,330,20.91,Stout
Balcones Edition 2023 Barley Wine,6.9,Netherlands,4.19,Brouwerij de Molen,13.5,Barleywine - Other,330ml,330,20.91,Barleywine
Fiend Without A Face (Ghost FIEND),9.89,United States,4.23,Adroit Theory,10.2,IPA - Triple New England / Hazy,473ml,473,20.91,IPA
Crépuscule Enchanté,6.9,France,4.2,Fauve,12.0,Stout - Imperial / Double Pastry,330ml,330,20.91,Stout
Rebel (Ghost REBEL),9.89,United States,4.18,Adroit Theory,10.0,IPA - Triple New England / Hazy,473ml,473,20.91,IPA
Gevat 06 Imperial Stout op Tawny Port,6.9,Netherlands,3.85,Wentersch,11.5,Stout - Imperial / Double,330ml,330,20.91,Stout
Barrel Aged Barley Wine Marsala And Muscatel,6.9,Sweden,3.99,Poppels Bryggeri,12.4,Barleywine - Other,330ml,330,20.91,Barleywine
All Fuzz DIPA,9.2,Denmark,3.92,Bad Seed Brewing,8.0,IPA - Imperial / Double New England / Hazy,Can 440ml,440,20.91,IPA
Shark Pants,6.9,United States,3.63,3 Floyds Brewing/ De Struise Brouwers,8.7,IPA - Imperial / Double,330ml,330,20.91,IPA
Drop Project / Tap Social Movement – Gazin,6.9,England,3.76,Drop Project,5.8,IPA - American,330ml,330,20.91,IPA
Waavy,6.9,England,3.76,Drop Project,6.0,IPA - American,330ml,330,20.91,IPA
Remorseless,9.2,England,3.89,Black Iris Brewery,6.0,Sour - Smoothie / Pastry,Can 440ml,440,20.91,Sour
Killah Trichomes,9.89,United States,4.25,DankHouse Brewing Company,10.0,IPA - Triple New England / Hazy,473ml,473,20.91,IPA
Con Crema Rosa,9.2,England,3.83,Pastore Brewing and Blending,6.0,Sour - Smoothie / Pastry,Can 440ml,440,20.91,Sour
Kessel Run,6.9,England,3.68,Emperor's Brewery,13.1,Porter - Imperial / Double,330ml,330,20.91,Porter
HOP HOOLIGANS – Neon Gods,6.9,Romania,4.04,Hop Hooligans,14.5,IPA - Quadruple,330ml,330,20.91,IPA
Sobremesa Imperial Stout x Amundsen,9.2,Spain,4.11,Basqueland Brewing,12.0,Stout - Imperial / Double Pastry,Can 440ml,440,20.91,Stout
Schorschweizen 13,6.9,Germany,3.09,Schorschbräu,13.0,Bock - Weizenbock,330ml,330,20.91,Bock
Auroch,15.69,Belgium,3.96,La Source Beer Co.,8.6,Sour - Flanders Red Ale,Bottle 750ml,750,20.92,Sour
Old Fashion,15.69,Belgium,3.79,La Source Beer Co.,5.2,Historical Beer - Gruit / Ancient Herbed Ale,Bottle 750ml,750,20.92,Historical Beer
Bête Noire,15.69,Belgium,3.79,La Source Beer Co.,8.9,Sour - Flanders Oud Bruin,Bottle 750ml,750,20.92,Sour
Tripping Animals x Two Tides x Evil Twin Even More Six Years Fluff,9.9,United States,3.99,Tripping Animals Brewing Co.,6.0,Sour - Fruited,Can 473ml,473,20.93,Sour
Tripping Animals x Floc Froggo,9.9,United States,3.93,Tripping Animals Brewing Co.,7.7,IPA - Imperial / Double New England / Hazy,Can 473ml,473,20.93,IPA
Ripe In The Machine,9.9,United States,4.31,Parish Brewing Co.,8.5,IPA - Imperial / Double New England / Hazy,473ml,473,20.93,IPA
Tripping Animals x Mortalis x Kings Brewing Year Six Floating,9.9,United States,3.84,Tripping Animals Brewing Co.,6.0,Sour - Fruited,Can 473ml,473,20.93,Sour
Mortalis | Diner Pie Series | Mixed Berry Pie | Smoothie Sour Mûre Framboise Crumble | 6%,9.9,United States,4.33,Mortalis Brewing Company,6.0,Sour - Smoothie / Pastry,473ml,473,20.93,Sour
Plum Genetic Drift,9.9,United States,4.01,Speciation Artisan Ales,7.0,Sour - Fruited,Can 473ml,473,20.93,Sour
Double NNazareth,9.9,United States,4.28,Wax Wings Brewing Company,8.5,IPA - Imperial / Double,473ml,473,20.93,IPA
Subterranean Thunder,9.9,Canada,4.23,Third Moon Brewing Company,6.5,IPA - New England / Hazy,473ml,473,20.93,IPA
Mixed Berry Incipient,9.9,United States,3.96,Speciation Artisan Ales,7.5,Sour - Fruited,Can 473ml,473,20.93,Sour
Newgrounds #27,9.9,Canada,4.16,BreWskey,6.5,IPA - New England / Hazy,Can 473ml,473,20.93,IPA
Dorks of Hazard,9.9,United States,4.05,Hoof Hearted Brewing,7.0,IPA - New England / Hazy,473ml,473,20.93,IPA
Grimsy New England IPA,9.9,Canada,3.99,Third Moon Brewing Company,6.5,IPA - New England / Hazy,Can 473ml,473,20.93,IPA
Gemini,9.9,United States,4.08,Mortalis Brewing Company,7.0,Sour - Smoothie / Pastry,473ml,473,20.93,Sour
Produce Juice,9.9,United States,4.19,DankHouse Brewing Company,6.0,Sour - Fruited,473ml,473,20.93,Sour
Oude Kriek Vieille 2015,15.7,Belgium,3.79,Oud Beersel,6.0,Lambic - Kriek,Bottle 750ml,750,20.93,Lambic
3 Fonteinen Tuverbol,7.85,Belgium,3.8,Brouwerij 3 Fonteinen/ Brouwerij Loterbol,11.0,Belgian Strong Golden Ale,Bottle 375ml,375,20.93,Belgian Strong Golden Ale
Nib Bang!,10.47,Spain,3.65,Cyclic Beer Farm,5.3,Sour - Other,500ml,500,20.94,Sour
Condroz Extra Brut,15.71,Belgium,4.08,Cidrerie du Condroz,7.0,Cider - Dry,Bottle 750ml,750,20.95,Cider
Brewing the Storm,9.22,Germany,3.97,FrauGruber Brewing,13.8,Stout - Imperial / Double,Can 440ml,440,20.95,Stout
Holy,9.95,United States,4.22,Long Live Beerworks,10.0,Stout - Imperial / Double Pastry,475ml,475,20.95,Stout
Green Walnut,15.73,Belgium,3.85,Oud Beersel,6.5,Lambic - Other,Bottle 750ml,750,20.97,Lambic
Blue Razz,10.49,United States,4.22,Drekker Brewing Company,5.9,Sour - Smoothie / Pastry,500ml,500,20.98,Sour
Berry Doink,9.23,Denmark,3.52,Gamma Brewing Company,6.5,IPA - Milkshake,Can 440ml,440,20.98,IPA
Automnale,7.87,Belgium,3.97,La Source Beer Co.,5.7,Sour - Fruited,Bottle 375ml,375,20.99,Sour
Dansaert Metamorphosis,15.75,Belgium,3.84,Brussels Beer Project,6.0,Farmhouse Ale - Saison,Bottle 750ml,750,21.0,Farmhouse Ale
Hiärfst – Farmhouse Ale – MHD 15.02.2024,15.75,Germany,3.9,Kemker Kultuur (Brauerei J. Kemker),6.0,Historical Beer - Gruit / Ancient Herbed Ale,Bottle 750ml,750,21.0,Historical Beer
Pluri-Elle,15.75,Belgium,3.96,Lambiek Fabriek,6.2,Lambic - Fruit,Bottle 750ml,750,21.0,Lambic
"Dansaert Land, Waters, Afterlife",15.75,Belgium,3.74,Brussels Beer Project,6.5,Farmhouse Ale - Other,Bottle 750ml,750,21.0,Farmhouse Ale
Summer – Farmhouse Ale – MHD 15.02.2024,15.75,Germany,3.91,Kemker Kultuur (Brauerei J. Kemker),6.0,Historical Beer - Gruit / Ancient Herbed Ale,Bottle 750ml,750,21.0,Historical Beer
Winter – Farmhouse Ale – MHD 15.02.2024,15.75,Germany,4.06,Kemker Kultuur (Brauerei J. Kemker),7.0,Historical Beer - Gruit / Ancient Herbed Ale,Bottle 750ml,750,21.0,Historical Beer
Gloed,9.25,Netherlands,4.18,Nevel Wild Ales,6.0,Wild Ale - Other,Can 440ml,440,21.02,Wild Ale
Politics Without Principle,9.25,England,4.19,Bang The Elephant Brewing Co,11.3,Stout - Imperial / Double,Can 440ml,440,21.02,Stout
Le Champ Des Possibles (Specialty Grain),9.25,Switzerland,3.72,Brasserie L'Apaisée,4.6,Specialty Grain,Can 440ml,440,21.02,Specialty Grain
Commerce Without Morality,9.25,England,4.29,Bang The Elephant Brewing Co,11.2,Stout - Imperial / Double,Can 440ml,440,21.02,Stout
Worship Without Sacrifice,9.25,England,3.91,Bang The Elephant Brewing Co,11.5,Stout - Imperial / Double,Can 440ml,440,21.02,Stout
For All Alienkind (PULP),9.25,Sweden,4.16,Elmeleven,5.0,Sour - Smoothie / Pastry,Can 440ml,440,21.02,Sour
Space Guide for Humans (PULP),9.25,Sweden,4.16,Elmeleven,5.0,Sour - Smoothie / Pastry,Can 440ml,440,21.02,Sour
Pecan Pie Nut Crusher – Barrel Aged Imperial Stout,9.25,Germany,4.05,FrauGruber Brewing,13.8,Stout - Imperial / Double Pastry,Can 440ml,440,21.02,Stout
Brut Olasz,9.25,Netherlands,3.86,Vandenbroek,8.0,Lambic - Fruit,Can 440ml,440,21.02,Lambic
Choco Loco Maca,9.25,Finland,4.09,Salama Brewing Company,11.5,Stout - Imperial / Double Pastry,Can 440ml,440,21.02,Stout
Pure Magic 2024 (canned: 11-09-24),9.25,Scotland,4.09,Overtone Brewing Co,8.4,IPA - Imperial / Double New England / Hazy,Can 440ml,440,21.02,IPA
Choco Loco Nuts,9.25,Finland,4.07,Salama Brewing Company,11.0,Stout - Imperial / Double Pastry,Can 440ml,440,21.02,Stout
Masochist,9.89,United States,4.12,False Hope Brewing,9.5,IPA - Triple New England / Hazy,Can 470ml,470,21.04,IPA
Krema,9.95,United States,4.1,3 Sons Brewing Co.,8.0,IPA - Imperial / Double New England / Hazy,473ml,473,21.04,IPA
Hopscotch Injury Report,9.95,United States,4.06,WeldWerks Brewing Co.,8.2,IPA - Imperial / Double New England / Hazy,473ml,473,21.04,IPA
Dessert Station: Intangible,9.95,United States,4.29,Corporate Ladder Brewing Company,6.5,Gluten-Free,473ml,473,21.04,Gluten-Free
Bitrate Fluctuation,9.95,United States,4.25,Equilibrium Brewery,8.5,IPA - Imperial / Double,473ml,473,21.04,IPA
Here & Away,9.95,United States,3.88,Fifth Frame Brewing Co.,9.0,IPA - Imperial / Double,473ml,473,21.04,IPA
Ghost In the Laboratory (Batch 3),9.95,United States,4.08,Equilibrium Brewery,8.5,IPA - Imperial / Double New England / Hazy,473ml,473,21.04,IPA
Kokomo Drift,9.95,United States,4.27,Hoof Hearted Brewing,8.5,IPA - Imperial / Double New England / Hazy,473ml,473,21.04,IPA
"Brewing Morticia Bourbon, Oak & Coffee",9.95,United States,4.03,Barrier Brewing Company,10.1,Stout - Imperial / Double Coffee,473ml,473,21.04,Stout
Willibald Love Machine,9.95,Canada,4.06,Willibald Farm Brewery,8.2,IPA - Imperial / Double New England / Hazy,473ml,473,21.04,IPA
Gemini Circle The Wagons,9.95,United States,4.34,Mortalis Brewing Company,7.0,Sour - Smoothie / Pastry,473ml,473,21.04,Sour
Haze Cadet,9.95,United States,4.13,Toppling Goliath Brewing Co.,7.8,IPA - Imperial / Double New England / Hazy,473ml,473,21.04,IPA
Galaxy Extra Extra Juicy Bits,9.95,United States,4.26,WeldWerks Brewing Co.,8.6,IPA - Imperial / Double New England / Hazy,473ml,473,21.04,IPA
Pulling Strings,9.95,Canada,4.23,BreWskey,8.6,IPA - Imperial / Double New England / Hazy,473ml,473,21.04,IPA
Vitamin Sea x Trillium Mettle Kettle,9.95,United States,4.07,Vitamin Sea Brewing,8.0,IPA - Imperial / Double New England / Hazy,473ml,473,21.04,IPA
Smüzi Tangerine Whip,9.95,United States,4.28,Sapwood Cellars Brewery,4.5,Sour - Smoothie / Pastry,473ml,473,21.04,Sour
Power Juice Triple Citra: Oat Fluffed,9.95,United States,4.08,Icarus Brewing,7.5,IPA - Imperial / Double New England / Hazy,473ml,473,21.04,IPA
Vanillafort Max,9.95,United States,4.28,Sapwood Cellars Brewery,9.2,IPA - Triple New England / Hazy,473ml,473,21.04,IPA
Sensescape,9.95,Canada,4.27,Badlands Brewing Company,8.2,IPA - Imperial / Double,473ml,473,21.04,IPA
La Boucle,15.79,France,3.98,Levain,5.5,Sour - Other,Bottle 750ml,750,21.05,Sour
Nuance,15.79,France,3.91,Levain,6.0,Sour - Other,Bottle 750ml,750,21.05,Sour
Islay Barrel Aged Weizen Doppelbock,6.95,Netherlands,3.54,vandeStreek bier,10.0,Bock - Weizendoppelbock,Can 330ml,330,21.06,Bock
Barrel Wave Bourbon & Whisky Barrel Aged Imperial Stout,6.95,Netherlands,4.02,vandeStreek bier,12.6,Stout - Imperial / Double,Can 330ml,330,21.06,Stout
Annie Are You Oak Aged? Jim Beam BA,6.95,Netherlands,3.95,Jopen,11.0,Red Ale - Imperial / Double,330ml,330,21.06,Red Ale
Annie Are You Oak Aged? Jamaican Rum BA,6.95,Netherlands,3.95,Jopen,11.0,Red Ale - Imperial / Double,330ml,330,21.06,Red Ale
Grapsberry – Berliner Weisse mit Himbeeren und Grapefruit,6.95,Sweden,3.61,Brewski,4.7,Sour - Fruited Berliner Weisse,330ml,330,21.06,Sour
Churchwarden BA 2019 Vol.1 – Barrel Aged Imperial Stout,6.95,Netherlands,4.04,Brouwerij Frontaal,11.0,Stout - Imperial / Double,330ml,330,21.06,Stout
Sticky Mousetrap –  Barley Wine aged on Bourbon and Scotch Barrels,6.95,Netherlands,4.05,Brouwerij Frontaal,12.0,Barleywine - Other,330ml,330,21.06,Barleywine
Ex-Girlfriend 2024 BA Whisky Barrels,6.95,Netherlands,4.15,Jopen,13.7,Bock - Eisbock,330ml,330,21.06,Bock
Piece of Cake BA #1,6.95,Netherlands,4.02,Brouwerij Frontaal,12.0,Stout - Imperial / Double Pastry,330ml,330,21.06,Stout
Ex-Girlfriend 2024 BA Red Wine Barrels,6.95,Netherlands,4.09,Jopen,11.5,Bock - Eisbock,330ml,330,21.06,Bock
Ex-Girlfriend 2024 BA Brandy Barrels,6.95,Netherlands,4.3,Jopen,13.4,Bock - Eisbock,330ml,330,21.06,Bock
Ogham,6.95,Ireland,4.33,Lough Gill Brewery,14.8,Stout - Imperial / Double,330ml,330,21.06,Stout
Lunula,6.95,Ireland,4.29,Lough Gill Brewery,14.8,Stout - Imperial / Double,330ml,330,21.06,Stout
Tara,6.95,Ireland,3.74,Lough Gill Brewery,12.0,Stout - Imperial / Double,330ml,330,21.06,Stout
Spear,6.95,Ireland,4.09,Lough Gill Brewery,13.0,Stout - Imperial / Double Oatmeal,330ml,330,21.06,Stout
Sailing24 Tripel,6.95,Netherlands,3.35,Berging Brouwerij,10.3,Belgian Tripel,330ml,330,21.06,Belgian Tripel
Annie Are You Oak Aged? – Jim Bean Barrel Aged Imperial Red Ale,6.95,Netherlands,3.95,Jopen,11.0,Red Ale - Imperial / Double,330ml,330,21.06,Red Ale
Out in the Open – Bourbon Barrel Aged Imperial Stout,6.95,Netherlands,4.01,Brouwerij Frontaal,11.0,Stout - Imperial / Double,330ml,330,21.06,Stout
Calvados Edition 2024 Barley Wine,6.95,Netherlands,4.1,Brouwerij de Molen,13.7,Barleywine - English,330ml,330,21.06,Barleywine
Piece of Cake B.A. #1,6.95,Netherlands,4.02,Brouwerij Frontaal,12.0,Stout - Imperial / Double Pastry,330ml,330,21.06,Stout
Curemlein Imperial Pastry Stout,6.95,Norway,3.91,Krecher,13.0,Stout - Imperial / Double Pastry,Can 330ml,330,21.06,Stout
Mega,6.95,Sweden,4.05,Dugges Bryggeri,15.0,Stout - Imperial / Double,330ml,330,21.06,Stout
Walhalla Astaroth Benrinnes Speyside BA,6.95,Netherlands,4.01,Walhalla Brouwerij & Proeflokaal,10.0,Smoked Beer,330ml,330,21.06,Smoked Beer
Sailing24 IDS,6.95,Netherlands,,Berging Brouwerij,10.3,Stout - Imperial / Double,330ml,330,21.06,Stout
Sailing24 Barley Wine,6.95,Netherlands,3.07,Berging Brouwerij,12.5,Barleywine - Other,330ml,330,21.06,Barleywine
Annie Are You Oak Aged? – Heaven Hill Barrel Aged Imperial Red Ale,6.95,Netherlands,3.98,Jopen,11.0,Red Ale - Imperial / Double,330ml,330,21.06,Red Ale
Äbbeltizer – Barrel Aged Bock – Edition 2021 / 9 Monate im Calvados Fass gereift,6.95,Germany,3.66,KUEHN KUNZ ROSEN,6.7,Cider - Graff,330ml,330,21.06,Cider
Gevat 05 Imperial Stout op Maple Syrup,6.95,Netherlands,3.95,Wentersch,11.5,Stout - Imperial / Double,330ml,330,21.06,Stout
ÖÖ XO Cognac Barrel Aged Imperial Baltic Porter,6.95,Estonia,4.13,Põhjala,11.5,Porter - Imperial / Double Baltic,330ml,330,21.06,Porter
Sailing24 Quadrupel,6.95,Netherlands,,Berging Brouwerij,10.6,Belgian Quadrupel,330ml,330,21.06,Belgian Quadrupel
Gevat 03 Barleywine Islay BA,6.95,Netherlands,3.75,Wentersch,10.0,Barleywine - Other,330ml,330,21.06,Barleywine
Very Big Moose 2024 - Two Year Bourbon Edition,6.95,Scotland,3.89,Fierce Beer,12.5,Stout - Imperial / Double,330ml,330,21.06,Stout
Struise Pannepot Reserva 2019,6.95,Belgium,4.03,De Struise Brouwers,10.0,Belgian Strong Dark Ale,330ml,330,21.06,Belgian Strong Dark Ale
Walhalla Astaroth Croftengea Peated BA,6.95,Netherlands,3.91,Walhalla Brouwerij & Proeflokaal,10.0,Smoked Beer,330ml,330,21.06,Smoked Beer
Barrel Project 19.04 – Barrel Aged Porter,6.95,Netherlands,4.01,Brouwerij Kees,11.0,Porter - Imperial / Double,330ml,330,21.06,Porter
Quadrupel Barrel Aged,6.95,Netherlands,3.5,Brouwerij De 12 Stuyvers,6.2,Belgian Quadrupel,330ml,330,21.06,Belgian Quadrupel
Annie Are You Oak Aged? – Jamaican Rum Barrel Aged Imperial Red Ale,6.95,Netherlands,3.95,Jopen,11.0,Red Ale - Imperial / Double,330ml,330,21.06,Red Ale
Balcones Edition 2024 Imp. Stout,6.95,Netherlands,4.02,Brouwerij de Molen,11.4,Stout - Imperial / Double,330ml,330,21.06,Stout
Barrel Aged Serie No.40 – Specialty Saison Tequila Barrel Aged,6.95,Netherlands,3.84,Bronckhorster Brewing Company,11.5,Farmhouse Ale - Saison,330ml,330,21.06,Farmhouse Ale
Sin & Remorse 2021 Brandy Barrel Aged Imperial Stout,6.95,Netherlands,4.01,Jopen,11.0,Stout - Imperial / Double,330ml,330,21.06,Stout
Orval 2020,6.95,Belgium,3.96,Brasserie d'Orval,6.0,Pale Ale - Belgian,330ml,330,21.06,Pale Ale
Struise Moccha Bomb,6.95,Netherlands,4.07,Brouwerij de Molen/ De Struise Brouwers,13.0,Stout - Russian Imperial,330ml,330,21.06,Stout
Wheat From Desire Oloroso & Rum Barrel Aged Wheat Wine,6.95,Netherlands,3.97,Jopen,12.0,Wheat Beer - Wheat Wine,330ml,330,21.06,Wheat Beer
Lunala,6.95,Ireland,4.29,Lough Gill Brewery,14.8,Stout - Imperial / Double,330ml,330,21.06,Stout
Wheat From Desire Tomintoul Barrel Aged Wheat Wine,6.95,Netherlands,3.95,Jopen,11.5,Wheat Beer - Wheat Wine,330ml,330,21.06,Wheat Beer
AUPA TOVARISCH Russian Imperial Stout,6.95,Spain,4.07,Laugar Brewery,12.0,Stout - Russian Imperial,330ml,330,21.06,Stout
Wheat From Desire Whiskey & Bourbon Barrel Aged Wheat Wine,6.95,Netherlands,3.93,Jopen,11.5,Wheat Beer - Wheat Wine,330ml,330,21.06,Wheat Beer
Very Big Moose 2024 - Rye Old Fashioned Edition,6.95,Scotland,4.05,Fierce Beer,12.5,Stout - Russian Imperial,330ml,330,21.06,Stout
Divine Comédie – Amarone Édition,6.95,France,3.89,Mogwaï Beer Company,10.0,Stout - Imperial / Double,330ml,330,21.06,Stout
Cellar Series Bison In The Barrel Room Apple Brandy Barrel Aged Imperial Baltic Porter,6.95,Estonia,4.22,Põhjala,13.5,Porter - Imperial / Double Baltic,330ml,330,21.06,Porter
Gevat 04 Barleywine Irish Whisky BA,6.95,Netherlands,4.0,Wentersch,10.0,Barleywine - Other,330ml,330,21.06,Barleywine
Divine Comédie – Madere Édition,6.95,France,3.86,Mogwaï Beer Company,10.0,Stout - Imperial / Double,330ml,330,21.06,Stout
Very Big Moose 2024 - Maple & Hazelnut Edition,6.95,Scotland,3.92,Fierce Beer,12.5,Stout - Imperial / Double,330ml,330,21.06,Stout
Kop & Schotel  BA Export Porter,6.95,Netherlands,3.87,Brouwerij de Molen,10.7,Porter - Other,330ml,330,21.06,Porter
Tom Thumb,15.8,France,4.27,Hoppy Road,5.2,Sour - Other Gose,Bottle 750ml,750,21.07,Sour
L'internationale,15.8,France,3.86,La Montagnarde Sauvage,6.5,Farmhouse Ale - Bière de Garde,Bottle 750ml,750,21.07,Farmhouse Ale
Brett-Elle,7.9,Belgium,3.87,Lambiek Fabriek,6.3,Lambic - Gueuze,Bottle 375ml,375,21.07,Lambic
Pera,15.8,Canada,4.07,Revel Cider Company,6.3,Cider - Perry / Poiré,Bottle 750ml,750,21.07,Cider
Grosse Coupure,7.9,France,4.07,Brasserie La Malpolon,11.2,Belgian Strong Dark Ale,Bottle 375ml,375,21.07,Belgian Strong Dark Ale
Gertrud,15.8,Belgium,4.04,Het Boerenerf Eylenbosch,8.0,Lambic - Fruit,Bottle 750ml,750,21.07,Lambic
St. Bernardus Christmas 75cl,15.8,Belgium,3.86,Brouwerij St.Bernardus,10.0,Winter Ale,Bottle 750ml,750,21.07,Winter Ale
You Gotta Make A Decision,15.8,Hungary,3.9,MadX,6.0,Sour - Flanders Red Ale,Bottle 750ml,750,21.07,Sour
Spring 2021,15.8,Canada,4.1,Revel Cider Company,6.3,Cider - Other Fruit,Bottle 750ml,750,21.07,Cider
Albert,15.8,Estonia,3.79,Pühaste Brewery,8.0,Wild Ale - Other,Bottle 750ml,750,21.07,Wild Ale
Siren Burst Into Song,7.91,England,3.87,Siren Craft Brew,8.4,Sour - Other,Bottle 375ml,375,21.09,Sour
Lost In the Dream,9.29,Scotland,3.97,Overtone Brewing Co,7.8,IPA - Imperial / Double New England / Hazy,Can 440ml,440,21.11,IPA
God of Souls (Theogony Project),9.29,Greece,4.17,Seven Island Brewery,11.0,Stout - Imperial / Double Coffee,Can 440ml,440,21.11,Stout
Carrot Cake,9.29,Scotland,4.05,Vault City Brewing,8.0,Sour - Smoothie / Pastry,Can 440ml,440,21.11,Sour
NPC,9.29,Spain,4.19,SOMA Beer,8.0,IPA - Imperial / Double New England / Hazy,Can 440ml,440,21.11,IPA
Pure Magic 2024,9.29,Scotland,4.09,Overtone Brewing Co,8.4,IPA - Imperial / Double New England / Hazy,Can 440ml,440,21.11,IPA
Casa Agria Full Blaze West Coast IPA,9.99,United States,3.88,Casa Agria Specialty Ales,6.5,IPA - American,473ml,473,21.12,IPA
Borrowed Brilliance,9.99,United States,4.32,Timber Ales,12.0,Stout - Imperial / Double,473ml,473,21.12,Stout
Ghost In The Laboratory (canned: 22-08-24),9.99,United States,4.18,Equilibrium Brewery,8.5,IPA - Imperial / Double New England / Hazy,473ml,473,21.12,IPA
Bank Hotel,9.99,Canada,4.35,Brasserie du Bas-Canada,7.1,IPA - American,473ml,473,21.12,IPA
Commutatio: Le Ketch,9.99,Canada,4.3,Messorem,6.5,IPA - New England / Hazy,473ml,473,21.12,IPA
Midnight Harvest 2022,6.97,Spain,4.17,Laugar Brewery,12.4,Stout - Russian Imperial,330ml,330,21.12,Stout
Club Sandwich,9.99,United States,3.83,Burley Oak Brewing Company,7.0,IPA - Imperial / Double,473ml,473,21.12,IPA
Daydream In Green,9.99,United States,4.38,Other Half Brewing Co.,8.1,IPA - Imperial / Double New England / Hazy,Can 473ml,473,21.12,IPA
Citra Extra Extra Juicy Bits,9.99,United States,4.35,WeldWerks Brewing Co.,8.6,IPA - Imperial / Double New England / Hazy,473ml,473,21.12,IPA
Terra Citra (4th Anniversary),9.99,United States,4.35,The Drowned Lands Brewery,9.4,IPA - Triple,473ml,473,21.12,IPA
VOIID-03,9.99,United States,4.12,Adroit Theory,9.0,IPA - Imperial / Double New England / Hazy,473ml,473,21.12,IPA
Apolitical,9.99,United States,4.1,District 96 Beer Factory,6.5,IPA - New England / Hazy,473ml,473,21.12,IPA
Kattenbos Oaked (Limited Edition),6.97,Belgium,3.23,Microbrouwerij Mølder & Coöp.,8.4,Sour - Other,330ml,330,21.12,Sour
Fountainbier Peach Gummy,9.99,Canada,3.99,Superflux Beer Company,4.0,Sour - Other,473ml,473,21.12,Sour
Night And Day,9.99,United States,4.18,Modestman Brewing LLC,8.5,IPA - Imperial / Double New England / Hazy,473ml,473,21.12,IPA
Braaaaaaaains – Blackberry Bellini Zing,9.99,United States,4.04,Drekker Brewing Company,6.3,Sour - Smoothie / Pastry,473ml,473,21.12,Sour
Konkey Dong 4Up Evolution Aquatic Ape Theory,9.99,United States,4.27,Hoof Hearted Brewing,9.5,IPA - Triple,473ml,473,21.12,IPA
Evangelion XVIII [Lilin],9.99,United States,4.15,Adroit Theory,10.0,IPA - Triple,473ml,473,21.12,IPA
Oh My God,9.99,United States,4.2,Modestman Brewing LLC,8.5,IPA - Imperial / Double New England / Hazy,473ml,473,21.12,IPA
AntiMatter,9.99,United States,4.2,Adroit Theory,10.5,IPA - Triple New England / Hazy,473ml,473,21.12,IPA
Mandarin Alien Church,9.99,United States,3.9,Tired Hands Brewing Company,7.0,IPA - New England / Hazy,473ml,473,21.12,IPA
Causality Loop,9.99,United States,3.93,Spyglass Brewing Company,8.0,IPA - Imperial / Double New England / Hazy,473ml,473,21.12,IPA
Citra Grove,9.99,United States,4.07,Beer Tree Brew,6.7,IPA - New England / Hazy,473ml,473,21.12,IPA
Grapefruit Double IPA,9.99,United States,3.85,Claremont Craft Ales,8.8,IPA - Imperial / Double,473ml,473,21.12,IPA
Hypa #7,9.99,Canada,4.24,Brasserie du Bas-Canada,6.5,IPA - American,473ml,473,21.12,IPA
Florallusion,9.99,Canada,4.26,Brasserie du Bas-Canada,5.5,Pale Ale - American,473ml,473,21.12,Pale Ale
Echolocation,9.99,United States,4.06,Equilibrium Brewery,8.0,IPA - Imperial / Double New England / Hazy,473ml,473,21.12,IPA
Milkshake IPA (Blueberry Pancake),9.99,United States,4.1,Tired Hands Brewing Company,7.2,IPA - Milkshake,473ml,473,21.12,IPA
Seven Deadly Sins Wrath,9.99,United States,4.17,Imprint Beer Co.,12.0,Stout - Imperial / Double Pastry,473ml,473,21.12,Stout
Hypa #6,9.99,Canada,4.29,Brasserie du Bas-Canada,6.5,IPA - American,473ml,473,21.12,IPA
All I See Is Carrion (Ghost CARRION),9.99,United States,4.12,Adroit Theory,11.5,Belgian Quadrupel,473ml,473,21.12,Belgian Quadrupel
In Absentia New England IPA,9.99,United States,4.15,Brick & Feather Brewery,7.2,IPA - New England / Hazy,473ml,473,21.12,IPA
Letters From Zelda New England IPA,9.99,United States,4.09,Brick & Feather Brewery,6.5,IPA - New England / Hazy,473ml,473,21.12,IPA
Half-Light Sunbeam New England IPA,9.99,United States,4.06,Brick & Feather Brewery,6.5,IPA - New England / Hazy,473ml,473,21.12,IPA
House Lager Lime,9.99,United States,3.84,Tree House Brewing Company,4.3,Lager - American Light,473ml,473,21.12,Lager
Obolus New Zealand Pilsner,9.99,United States,3.83,Adroit Theory,5.2,Pilsner - New Zealand,473ml,473,21.12,Pilsner
Pseudo Sue Pale Ale,9.99,United States,4.11,Toppling Goliath Brewing Co.,5.8,Pale Ale - American,473ml,473,21.12,Pale Ale
Hypnotize Minds,9.99,United States,4.06,3 Sons Brewing Co.,6.5,Sour - Fruited Berliner Weisse,473ml,473,21.12,Sour
Toppling Goliath/Radiant Radiant Haze American IPA,9.99,United States,3.92,Toppling Goliath Brewing Co.,7.0,IPA - American,473ml,473,21.12,IPA
Tie-Dye Science New England IPA,9.99,United States,3.97,Equilibrium Brewery,6.5,IPA - New England / Hazy,473ml,473,21.12,IPA
Ghost In The Laboratory,9.99,United States,4.31,Equilibrium Brewery,8.5,IPA - Imperial / Double New England / Hazy,473ml,473,21.12,IPA
Blueberry Coconut Lemon J.R.E.A.M.,9.99,United States,3.8,Burley Oak Brewing Company,4.8,Sour - Fruited,473ml,473,21.12,Sour
Citra Extra Extra Juicy Bits (canned: 31-7-24),9.99,United States,4.35,WeldWerks Brewing Co.,8.6,IPA - Imperial / Double New England / Hazy,473ml,473,21.12,IPA
Triple Snorkel Squad,9.99,United States,4.34,Hop Butcher For The World,10.5,IPA - Triple New England / Hazy,473ml,473,21.12,IPA
Jacaranda,9.99,United States,3.73,Claremont Craft Ales,6.7,IPA - Rye,473ml,473,21.12,IPA
"Kokomo Drift (Citra, Mosaic, And Motueka Hops) 2024",9.99,United States,4.3,Hoof Hearted Brewing,8.5,IPA - Imperial / Double New England / Hazy,473ml,473,21.12,IPA
Seven Deadly Sins Pride,9.99,United States,4.09,Imprint Beer Co.,12.0,Stout - Imperial / Double Pastry,473ml,473,21.12,Stout
Commutatio: Third Moon,9.99,Canada,4.2,Messorem,6.5,IPA - New England / Hazy,473ml,473,21.12,IPA
Temporalis #0020,9.99,Canada,4.34,Messorem,10.1,IPA - Triple New England / Hazy,473ml,473,21.12,IPA
Quadranormal,9.99,Canada,4.31,Messorem,11.9,IPA - Quadruple,473ml,473,21.12,IPA
The Death Of Civilization,9.99,United States,4.15,Adroit Theory,8.5,IPA - Imperial / Double New England / Hazy,473ml,473,21.12,IPA
House Lager Motueka,9.99,United States,3.94,Tree House Brewing Company,4.3,Lager - American Light,473ml,473,21.12,Lager
WAVES (Coconut + Vanilla),9.99,United States,4.11,Barclay Brewing Co.,13.0,Stout - Imperial / Double,473ml,473,21.12,Stout
Strawberry Brulee,7.5,United States,3.88,Timber Ales,6.0,Stout - American,355ml,355,21.13,Stout
Until Forever Fades Away IPA,9.3,England,3.96,Wylam,6.2,IPA - Other,Can 440ml,440,21.14,IPA
Basqueland / Meta - Gazpatxo,9.3,Spain,3.67,Basqueland Brewing,6.2,Lager - IPL (India Pale Lager),Can 440ml,440,21.14,Lager
Hop Duos! - Nelson + Mosaic,10.0,United States,4.13,Other Half Brewing Co.,6.5,IPA - New England / Hazy,473ml,473,21.14,IPA
Mango Habanero Margarita,10.0,United States,4.27,Corporate Ladder Brewing Company,6.5,Gluten-Free,473ml,473,21.14,Gluten-Free
PIM Pale Ale,9.3,Sweden,3.99,Omnipollo,5.6,Pale Ale - New England / Hazy,Can 440ml,440,21.14,Pale Ale
MAZE Pale Ale x Sierra Nevada,9.3,Sweden,3.54,Omnipollo,5.6,Pale Ale - American,Can 440ml,440,21.14,Pale Ale
Substitution,10.0,Canada,4.26,Brasserie du Bas-Canada,6.9,IPA - American,473ml,473,21.14,IPA
Hypa #5,10.0,Canada,4.3,Brasserie du Bas-Canada,6.5,IPA - American,473ml,473,21.14,IPA
Juicy Bits IPA,10.0,United States,4.15,WeldWerks Brewing Co.,6.7,IPA - New England / Hazy,473ml,473,21.14,IPA
47th Street,10.0,United States,4.16,Other Half Brewing Co.,8.0,IPA - Imperial / Double New England / Hazy,473ml,473,21.14,IPA
Elmeleven A World That Works,9.3,Sweden,4.12,Elmeleven,5.5,Sour - Smoothie / Pastry,Can 440ml,440,21.14,Sour
Boxer's Revenge,10.0,United States,4.1,Jester King Brewery,10.0,Wild Ale - American,473ml,473,21.14,Wild Ale
Peach & Blueberry Clouds,9.3,Scotland,3.89,Vault City Brewing,6.5,IPA - Sour,Can 440ml,440,21.14,IPA
Nitro Peanut Better Stout,9.3,Norway,3.89,LERVIG,11.2,Stout - Imperial / Double Pastry,Can 440ml,440,21.14,Stout
The Chosen One DIPA,10.0,United States,4.29,Tilted Barn Brewery,8.0,IPA - Imperial / Double,473ml,473,21.14,IPA
Knockout Juice,10.0,United States,4.2,Other Half Brewing Co.,8.0,IPA - Imperial / Double New England / Hazy,473ml,473,21.14,IPA
Christmas Shake IPA,9.3,Sweden,3.69,Omnipollo,7.5,IPA - Imperial / Double Milkshake,Can 440ml,440,21.14,IPA
Pseudoscience,10.0,United States,4.23,BlackStack Brewing,8.4,IPA - Imperial / Double New England / Hazy,473ml,473,21.14,IPA
Annihilation,10.0,United States,4.15,Adroit Theory,7.5,IPA - Imperial / Double New England / Hazy,473ml,473,21.14,IPA
Bone Tree DDH Fourth Anniversary,10.0,Canada,4.13,Third Moon Brewing Company,6.5,IPA - New England / Hazy,473ml,473,21.14,IPA
Riwaka Chroma,10.0,United States,4.13,Other Half Brewing Co.,6.3,IPA - New Zealand,473ml,473,21.14,IPA
Magic Hour Sour,9.3,United States,4.13,Outer Range Brewing Co.,6.6,IPA - American,Can 440ml,440,21.14,IPA
Beer Roots,6.99,England,3.84,The Wild Beer Co,9.5,Hard Ginger Beer,330ml,330,21.18,Hard Ginger Beer
Sailing'24 Rum Barrel Aged Quadrupel,6.99,Netherlands,3.92,Berging Brouwerij,10.6,Belgian Quadrupel,330ml,330,21.18,Belgian Quadrupel
Bianca Non-Alcoholic Pineapple Sour,6.99,Sweden,3.84,Omnipollo,0.3,Non-Alcoholic - Sour,330ml,330,21.18,Non-Alcoholic
Chardonnay Volcanic Soul Series,6.99,Spain,3.82,Poch's Cervesa Artesana,11.4,Pilsner - Imperial / Double,330ml,330,21.18,Pilsner
Hoods On Peregrine,6.99,Romania,3.98,Bereta Brewing Co.,10.7,Stout - Imperial / Double Pastry,330ml,330,21.18,Stout
Crazy Druid Stout,6.99,Netherlands,4.01,Nemeton Brewing,14.5,Stout - Imperial / Double,330ml,330,21.18,Stout
DOLIO Imperial Stout,6.99,Germany,3.69,Brauerei Lemke,12.0,Stout - Imperial / Double,330ml,330,21.18,Stout
Sailing'24 Rum Barrel Aged Barley Wine,6.99,Netherlands,4.06,Berging Brouwerij,12.5,Barleywine - Other,330ml,330,21.18,Barleywine
Bon Secours Blonde Tradition,6.99,Belgium,3.42,Brasserie Caulier,8.0,Belgian Strong Golden Ale,330ml,330,21.18,Belgian Strong Golden Ale
Xmas Quad BA (2023),6.99,Denmark,3.64,To Øl,11.0,Belgian Quadrupel,330ml,330,21.18,Belgian Quadrupel
Meesterstuk 2023 Ba Oloroso,6.99,Netherlands,4.06,Jopen,10.5,Stout - Imperial / Double,330ml,330,21.18,Stout
Insel-Brauerei Quadriga Imperial,6.99,Germany,3.61,Rügener Insel-Brauerei,10.5,Bière de Champagne / Bière Brut,330ml,330,21.18,Bière de Champagne / Bière Brut
Meesterstuk 2023 Ba Whisky Barrel,6.99,Netherlands,4.18,Jopen,11.8,Stout - Imperial / Double Pastry,330ml,330,21.18,Stout
Ola Dubh 16 Year Special Reserve,6.99,Scotland,4.04,Harviestoun Brewery,10.5,Porter - Imperial / Double,330ml,330,21.18,Porter
Öö X,6.99,Estonia,4.13,Põhjala,13.0,Porter - Imperial / Double Baltic,330ml,330,21.18,Porter
Zwarte Ziel 2023,6.99,Netherlands,3.96,Jopen,10.2,Porter - Imperial / Double,330ml,330,21.18,Porter
Balcones Edition 2024 Imperial Milkstout,6.99,Netherlands,3.92,Brouwerij de Molen,9.9,Stout - Imperial / Double Milk,330ml,330,21.18,Stout
Sailing'24 Rum Barrel Aged Tripel,6.99,Netherlands,3.75,Berging Brouwerij,10.3,Belgian Tripel,330ml,330,21.18,Belgian Tripel
Lervig Hype Dream Mango & Passionfruit,6.99,Norway,3.81,LERVIG,6.5,Sour - Smoothie / Pastry,330ml,330,21.18,Sour
Smooth Criminals: Pina Colada Smoothie Sour,6.99,Netherlands,3.85,Brouwerij Frontaal,6.0,Sour - Smoothie / Pastry,330ml,330,21.18,Sour
Sjokooo BA Wild Turkey Bourbon VAT#77,6.99,Netherlands,3.74,Berghoeve Brouwerij,10.0,Belgian Quadrupel,330ml,330,21.18,Belgian Quadrupel
Uut Eerder Tied BA Appleton Rum VAT#78,6.99,Netherlands,3.98,Berghoeve Brouwerij,10.0,Barleywine - English,330ml,330,21.18,Barleywine
Lucia,6.99,United States,3.78,Revolution Brewing Company,5.5,Farmhouse Ale - Saison,330ml,330,21.18,Farmhouse Ale
Bianca Non-Alcoholic Raspberry Peach Marshmallow,6.99,Sweden,3.96,Omnipollo,0.3,Non-Alcoholic - Sour,330ml,330,21.18,Non-Alcoholic
Liquid Desserts 30,6.99,Netherlands,4.09,Big Belly Brewing Company,12.0,Stout - Imperial / Double Pastry,330ml,330,21.18,Stout
Ola Dubh 16,6.99,Scotland,4.01,Harviestoun Brewery,8.0,Porter - Imperial / Double,330ml,330,21.18,Porter
Puddletown Punch,6.99,United States,3.86,Great Notion Brewing,7.0,Sour - Fruited,330ml,330,21.18,Sour
Sailing'24 Rum Barrel Aged Imperial Stout,6.99,Netherlands,3.92,Berging Brouwerij,10.3,Stout - Russian Imperial,330ml,330,21.18,Stout
I Am A Barley Girl,6.99,Netherlands,3.97,Jopen,11.0,Barleywine - Other,330ml,330,21.18,Barleywine
Rákóczi Túrós Blackcurrant Edt. Imperial Pastry Sour,6.99,Hungary,3.76,Mad Scientist,10.0,Sour - Smoothie / Pastry,330ml,330,21.18,Sour
Fecce,15.89,Belgium,3.95,La Source Beer Co.,4.5,Wild Ale - Other,Bottle 750ml,750,21.19,Wild Ale
Nevel Rust,15.89,Netherlands,3.58,Nevel Wild Ales,5.5,Wild Ale - Other,Bottle 750ml,750,21.19,Wild Ale
Cronos,15.89,Belgium,4.07,La Source Beer Co.,5.7,Grape Ale - Other,Bottle 750ml,750,21.19,Grape Ale
Jungle Boogie – Barrel Aged Sour,7.95,Spain,3.74,La Calavera,8.5,Sour - Other,Bottle 375ml,375,21.2,Sour
Jart-Elle,7.95,Belgium,3.89,Lambiek Fabriek,6.0,Lambic - Kriek,Bottle 375ml,375,21.2,Lambic
Follow The Recipe,10.6,Poland,3.96,Maltgarden,10.0,Stout - Imperial / Double Pastry,500ml,500,21.2,Stout
Black Belle,15.9,Belgium,3.94,Lambiek Fabriek,7.0,Lambic - Fruit,Bottle 750ml,750,21.2,Lambic
Tequila Sunrise – Imperial Gose Aged in Tequila Barrels,7.95,Spain,3.58,La Calavera,11.2,Sour - Other Gose,Bottle 375ml,375,21.2,Sour
Bretternity 2021 – Sour Grape Saison aged in Wine Barrels,7.95,Spain,3.86,La Calavera,7.4,Farmhouse Ale - Brett,Bottle 375ml,375,21.2,Farmhouse Ale
Bretternety 2022 – Sour Aged Saison in Wine Barrels,7.95,Spain,3.86,La Calavera,7.4,Farmhouse Ale - Brett,Bottle 375ml,375,21.2,Farmhouse Ale
Revelation – Mixed Fermantation Belgian Style Aged for 2 Years in White Wine Barrles,7.95,Spain,3.86,La Calavera,7.0,Sour - Other,Bottle 375ml,375,21.2,Sour
Undone – Double Barrel Aged Porter – Wisky and Rum Barrels,7.95,Spain,3.92,La Calavera,13.0,Porter - Imperial / Double,Bottle 375ml,375,21.2,Porter
Hell to Glass – Imperial Stout Aged in Wisky Barrels with Chile Chipotle,7.95,Spain,3.95,Drunken Bros/ La Calavera,13.0,Stout - Imperial / Double,Bottle 375ml,375,21.2,Stout
Limited Edition Oproer: Ruig #13,7.95,Netherlands,3.91,Oproer,7.7,Wild Ale - Other,Bottle 375ml,375,21.2,Wild Ale
Full Circle,15.9,England,4.04,Burning Sky Brewery/ Thornbridge Brewery,7.3,Farmhouse Ale - Saison,Bottle 750ml,750,21.2,Farmhouse Ale
First Stop – Oloroso Barrel Aged Sour Ale,7.95,Spain,3.77,La Calavera,7.0,Sour - Other,Bottle 375ml,375,21.2,Sour
Purper [75cl],15.9,Netherlands,3.67,Nevel Wild Ales,4.5,Wild Ale - Other,Bottle 750ml,750,21.2,Wild Ale
Terror – Fruited Sour,7.95,Spain,3.84,La Calavera,5.0,Sour - Fruited,Bottle 375ml,375,21.2,Sour
Fruits of the Doom 2022 – Barrel Aged Wheat Ale with Rasperry in Wine Barrels,7.95,Spain,3.91,La Calavera,6.3,Sour - Fruited,Bottle 375ml,375,21.2,Sour
No Tenim Rei – Belgian Quadrupel Aged in Wisky Barrels,7.95,Spain,3.57,La Calavera/ Poch's Cervesa Artesana,13.0,Belgian Quadrupel,Bottle 375ml,375,21.2,Belgian Quadrupel
Colossus Barley Wine Aged in Wisky Barrels,7.95,Spain,4.11,La Calavera,13.8,Barleywine - Other,Bottle 375ml,375,21.2,Barleywine
Bedaard Oak Aged Blauwe Bes & Den Wild Ale,7.95,Netherlands,3.17,Brouwerij Poesiat & Kater,5.7,Pale Ale - English,Bottle 375ml,375,21.2,Pale Ale
"Iconclast – Sour Saison mit Pfirsich , Pflaume Barrel aged in Rotwein Fässern",7.95,Spain,3.84,La Calavera/ Spontanist,6.7,Sour - Fruited,Bottle 375ml,375,21.2,Sour
Mad Scientist x Van Moll Summer Madness,7.0,Netherlands,3.63,Van Moll,8.0,IPA - Imperial / Double New England / Hazy,330ml,330,21.21,IPA
Cigaló,7.0,Spain,3.46,La Pirata Brewing,10.0,Porter - Imperial / Double Baltic,330ml,330,21.21,Porter
Crème Brûlée,7.0,United States,4.08,Kuhnhenn Brewing Company,8.5,Stout - Imperial / Double Coffee,330ml,330,21.21,Stout
Darbyste,7.0,Belgium,3.62,Brasserie de Blaugies,5.8,Farmhouse Ale - Saison,330ml,330,21.21,Farmhouse Ale
Pohjala - Belle Bulle (Cellar Series),7.0,Estonia,3.88,Põhjala,8.0,Sour - Fruited Gose,330ml,330,21.21,Sour
That Psycho Chick,7.0,Italy,3.78,White Pony Microbrewery,11.5,Stout - Imperial / Double,330ml,330,21.21,Stout
Kemker Rosa,15.91,Germany,3.84,Kemker Kultuur (Brauerei J. Kemker),5.5,Farmhouse Ale - Other,Bottle 750ml,750,21.21,Farmhouse Ale
Barrel Aged No. 41,7.0,Netherlands,3.92,Bronckhorster Brewing Company,13.0,Belgian Tripel,330ml,330,21.21,Belgian Tripel
Deal with the Devil,7.0,Hungary,3.24,Etyeki Sörmanufaktúra,5.0,Stout - Milk / Sweet,330ml,330,21.21,Stout
Warlock,7.0,United States,3.95,Southern Tier Brewing Company,8.6,Pumpkin / Yam Beer,330ml,330,21.21,Pumpkin / Yam Beer
Californication,7.0,Belgium,3.59,L'Ermitage,8.0,IPA - Session,Can 330ml,330,21.21,IPA
I am a Barley Girl,7.0,Netherlands,3.97,Jopen,11.0,Barleywine - Other,330ml,330,21.21,Barleywine
Provisions with Chef Brooke: The Berry,15.92,United States,3.89,The Bruery,9.2,Belgian Tripel,Bottle 750ml,750,21.23,Belgian Tripel
Oude Geuze Barrel Selection Foeder 21 2022,7.96,Belgium,4.1,Oud Beersel,6.5,Lambic - Gueuze,Bottle 375ml,375,21.23,Lambic
Stupre,7.97,Belgium,4.14,La Source Beer Co.,8.7,Grape Ale - Other,Bottle 375ml,375,21.25,Grape Ale
Double Icauna,9.35,France,3.8,Popihn,7.0,IPA - American,Can 440ml,440,21.25,IPA
Fury Along the Pass,9.35,Germany,3.79,Sudden Death Brewing Co.,6.8,IPA - Cold,Can 440ml,440,21.25,IPA
Mökkipöperö,9.35,Finland,3.71,Panimoyhtiö Tuju,6.5,IPA - American,Can 440ml,440,21.25,IPA
Oude Lambiek 2023,7.97,Belgium,3.59,Brouwerij Eylenbosch,5.8,Lambic - Traditional,Bottle 375ml,375,21.25,Lambic
Brewpub Anniversary Special,9.35,Germany,4.03,Sudden Death Brewing Co.,7.0,IPA - New England / Hazy,Can 440ml,440,21.25,IPA
Voyons Donc,10.05,Canada,4.32,Brasserie du Bas-Canada,10.0,IPA - Triple,473ml,473,21.25,IPA
Nevel Rust,7.97,Netherlands,3.58,Nevel Wild Ales,6.0,Wild Ale - Other,Bottle 375ml,375,21.25,Wild Ale
DDH Grassman (Citra & Nelson),10.05,United States,4.3,Tired Hands Brewing Company,8.7,IPA - Imperial / Double,473ml,473,21.25,IPA
Quadrupel (Raspberry Vanilla),7.97,Romania,4.05,Oriel Beer,9.5,Belgian Quadrupel,Bottle 375ml,375,21.25,Belgian Quadrupel
Colonization (Ghost Colonization),9.99,United States,4.23,Adroit Theory,10.2,IPA - Triple New England / Hazy,Can 470ml,470,21.26,IPA
#134 NEDIPA,9.99,United States,4.17,Frequentem Brewing Co.,8.3,IPA - Imperial / Double New England / Hazy,Can 470ml,470,21.26,IPA
La Nuit Des Crocros,9.99,Canada,4.24,Brasserie Sir John Brewing Co.,10.0,Stout - Imperial / Double Pastry,Can 470ml,470,21.26,Stout
Fluff,9.99,United States,4.17,DankHouse Brewing Company,8.5,IPA - Imperial / Double New England / Hazy,Can 470ml,470,21.26,IPA
Frozen Schmoojee Milkshake - Blurries,9.99,United States,4.07,Imprint Beer Co.,5.0,Sour - Smoothie / Pastry,Can 470ml,470,21.26,Sour
Demihydra | Fruit Punch,9.99,United States,4.11,Mortalis Brewing Company,5.0,Sour - Fruited,Can 470ml,470,21.26,Sour
Double Autumn,9.99,United States,4.22,Vitamin Sea Brewing,8.0,IPA - Imperial / Double New England / Hazy,Can 470ml,470,21.26,IPA
Elderberry Monolith,15.95,England,3.88,Burning Sky Brewery,9.7,Wild Ale - Other,Bottle 750ml,750,21.27,Wild Ale
Rubus Of Rose,15.95,Denmark,3.77,Baghaven Brewing and Blending,6.5,Wild Ale - Other,Bottle 750ml,750,21.27,Wild Ale
August,15.95,Germany,3.83,Schneeeule,6.5,Sour - Other,Bottle 750ml,750,21.27,Sour
SCYEDAM Zakkendrager,15.95,Netherlands,3.86,Scyedam,10.7,Barleywine - Other,Bottle 750ml,750,21.27,Barleywine
Jahrgangsweisse Alte,15.95,Germany,3.72,Schneeeule,6.0,Sour - Berliner Weisse,Bottle 750ml,750,21.27,Sour
Maitre Brut Barolo BA,15.95,Belgium,3.75,Brewery De Meester,10.0,Sour - Fruited,Bottle 750ml,750,21.27,Sour
Oude Geuze Boon a L'Ancienne 2016/2017 – Braufactum – MHD 24.11.2022,15.95,Belgium,3.81,Brouwerij Boon,7.0,Lambic - Gueuze,Bottle 750ml,750,21.27,Lambic
Rubus Of Rose Vanille,15.95,Denmark,4.08,Baghaven Brewing and Blending,6.5,Wild Ale - Other,Bottle 750ml,750,21.27,Wild Ale
Prosecco Brut Nature Tenuta,15.95,Italy,3.71,CRAK Brewery,11.0,IPA - Imperial / Double,Bottle 750ml,750,21.27,IPA
Gentiana – Amaro Ale,15.95,Germany,3.77,Kemker Kultuur (Brauerei J. Kemker),7.0,Historical Beer - Gruit / Ancient Herbed Ale,Bottle 750ml,750,21.27,Historical Beer
Sandy,15.95,Germany,3.81,Brewer's Tribute/ Schneeeule,5.0,Sour - Fruited Berliner Weisse,Bottle 750ml,750,21.27,Sour
Flora,15.95,Germany,3.89,Schneeeule,3.8,Wild Ale - Other,Bottle 750ml,750,21.27,Wild Ale
Meeske,15.95,Netherlands,3.76,Nevel Wild Ales/ Schneeeule,3.8,Wild Ale - Other,Bottle 750ml,750,21.27,Wild Ale
Green-ish,15.95,United States,4.13,Tree House Brewing Company,5.4,Pale Ale - American,Bottle 750ml,750,21.27,Pale Ale
Gouden Carolus Indulgence Batteliek Summer 2023 Blond Ale,15.95,Belgium,3.64,Brouwerij Het Anker,7.4,Belgian Blonde,Bottle 750ml,750,21.27,Belgian Blonde
William,10.06,United States,3.92,Living Häus Beer Company,5.2,Rauchbier,473ml,473,21.27,Rauchbier
Deda,10.06,United States,3.74,Living Häus Beer Company,4.1,Lager - Světlé (Czech Pale),473ml,473,21.27,Lager
Mama Nat,10.06,United States,3.76,Living Häus Beer Company,5.8,Lager - Polotmavé (Czech Amber),473ml,473,21.27,Lager
Tilquin Gueuze 2020-2021,15.97,Belgium,4.06,Gueuzerie Tilquin,7.0,Lambic - Gueuze,Bottle 750ml,750,21.29,Lambic
Cider Kriek,15.97,Belgium,3.42,Brouwerij Hof ten Dormaal,7.0,Cider - Other Fruit,Bottle 750ml,750,21.29,Cider
Oud Beersel: Demi-Muids 2021,7.99,Belgium,3.78,Oud Beersel,6.5,Lambic - Traditional,Bottle 375ml,375,21.31,Lambic
Lupulus American Noble Hops,7.99,Belgium,3.85,Brasserie Lupulus,10.0,Belgian Tripel,Bottle 375ml,375,21.31,Belgian Tripel
Oude Geuze 2018 14/11/2018,7.99,Belgium,3.77,Oud Beersel,6.5,Lambic - Gueuze,Bottle 375ml,375,21.31,Lambic
Gueuze (Filtered) Ex 2020,7.99,Belgium,3.62,Brouwerij Girardin,5.0,Lambic - Gueuze,Bottle 375ml,375,21.31,Lambic
Gold Dry Gold Dry Glas,7.99,Canada,3.54,Last Best Brewing & Distilling,4.5,Sour - Fruited,Bottle 375ml,375,21.31,Sour
Blood Goat,7.99,Scotland,4.03,Holy Goat Brewing,6.6,Sour - Flanders Red Ale,Bottle 375ml,375,21.31,Sour
Oude Schaarbeekse Kriek Harvest 2019 (Limited Edition),7.99,Belgium,3.82,Brouwerij Boon,6.5,Lambic - Kriek,Bottle 375ml,375,21.31,Lambic
Oud Beersel: Vandervelden 140 2021,7.99,Belgium,4.04,Oud Beersel,6.5,Lambic - Gueuze,Bottle 375ml,375,21.31,Lambic
Oudbeitje 04/2018,7.99,Belgium,3.95,Hanssens Artisanaal,6.0,Lambic - Fruit,Bottle 375ml,375,21.31,Lambic
BA Barley Wine & Imperial Stout Blend,7.99,Netherlands,4.09,Two Chefs Brewing,14.2,Strong Ale - Other,Bottle 375ml,375,21.31,Strong Ale
Watergeus Greek Apricot (11/2023),7.99,Netherlands,3.94,Vandenbroek,5.8,Lambic - Fruit,Bottle 375ml,375,21.31,Lambic
Watergeus Special Blend Heidehoning (09/2023),7.99,Netherlands,3.82,Vandenbroek,6.5,Lambic - Other,Bottle 375ml,375,21.31,Lambic
Naughty Sauce,7.99,United States,4.14,Noble Ale Works,5.4,Stout - White / Golden,Bottle 375ml,375,21.31,Stout
Mornin' Latte,7.99,United States,4.07,Toppling Goliath Brewing Co.,8.9,Stout - Imperial / Double Milk,Bottle 375ml,375,21.31,Stout
Oude Kriek 02/2019,7.99,Belgium,3.97,Hanssens Artisanaal,6.5,Lambic - Kriek,Bottle 375ml,375,21.31,Lambic
BA Barley Wine (2023),7.99,Netherlands,3.95,Two Chefs Brewing,13.0,Barleywine - American,Bottle 375ml,375,21.31,Barleywine
Pruim Watergeus (9/2023),7.99,Netherlands,3.98,Vandenbroek,6.0,Lambic - Fruit,Bottle 375ml,375,21.31,Lambic
Oude Gueuze 11/2017,7.99,Belgium,4.19,Hanssens Artisanaal,6.0,Lambic - Gueuze,Bottle 375ml,375,21.31,Lambic
Gueuze,15.99,Belgium,4.18,Brasserie Cantillon,5.0,Lambic - Gueuze,Bottle 750ml,750,21.32,Lambic
Oude Kriek 2018,15.99,Belgium,4.08,Oud Beersel,6.0,Lambic - Kriek,Bottle 750ml,750,21.32,Lambic
Surette 2023,15.99,Switzerland,4.05,À tue-tête,6.5,Sour - Other,Bottle 750ml,750,21.32,Sour
Oude Geuze Black Label Edition #3,15.99,Belgium,3.91,Brouwerij Boon,7.0,Lambic - Gueuze,Bottle 750ml,750,21.32,Lambic
Sailing To The Moon,15.99,Netherlands,4.03,Brouwerij Kees,14.2,Old / Stock Ale,Bottle 750ml,750,21.32,Old / Stock Ale
Tiramisumo Twins BA,9.38,Netherlands,4.15,Moersleutel Craft Brewery,12.0,Stout - Imperial / Double Pastry,Can 440ml,440,21.32,Stout
De Cam Oude Lambiek 2018,15.99,Belgium,4.05,Geuzestekerij De Cam,6.5,Lambic - Traditional,Bottle 750ml,750,21.32,Lambic
Oude Geuze 2017 06/04/2017,15.99,Belgium,3.77,Oud Beersel,6.5,Lambic - Gueuze,Bottle 750ml,750,21.32,Lambic
Droef Grape Ale (12/2021),15.99,Netherlands,4.02,Vandenbroek,7.5,Grape Ale - Italian,Bottle 750ml,750,21.32,Grape Ale
Oude Geuze Cuvée Armand & Gaston new label 04/03/2020 Blend 57 19|20 (Pajottenland grown wheat),15.99,Belgium,4.32,Brouwerij 3 Fonteinen,7.6,Lambic - Gueuze,Bottle 750ml,750,21.32,Lambic
Oude Kriek 01/2018,15.99,Belgium,3.97,Hanssens Artisanaal,6.5,Lambic - Kriek,Bottle 750ml,750,21.32,Lambic
Oude Gueuze 12/2016,15.99,Belgium,4.15,Hanssens Artisanaal,6.0,Lambic - Gueuze,Bottle 750ml,750,21.32,Lambic
Tilquin Oude Gueuze à l'Ancienne 2019-2020,15.99,Belgium,4.08,Gueuzerie Tilquin,7.0,Lambic - Gueuze,Bottle 750ml,750,21.32,Lambic
De Cam Geuze 2019 red cage,15.99,Belgium,4.21,Geuzestekerij De Cam,6.5,Lambic - Gueuze,Bottle 750ml,750,21.32,Lambic
De Cam Geuze 2019 black cage,15.99,Belgium,4.21,Geuzestekerij De Cam,6.5,Lambic - Gueuze,Bottle 750ml,750,21.32,Lambic
Grand Assemblage 2022,16.0,France,4.24,Popihn Sauvages,6.0,Wild Ale - Other,Bottle 750ml,750,21.33,Wild Ale
Shiso Vert 2023,16.0,France,4.07,Popihn Sauvages,7.0,Wild Ale - Other,Bottle 750ml,750,21.33,Wild Ale
Kriek 2024,16.0,Belgium,4.28,Brasserie Cantillon,5.0,Lambic - Kriek,Bottle 750ml,750,21.33,Lambic
Kriek Mariage Parfait,8.0,Belgium,3.83,Brouwerij Boon,8.0,Lambic - Kriek,Bottle 375ml,375,21.33,Lambic
Rhubarbe 2022,16.0,France,3.86,La Varette,4.5,Wild Ale - Other,Bottle 750ml,750,21.33,Wild Ale
nordlund's field blend,16.0,Denmark,3.9,Mikkeller,7.3,Wild Ale - Other,Bottle 750ml,750,21.33,Wild Ale
Geus Genereus Oude Geuze,8.0,Belgium,4.07,Den Herberg,6.7,Lambic - Gueuze,Bottle 375ml,375,21.33,Lambic
Sureau 2022,16.0,France,3.73,La Varette,5.4,Wild Ale - Other,Bottle 750ml,750,21.33,Wild Ale
Oude Mure 2022/2023,8.0,Belgium,4.02,Gueuzerie Tilquin,6.0,Lambic - Fruit,Bottle 375ml,375,21.33,Lambic
Saison Hop,16.0,France,3.95,Nano Brasserie SPO,5.8,Farmhouse Ale - Saison,Bottle 750ml,750,21.33,Farmhouse Ale
Garnatxa De L'Orio (Grape Ale),16.0,Spain,3.95,Cyclic Beer Farm,6.5,Grape Ale - Other,Bottle 750ml,750,21.33,Grape Ale
Déjeuner Imperial 2022,16.0,Canada,4.27,LTM - Les Trois Mousquetaires,11.5,Stout - Imperial / Double,Bottle 750ml,750,21.33,Stout
Hallo Ich Bin Frederiksdal Cherry Berliner Weisse,8.0,Denmark,3.73,Mikkeller,5.0,Sour - Fruited Berliner Weisse,Bottle 375ml,375,21.33,Sour
Oud Beersel: Oude Pijpen 2023,8.0,Belgium,4.07,Oud Beersel,6.5,Lambic - Gueuze,Bottle 375ml,375,21.33,Lambic
Cuvée Pépins 2022,32.0,France,4.0,Sacrilège,6.9,Grape Ale - Other,Bottle 1500ml,1500,21.33,Grape Ale
Mariage Parfait,8.0,Belgium,3.79,Brouwerij Boon,8.0,Lambic - Gueuze,Bottle 375ml,375,21.33,Lambic
Shiso Rouge 2023,16.0,France,4.06,Popihn Sauvages,7.0,Wild Ale - Other,Bottle 750ml,750,21.33,Wild Ale
Amer Sauvage,16.0,France,4.0,Nano Brasserie SPO,5.5,Wild Ale - Other,Bottle 750ml,750,21.33,Wild Ale
Sauvage 2021 Popihn X Outland,16.0,France,4.18,Popihn Sauvages,6.5,Wild Ale - Other,Bottle 750ml,750,21.33,Wild Ale
Sauvage 2021 Popihn X...,16.0,France,4.18,Popihn Sauvages,6.5,Wild Ale - Other,Bottle 750ml,750,21.33,Wild Ale
Kriek Bio,16.0,Belgium,4.31,Brasserie Cantillon,5.0,Lambic - Kriek,Bottle 750ml,750,21.33,Lambic
Rosé de Gambrinus 2024,16.0,Belgium,4.29,Brasserie Cantillon,5.0,Lambic - Framboise,Bottle 750ml,750,21.33,Lambic
Bush Triple,16.0,Belgium,3.62,Brasserie Dubuisson,10.5,Belgian Strong Golden Ale,Bottle 750ml,750,21.33,Belgian Strong Golden Ale
Oude Geuze 2020,8.0,Belgium,4.06,Brouwerij 3 Fonteinen,5.5,Lambic - Gueuze,Bottle 375ml,375,21.33,Lambic
Tempérance,16.0,France,3.79,Brasserie La Malpolon,7.3,Grape Ale - Other,Bottle 750ml,750,21.33,Grape Ale
Cumulus Humilis,16.0,France,4.25,Aerofab,4.5,Sour - Berliner Weisse,Bottle 750ml,750,21.33,Sour
Printemps 2022,16.0,France,3.72,La Varette,6.0,Wild Ale - Other,Bottle 750ml,750,21.33,Wild Ale
High Stakes,8.0,England,3.86,Siren Craft Brew,12.6,Stout - Imperial / Double,Bottle 375ml,375,21.33,Stout
Unicorn Wizard (2024),8.0,Scotland,3.92,Holy Goat Brewing,5.6,Sour - Fruited,Bottle 375ml,375,21.33,Sour
Forsaken Vines,8.0,Scotland,3.93,Holy Goat Brewing,6.5,Sour - Fruited,Bottle 375ml,375,21.33,Sour
DDH Pixel Density,9.39,United States,4.2,Phase Three Brewing,6.5,IPA - New England / Hazy,Can 440ml,440,21.34,IPA
Drift Velocity,9.39,United States,4.09,Mill 77 Brewing,7.0,IPA - Imperial / Double,Can 440ml,440,21.34,IPA
Hazy Daze,9.39,United States,4.15,Little Willow Brewing Company,8.5,IPA - Imperial / Double New England / Hazy,Can 440ml,440,21.34,IPA
Lumen,10.1,United States,4.16,Grimm Artisanal Ales,6.4,IPA - American,Can 473ml,473,21.35,IPA
Paid Dues,10.1,United States,3.8,Barrier Brewing Company,6.8,IPA - American,Can 473ml,473,21.35,IPA
Hop Fighter Riwaka,10.1,United States,3.86,Barrier Brewing Company,7.4,IPA - New England / Hazy,Can 473ml,473,21.35,IPA
Hopeless Romantic Double New England IPA,10.1,United States,4.19,Long Live Beerworks,8.0,IPA - Imperial / Double,Can 473ml,473,21.35,IPA
Scie You Later,10.1,Canada,4.13,Messorem,6.8,IPA - American,Can 473ml,473,21.35,IPA
Single Touch: Idaho 7,10.1,Canada,4.04,Messorem,6.5,IPA - American,Can 473ml,473,21.35,IPA
Basketcase,9.4,Germany,4.03,Sudden Death Brewing Co.,7.5,Sour - Fruited,Can 440ml,440,21.36,Sour
Anniversary #09,9.4,Netherlands,3.8,Brouwerij Kees,9.99,Stout - Imperial / Double,Can 440ml,440,21.36,Stout
Positively Unattached,9.4,Wales,4.23,Polly's Brew Co.,10.0,IPA - Triple New England / Hazy,Can 440ml,440,21.36,IPA
Flip Toward The Sun,9.4,France,3.83,Prizm Brewing Co.,6.0,Sour - Fruited,Can 440ml,440,21.36,Sour
Knickerbocker,9.4,England,3.72,UnBarred Brewery,6.6,Pale Ale - Milkshake,Can 440ml,440,21.36,Pale Ale
Uwe HoogGijt De Tweede,7.05,Netherlands,3.96,Brouwerij de Natte Gijt/ Hooglander Bier,10.0,Stout - Russian Imperial,330ml,330,21.36,Stout
Santas Secret Moccachino Messiah Triple Shot,9.4,Denmark,3.6,To Øl,8.2,Brown Ale - Imperial / Double,Can 440ml,440,21.36,Brown Ale
"Mango, Pineapple, Passion Fruit Vanilla Ice Cream X Vault City",9.4,Scotland,4.29,Vault City Brewing,8.4,Sour - Smoothie / Pastry,Can 440ml,440,21.36,Sour
Reflex Pattern,9.4,England,3.83,Cloudwater Brew Co.,5.0,Pale Ale - New England / Hazy,Can 440ml,440,21.36,Pale Ale
P.O.G,9.4,UK,4.21,Vault City,8.0,Sour & Lambic,Can 440ml,440,21.36,Sour & Lambic
Black Damnation 10 Double Wood Vintage 2018 Balvenie Whisky Barrel Aged Imperial Stout,7.05,Belgium,4.16,De Struise Brouwers,15.0,Stout - Imperial / Double,330ml,330,21.36,Stout
Santa's Secret Moccachino Messiah Triple Shot,9.4,Denmark,3.6,To Øl,8.2,Brown Ale - Imperial / Double,Can 440ml,440,21.36,Brown Ale
Knickerbocker,9.4,England,3.72,UnBarred Brewery,6.8,Pale Ale - Milkshake,Can 440ml,440,21.36,Pale Ale
Meesterstuk 2023 - BA Oloroso,7.05,Netherlands,4.06,Jopen,10.5,Stout - Imperial / Double,330ml,330,21.36,Stout
RHEUM (Rabarberivahuvein),16.03,Estonia,3.87,Jaanihanso,10.0,Cider - Dry,Bottle 750ml,750,21.37,Cider
Dock 89 - Pacifica & Motueka,10.69,Canada,4.25,Le Ketch,6.5,IPA - New England / Hazy,500ml,500,21.38,IPA
Dock 53 - 100% Peacharine (Août 2024),10.69,Canada,4.39,Le Ketch,6.5,IPA - New England / Hazy,Bottle 500ml,500,21.38,IPA
"Dock 88 - Pacifica, Nelson Sauvin, Motueka & Cascade NZ",10.69,Canada,4.21,Le Ketch,6.5,IPA - New England / Hazy,500ml,500,21.38,IPA
Mean Riff,7.06,Hungary,3.93,Mad Scientist,12.1,Stout - Imperial / Double,330ml,330,21.39,Stout
Angel Food Cake Beer,7.6,United States,3.79,Hoppin' Frog Brewery,9.2,Stout - Imperial / Double White / Golden,355ml,355,21.41,Stout
Kriek 2024,16.07,Belgium,4.28,Brasserie Cantillon,6.0,Lambic - Kriek,Bottle 750ml,750,21.43,Lambic
Oude Geuze,16.07,Belgium,3.75,Brouwerij Kestemont,6.0,Lambic - Gueuze,Bottle 750ml,750,21.43,Lambic
Raspberry & Funk,16.09,Hungary,3.97,MadX,5.7,Farmhouse Ale - Other,Bottle 750ml,750,21.45,Farmhouse Ale
Double Mosaic Dream,10.15,United States,4.37,Other Half Brewing Co.,8.5,IPA - Imperial / Double New England / Hazy,473ml,473,21.46,IPA
Big Riwaka Vibes,10.15,United States,4.13,Other Half Brewing Co.,6.5,IPA - New England / Hazy,473ml,473,21.46,IPA
All Nelson Everything,10.15,United States,4.18,Other Half Brewing Co.,8.5,IPA - Imperial / Double New England / Hazy,473ml,473,21.46,IPA
Spritz This!,7.3,United States,3.76,The Bruery Terreux,7.2,Sour - Other,340ml,340,21.47,Sour
Scarlet 2024,16.1,Poland,3.93,PINTA Barrel Brewing,5.5,Wild Ale - Other,Bottle 750ml,750,21.47,Wild Ale
Schorschweizen,7.09,Germany,3.09,Schorschbräu,13.0,Bock - Weizenbock,330ml,330,21.48,Bock
Schorschbock ICE,7.09,Germany,3.25,Schorschbräu,13.0,Bock - Eisbock,330ml,330,21.48,Bock
Schorschbock,7.09,Germany,3.2,Schorschbräu,13.0,Bock - Doppelbock,330ml,330,21.48,Bock
Danish Berry Pudding RØDGRØD MED FLØDE,9.45,Scotland,4.0,Vault City Brewing,6.4,Sour - Smoothie / Pastry,Can 440ml,440,21.48,Sour
Paradis Pineapple,9.45,Sweden,4.05,Omnipollo,10.0,IPA - Triple New England / Hazy,Can 440ml,440,21.48,IPA
Boulevardier BA,10.75,Poland,4.24,Browar Stu Mostów/ Galway Bay Brewery,13.0,Barleywine - Other,500ml,500,21.5,Barleywine
AUPA TOVARISCH OLOROSO BARREL AGED,7.1,Spain,3.91,Laugar Brewery,12.0,Stout - Russian Imperial,330ml,330,21.52,Stout
O'CLOCK – HITZEFREI,7.1,France,3.65,O'Clock Brewing,6.5,Sour - Fruited Berliner Weisse,330ml,330,21.52,Sour
Zoltan – Linkwood BA Imp. Stout,7.1,Netherlands,4.03,Van Moll,11.0,Stout - Imperial / Double,330ml,330,21.52,Stout
Beluga Barrel-aged - Glen Moray/Aultmore,7.1,Netherlands,3.96,De Kromme Haring,11.0,Stout - Russian Imperial,330ml,330,21.52,Stout
Rioja Edition 2024 Imperial Irish Red Ale,7.1,Netherlands,4.0,Brouwerij de Molen,9.5,Red Ale - Imperial / Double,330ml,330,21.52,Red Ale
Une Valse à Cent Temps,7.1,France,4.17,Fauve,10.0,IPA - Triple New England / Hazy,330ml,330,21.52,IPA
Donderbus Pastry Stout,7.1,Netherlands,3.76,Brouwerij Homeland,11.2,Stout - Pastry,Can 330ml,330,21.52,Stout
Imperial Doughnut Break VINTAGE 2016,13.99,United States,4.07,Evil Twin Brewing,11.5,Porter - Imperial / Double Coffee,Bottle 650ml,650,21.52,Porter
Goulden Carolus Christmas,7.1,Belgium,3.61,Brouwerij Het Anker,10.5,Winter Ale,Bottle 330ml,330,21.52,Winter Ale
Lindley Park,7.65,United States,4.06,Olde Hickory Brewery,10.0,Stout - Imperial / Double,355ml,355,21.55,Stout
Stille Nacht  VINTAGE 2018,7.11,Belgium,3.91,Brouwerij De Dolle Brouwers,12.0,Belgian Strong Golden Ale,330ml,330,21.55,Belgian Strong Golden Ale
Death By C.C.C.,7.11,England,4.17,Siren Craft Brew,10.0,Stout - Imperial / Double Milk,330ml,330,21.55,Stout
Flash Frame,10.2,United States,3.9,Grimm Artisanal Ales,7.0,IPA - American,Can 473ml,473,21.56,IPA
Pastrami on Rye,10.2,United States,3.36,Pipeworks Brewing Company,8.0,Spiced / Herbed Beer,473ml,473,21.56,Spiced / Herbed Beer
AleSmith IPA,10.2,United States,3.78,AleSmith Brewing Company,6.0,Pale Ale - American,473ml,473,21.56,Pale Ale
HopHands Pale Ale,10.2,United States,4.0,Tired Hands Brewing Company,5.5,Pale Ale - American,473ml,473,21.56,Pale Ale
Even More KIHOSKH Imperial Stout x Evil Twin NYC,10.2,United States,3.82,Evil Twin Brewing NYC,11.0,Stout - Imperial / Double,473ml,473,21.56,Stout
DDH Green City IPA,10.2,United States,4.12,Other Half Brewing Co.,7.0,IPA - New England / Hazy,473ml,473,21.56,IPA
Ghost In The Machine,10.2,United States,4.22,Parish Brewing Co.,8.0,IPA - Imperial / Double New England / Hazy,Can 473ml,473,21.56,IPA
Vicious Crush,10.2,United States,3.76,KCBC - Kings County Brewers Collective,5.2,Sour - Fruited,Can 473ml,473,21.56,Sour
Mango & Strawberry Cobbler,10.2,United States,4.01,WeldWerks Brewing Co.,4.5,Sour - Fruited,Can 473ml,473,21.56,Sour
Emperor Nel,10.2,Canada,4.19,BreWskey,7.2,IPA - New England / Hazy,Can 473ml,473,21.56,IPA
Bistro Orangealicious,10.2,United States,4.22,Energy City Brewing,8.0,Sour - Fruited Berliner Weisse,473ml,473,21.56,Sour
Black As Your Soul,10.2,England,,Faringdon Brewery,3.8,Mild - Other,473ml,473,21.56,Mild
Don't Tell Gus!,9.49,England,4.24,Verdant Brewing Co,8.0,IPA - Imperial / Double New England / Hazy,Can 440ml,440,21.57,IPA
The Magic Rites At Midnight,9.49,Germany,4.24,Sudden Death Brewing Co.,13.4,Stout - Imperial / Double,Can 440ml,440,21.57,Stout
Kong Island (2024),9.49,England,4.12,Neon Raptor Brewing Co.,12.0,Stout - Imperial / Double Pastry,Can 440ml,440,21.57,Stout
Connected By Chance,9.49,United States,3.91,Creature Comforts Brewing Company,8.0,IPA - Imperial / Double New England / Hazy,Can 440ml,440,21.57,IPA
Iron Sky,9.49,Scotland,3.99,Overtone Brewing Co,10.0,IPA - Triple New England / Hazy,Can 440ml,440,21.57,IPA
Smash Mouth IPA,9.49,Norway,3.6,Amundsen Brewery,6.5,IPA - New England / Hazy,Can 440ml,440,21.57,IPA
FIVE A.M,9.5,Canada,4.25,Collective Arts Brewing/ Verdant Brewing Co,8.0,IPA - Imperial / Double New England / Hazy,Can 440ml,440,21.59,IPA
Monkey Fighting Snakes,9.5,England,4.06,Sureshot Brewing,8.0,IPA - Imperial / Double New England / Hazy,Can 440ml,440,21.59,IPA
5th Season,9.5,Germany,3.85,FrauGruber Brewing,9.8,Stout - Imperial / Double,Can 440ml,440,21.59,Stout
Solara X Range Brewing,9.5,England,4.36,Track Brewing Company,8.4,IPA - Imperial / Double,Can 440ml,440,21.59,IPA
Trickle Down,9.5,Scotland,3.97,Overtone Brewing Co,8.2,IPA - Imperial / Double New England / Hazy,Can 440ml,440,21.59,IPA
Heretics of IX (Ghost: HERETICS),9.5,United States,4.13,Adroit Theory,8.3,IPA - Imperial / Double New England / Hazy,Can 440ml,440,21.59,IPA
Bang the elephant Worship Without Sacrifice,9.5,England,3.91,Bang The Elephant Brewing Co,11.5,Stout - Imperial / Double,Can 440ml,440,21.59,Stout
Our Barley Aged,9.5,Scotland,4.02,Overtone Brewing Co,12.5,Stout - Imperial / Double,Can 440ml,440,21.59,Stout
Dragon's Milk Reserve: Coffee Chocolate (2024),9.5,United States,4.15,New Holland Brewing,11.0,Stout - Imperial / Double,Can 440ml,440,21.59,Stout
I GOT 5 ON IT,9.5,United States,4.06,Resident Culture Brewing Co.,8.5,IPA - Imperial / Double New England / Hazy,Can 440ml,440,21.59,IPA
Black Is Beautiful Volume 2,9.5,Sweden,4.02,Omnipollo,7.0,IPA - New England / Hazy,Can 440ml,440,21.59,IPA
Whirly Brain 2024,9.5,Germany,4.08,FUERST WIACEK,8.0,IPA - Imperial / Double New England / Hazy,Can 440ml,440,21.59,IPA
Aoltbeer 04-2022,16.19,Germany,4.1,Kemker Kultuur (Brauerei J. Kemker),6.0,Sour - Other,Bottle 750ml,750,21.59,Sour
Cellar Series: Imperial Great Rift Vintage 2021,9.5,England,4.12,Wander Beyond Brewing,13.5,Stout - Imperial / Double Milk,Can 440ml,440,21.59,Stout
Chateau,8.1,Poland,3.86,Browar Artezan,7.2,Sour - Flanders Red Ale,Bottle 375ml,375,21.6,Sour
HORAL&apos;s Oude Geuze Mega Blend (2024),16.2,Belgium,3.93,Brouwerij Boon,7.0,Lambic - Gueuze,Bottle 750ml,750,21.6,Lambic
One Horse Race,10.8,England,4.03,Baron Brewing,8.4,IPA - Red,Can 500ml,500,21.6,IPA
Cherry Porter Grand Reserve Amaretto Infused,16.2,England,4.09,Titanic Brewery,6.5,Porter - Other,Bottle 750ml,750,21.6,Porter
St Bernardus Christmas Ale (750ml),16.2,Belgium,3.86,Brouwerij St.Bernardus,10.0,Winter Ale,Bottle 750ml,750,21.6,Winter Ale
Secondo Noi  -  75cl,16.2,Italy,4.02,Siemàn,5.9,Lambic - Traditional,Bottle 750ml,750,21.6,Lambic
Glühkriek,16.2,Belgium,3.45,Brouwerij Liefmans,6.5,Fruit Beer,Bottle 750ml,750,21.6,Fruit Beer
Legatus,16.2,Belgium,3.46,Brouwerij At Tack,9.0,Bière de Champagne / Bière Brut,Bottle 750ml,750,21.6,Bière de Champagne / Bière Brut
Funky Fluid x Imprint Gelato XTREME: Blueberry Raspberry Banana S'mores Milkshake Schmoojee,10.8,Poland,4.12,Funky Fluid,8.0,Sour - Smoothie / Pastry,Can 500ml,500,21.6,Sour
Holy Mountain 2024,8.1,Scotland,4.04,Holy Goat Brewing,7.0,Sour - Fruited,Bottle 375ml,375,21.6,Sour
Funky Fluid x 450 North Gelato XTREME: Jungle Juice SLUSHY XXL,10.8,Poland,4.03,Funky Fluid,8.0,Sour - Smoothie / Pastry,Can 500ml,500,21.6,Sour
Oude Lambik 2017 (seizoen 22|23) Blend No. 57  - 75cl,16.2,Belgium,4.12,Brouwerij 3 Fonteinen,7.0,Lambic - Traditional,Bottle 750ml,750,21.6,Lambic
Plum Porter Grand Reserve Port Infused,16.2,England,4.22,Titanic Brewery,6.5,Porter - Other,Bottle 750ml,750,21.6,Porter
Gueuze Art Nouveau,16.22,Belgium,3.62,Bobbi Brewery,6.6,Lambic - Gueuze,Bottle 750ml,750,21.63,Lambic
Valise,16.24,United States,3.79,The Bruery Terreux,10.5,Sour - Other,Bottle 750ml,750,21.65,Sour
The Bruery The Wanderer 2017,16.24,United States,4.11,The Bruery Terreux,8.3,Wild Ale - American,Bottle 750ml,750,21.65,Wild Ale
Saison Pompette,16.24,Switzerland,4.01,Chien Bleu,6.5,Farmhouse Ale - Saison,Bottle 750ml,750,21.65,Farmhouse Ale
The Bruery / NOLA - LXXV 2019,16.24,United States,3.96,NOLA Brewing/ The Bruery Terreux,8.2,Wild Ale - American,Bottle 750ml,750,21.65,Wild Ale
Out In The Open B.A.,7.15,Netherlands,4.01,Brouwerij Frontaal,11.0,Stout - Imperial / Double,330ml,330,21.67,Stout
Bravo 2017 Vintage,16.25,United States,4.22,Firestone Walker Brewing Company,13.2,Brown Ale - Imperial / Double,Bottle 750ml,750,21.67,Brown Ale
Konkey Dong 4UP Evolution Aquatic Ape Theory (2024),10.25,United States,4.27,Hoof Hearted Brewing,9.5,IPA - Triple,473ml,473,21.67,IPA
Brewing SLUSHY XL Slang Du Slushy,10.25,United States,3.55,450 North Brewing Company,5.3,Sour - Fruited,473ml,473,21.67,Sour
Double Summer,10.25,United States,4.25,Vitamin Sea Brewing,8.2,IPA - Imperial / Double New England / Hazy,473ml,473,21.67,IPA
Melcher Street,10.25,United States,4.25,Trillium Brewing Company,7.2,IPA - American,473ml,473,21.67,IPA
Bake My Day – Cognac & Whiskey,7.15,Netherlands,3.94,Jopen,11.0,Stout - Pastry,330ml,330,21.67,Stout
Star Trails,7.15,Austria,3.75,Bierol,13.2,Stout - Imperial / Double,330ml,330,21.67,Stout
blueblueferrariferrari,10.25,United States,4.07,The Veil Brewing Co.,8.0,IPA - Imperial / Double New England / Hazy,473ml,473,21.67,IPA
Bake My Day – Oloroso & Leidag,7.15,Netherlands,3.78,Jopen,10.8,Stout - Pastry,330ml,330,21.67,Stout
Fruits rouges 23 Magnum,32.5,France,,La Varette,6.0,Wild Ale - Other,Bottle 1500ml,1500,21.67,Wild Ale
Futurum Barrel Aged Imperial Stout Bourbon,7.15,United States,4.55,Charles Towne Fermentory,10.0,Stout - Imperial / Double,330ml,330,21.67,Stout
Wild Berliner Weisse,8.13,Italy,3.79,Monpiër de Gherdëina,4.2,Sour - Berliner Weisse,Bottle 375ml,375,21.68,Sour
Laugar Wild Nation Beraskola,8.13,Spain,3.95,Wild Nation,6.5,Wild Ale - Other,Bottle 375ml,375,21.68,Wild Ale
Wild Gose,8.13,Italy,3.81,Monpiër de Gherdëina,4.8,Sour - Fruited Gose,Bottle 375ml,375,21.68,Sour
Muscar-Elle,16.28,Belgium,4.05,Lambiek Fabriek,7.0,Lambic - Fruit,Bottle 750ml,750,21.71,Lambic
Table Beer,16.29,England,3.51,Burning Sky Brewery,3.7,Table Beer,Bottle 750ml,750,21.72,Table Beer
Naked Big Bad Baptist,16.29,United States,4.13,"Epic Brewing Co. (Utah, Colorado)",12.3,Stout - Imperial / Double,Bottle 750ml,750,21.72,Stout
Big Bad Baptist Blueberry Pie,16.29,United States,3.82,"Epic Brewing Co. (Utah, Colorado)",12.0,Stout - Imperial / Double Pastry,Bottle 750ml,750,21.72,Stout
Big Bad Baptist S'Mores,16.29,United States,3.78,"Epic Brewing Co. (Utah, Colorado)",12.0,Stout - Imperial / Double Pastry,Bottle 750ml,750,21.72,Stout
Big Bad Baptist Coquito,16.29,United States,4.07,"Epic Brewing Co. (Utah, Colorado)",12.8,Stout - Imperial / Double,Bottle 750ml,750,21.72,Stout
Grand Cru Evolved,16.3,Belgium,4.06,Brouwerij Rodenbach,6.0,Sour - Flanders Red Ale,Bottle 750ml,750,21.73,Sour
Plavas Lauma,8.15,Latvia,3.76,Labietis,12.7,Wheat Beer - Wheat Wine,Bottle 375ml,375,21.73,Wheat Beer
Oude Geuze - Cuvee Jean-Paul - 2020/2021,16.3,Belgium,4.21,Gueuzerie Tilquin,7.0,Lambic - Gueuze,Bottle 750ml,750,21.73,Lambic
Halm,8.15,Netherlands,3.94,Nevel Wild Ales,5.3,Wild Ale - Other,Bottle 375ml,375,21.73,Wild Ale
Unicorn Wizard,8.15,Scotland,3.93,Holy Goat Brewing,7.2,Sour - Fruited,Bottle 375ml,375,21.73,Sour
Blood Magick,8.15,Scotland,3.95,Holy Goat Brewing,8.0,Sour - Flanders Red Ale,Bottle 375ml,375,21.73,Sour
Gout,8.15,Belgium,4.0,Brouwerij Boon/ Mikkeller,6.5,Lambic - Gueuze,Bottle 375ml,375,21.73,Lambic
Bordelet Sydre Argelette,16.31,France,3.87,Eric Bordelet,6.0,Cider - Traditional / Apfelwein,Bottle 750ml,750,21.75,Cider
Fluffy Tangerine Clouds,10.29,United States,3.89,Second Chance Beer Company,7.0,IPA - New England / Hazy,Can 473ml,473,21.75,IPA
MoksaMarga (Batch 3),10.29,United States,4.03,Equilibrium Brewery,8.5,IPA - Imperial / Double,473ml,473,21.75,IPA
Popihn Sauvage Shiso Rouge (2023),16.32,France,4.07,Popihn Sauvages,7.0,Wild Ale - Other,Bottle 750ml,750,21.76,Wild Ale
Popihn Sauvage Barricade (2023),16.32,France,4.05,Popihn Sauvages,6.6,Wild Ale - Other,Bottle 750ml,750,21.76,Wild Ale
Oude Kriek 2020,16.33,Belgium,4.21,Oud Beersel,6.0,Lambic - Kriek,Bottle 750ml,750,21.77,Lambic
Fruitlands Strawberry Limeade,10.3,United States,3.67,Modern Times Beer,4.8,Sour - Fruited Gose,473ml,473,21.78,Sour
Just Ad-lib It (Cushwa Collab),10.3,United States,3.93,Aslin Beer Company,8.4,IPA - Imperial / Double,473ml,473,21.78,IPA
#Friendshipgoals A La Mode,10.3,United States,3.95,Casita Brewing Company,6.5,Stout - Coffee,473ml,473,21.78,Stout
Freedom Of Peach,10.3,Canada,3.67,Rouge River Brewing Company,5.0,Sour - Fruited,473ml,473,21.78,Sour
Quit Your Fussin On Me,10.3,United States,4.08,Hoof Hearted Brewing,9.0,IPA - Sour,473ml,473,21.78,IPA
Movin And Groovin,10.3,United States,3.93,Little Willow Brewing Company,7.5,Sour - Fruited,473ml,473,21.78,Sour
DDH Fort Point,10.3,United States,4.4,Trillium Brewing Company,6.6,Pale Ale - New England / Hazy,473ml,473,21.78,Pale Ale
Death Of The Party,10.3,United States,3.75,KCBC - Kings County Brewers Collective,5.0,Sour - Fruited,Can 473ml,473,21.78,Sour
Fuitlands Strawberry Limeade,10.3,United States,3.67,Modern Times Beer,4.8,Sour - Fruited Gose,473ml,473,21.78,Sour
Thicc Hydra,10.3,United States,3.89,Claim 52/ Mortalis Brewing Company,7.0,Sour - Smoothie / Pastry,473ml,473,21.78,Sour
Lervig Kveik Culture: Alesmith,7.19,Norway,3.7,LERVIG,6.5,IPA - American,330ml,330,21.79,IPA
Venom,7.2,Romania,4.13,Bereta Brewing Co.,10.0,Stout - Imperial / Double Pastry,330ml,330,21.82,Stout
Bezbog,7.2,Bulgaria,4.08,Sofia Electric Brewing,12.5,Stout - Imperial / Double,330ml,330,21.82,Stout
Didko x Zen Brewery Muteness,7.2,Ukraine,3.96,Дідько Brewery,11.8,Barleywine - American,330ml,330,21.82,Barleywine
Burlesca,7.2,Poland,3.79,Browar Kingpin,6.9,Farmhouse Ale - Saison,Bottle 330ml,330,21.82,Farmhouse Ale
AUPA TOVARISCH aged in ARDBEG barrels,7.2,Spain,4.11,Laugar Brewery,13.5,Stout - Russian Imperial,330ml,330,21.82,Stout
Somewhere In Texas,9.6,Germany,4.02,Sudden Death Brewing Co.,5.5,Sour - Fruited,Can 440ml,440,21.82,Sour
Sleep No More,7.2,Romania,3.92,Blackout Brewing,11.0,Stout - Imperial / Double Coffee,330ml,330,21.82,Stout
Holy Red Fruits,7.2,Belgium,3.64,L'Ermitage,5.2,Sour - Other,Can 330ml,330,21.82,Sour
Now That's What I Call Sureshot! Vol.200,9.6,England,4.09,Sureshot Brewing,8.0,IPA - Imperial / Double,Can 440ml,440,21.82,IPA
Bush Scaldis Noel,7.2,Belgium,3.72,Brasserie Dubuisson,12.0,Winter Ale,330ml,330,21.82,Winter Ale
All the Leaves Are Brown (Heaven Hill Bourbon BA),7.2,Scotland,4.24,Tempest Brewing Co.,11.2,Brown Ale - Imperial / Double,330ml,330,21.82,Brown Ale
H.C. Andersen,7.2,Denmark,3.38,Mikkeller,10.5,Wild Ale - Other,330ml,330,21.82,Wild Ale
JW Lees Harvest Ale 2015,6.0,England,4.02,JW Lees and Co,11.5,Barleywine - English,Bottle 275ml,275,21.82,Barleywine
JW Lees Harvest Ale 2014,6.0,England,4.18,JW Lees and Co,11.5,Barleywine - English,Bottle 275ml,275,21.82,Barleywine
JW Lees Harvest Ale 2018,6.0,England,4.01,JW Lees and Co,11.5,Barleywine - English,Bottle 275ml,275,21.82,Barleywine
JW Lees Harvest Ale 2017,6.0,England,4.08,JW Lees and Co,11.5,Barleywine - English,Bottle 275ml,275,21.82,Barleywine
Black Heaven Dreams,7.2,Belgium,4.07,Galea Craft Beers,13.5,Stout - Imperial / Double Pastry,330ml,330,21.82,Stout
Iron Sky (canned: 30-08-24),9.6,Scotland,3.99,Overtone Brewing Co,10.0,IPA - Triple New England / Hazy,Can 440ml,440,21.82,IPA
Overtone x State Of Kind Sonnet,9.6,Scotland,3.98,Overtone Brewing Co,8.0,IPA - Imperial / Double New England / Hazy,Can 440ml,440,21.82,IPA
Beacons,9.6,England,4.03,Beak Brewery,11.0,Stout - Imperial / Double,Can 440ml,440,21.82,Stout
State Of Kind x Browar Stu Mostów Crossing Borders,9.6,England,4.34,State Of Kind Brew Co.,8.4,Stout - Imperial / Double Pastry,Can 440ml,440,21.82,Stout
Schneider Weisse Aventinus Eisbock (TAP09),7.2,Germany,3.79,Schneider Weisse G. Schneider & Sohn,12.0,Bock - Eisbock,Bottle 330ml,330,21.82,Bock
All-in Sudden Stout,7.2,Sweden,4.11,Poppels Bryggeri,13.0,Stout - Imperial / Double,330ml,330,21.82,Stout
Sureshot x Two Flints Bigfoot Rodeo,9.6,England,4.1,Sureshot Brewing,8.0,IPA - Imperial / Double,Can 440ml,440,21.82,IPA
JW Lees Harvest Ale 2019,6.0,England,3.63,JW Lees and Co,11.5,Barleywine - English,Bottle 275ml,275,21.82,Barleywine
Puhaste / Finback - Fringe Pattern,7.2,Estonia,3.77,Pühaste Brewery,8.0,IPA - Imperial / Double,Can 330ml,330,21.82,IPA
Blind Date X Bang the Elephant,7.2,England,4.47,Full Circle Brew Co,12.5,Stout - Imperial / Double Pastry,330ml,330,21.82,Stout
Everlasting Embers,9.6,England,4.14,Left Handed Giant Brewing,8.0,IPA - Imperial / Double New England / Hazy,Can 440ml,440,21.82,IPA
Dirty Horse Blonde,7.2,Belgium,3.93,De Struise Brouwers,7.0,Sour - Other,Bottle 330ml,330,21.82,Sour
French Toast by Campfire,7.75,United States,4.03,Timber Ales,6.0,Stout - Coffee,355ml,355,21.83,Stout
Schaarbeekse Oude Kriek,16.37,Belgium,3.87,Brouwerij Eylenbosch,6.2,Lambic - Kriek,Bottle 750ml,750,21.83,Lambic
Oude Geuze 18/19 Assemblage n°75,8.19,Belgium,4.17,Brouwerij 3 Fonteinen,7.2,Lambic - Gueuze,Bottle 375ml,375,21.84,Lambic
Oude Geuze 18/19 Assemblage n°113,8.19,Belgium,4.16,Brouwerij 3 Fonteinen,6.4,Lambic - Gueuze,Bottle 375ml,375,21.84,Lambic
Oude Geuze 18/19 Assemblage n°108,8.19,Belgium,4.31,Brouwerij 3 Fonteinen,7.5,Lambic - Gueuze,Bottle 375ml,375,21.84,Lambic
Oude Geuze 18/19 Assemblage n°37,8.19,Belgium,4.31,Brouwerij 3 Fonteinen,6.9,Lambic - Gueuze,Bottle 375ml,375,21.84,Lambic
DDVD Korenaar Sans Pardon Bourbon Barrel Aged,7.21,Belgium,3.93,Brouwerij De Dochter van de Korenaar,11.0,Stout - Russian Imperial,330ml,330,21.85,Stout
Reserva Futuro Bourbon BA,7.21,Belgium,4.01,Brasserie Atrium,10.6,Stout - Imperial / Double,330ml,330,21.85,Stout
Mangonaut,8.2,Scotland,3.95,Holy Goat Brewing,5.5,Sour - Fruited,Bottle 375ml,375,21.87,Sour
Holy Mountain 2024,8.2,Scotland,4.43,Holy Goat Brewing,6.2,Sour - Fruited,Bottle 375ml,375,21.87,Sour
WILD#22 Blackberry Mixed Fermentation Ale,8.2,Poland,4.03,Browar Stu Mostów,5.7,Farmhouse Ale - Saison,Bottle 375ml,375,21.87,Farmhouse Ale
Holy Goat x Abyss Tortuga,8.2,Scotland,3.88,Holy Goat Brewing,6.2,Sour - Fruited,Bottle 375ml,375,21.87,Sour
Cult Of Arduinna,8.2,Scotland,3.94,Holy Goat Brewing,8.4,Sour - Flanders Red Ale,Bottle 375ml,375,21.87,Sour
WILD#23 Raspberry Mixed Fermentation Ale,8.2,Poland,4.03,Browar Stu Mostów,7.1,Wild Ale - Other,Bottle 375ml,375,21.87,Wild Ale
Guava Cannon,8.2,Scotland,3.93,Holy Goat Brewing,6.7,Sour - Fruited,Bottle 375ml,375,21.87,Sour
Oude Kriek Jart-Elle (2023),8.2,Belgium,3.87,Lambiek Fabriek,6.4,Lambic - Kriek,Bottle 375ml,375,21.87,Lambic
WILD#27 Grodziskie Smoked Pears,8.2,Poland,4.16,Browar Stu Mostów,3.8,Grodziskie / Grätzer,Bottle 375ml,375,21.87,Grodziskie / Grätzer
Cache Cache (2023),16.4,France,,Popihn Sauvages,6.0,Wild Ale - Other,Bottle 750ml,750,21.87,Wild Ale
WILD#24 Table Beer Peach Apricot Raspberry,8.2,Poland,4.12,Browar Stu Mostów,5.0,Wild Ale - Other,Bottle 375ml,375,21.87,Wild Ale
Rullquin,16.4,Belgium,3.84,Brasserie Artisanale de Rulles/ Gueuzerie Tilquin,7.0,Sour - Other,Bottle 750ml,750,21.87,Sour
Tortuga (w/Abyss),8.2,Scotland,3.88,Holy Goat Brewing,6.2,Sour - Fruited,Can 375ml,375,21.87,Sour
Get In Mah' Belly!,10.35,United States,4.26,Knotted Root Brewing Company,10.0,IPA - Triple,473ml,473,21.88,IPA
Coffee Peanut Butter Vanilla Imperial Stout,10.35,United States,4.2,WeldWerks Brewing Co.,9.0,Stout - Imperial / Double,473ml,473,21.88,Stout
Too Far Outta Sight,10.29,United States,4.23,The Veil Brewing Co.,8.5,IPA - Imperial / Double New England / Hazy,Can 470ml,470,21.89,IPA
Natural Flavors (Concord Grape),10.29,United States,4.35,Frequentem Brewing Co.,6.9,IPA - Sour,Can 470ml,470,21.89,IPA
Sixty Ships Down BA,10.95,Ireland,4.17,Galway Bay Brewery,12.0,Stout - Imperial / Double,500ml,500,21.9,Stout
Vintage Ale 2020,10.95,England,3.89,Fuller's Brewery,8.5,Old / Stock Ale,500ml,500,21.9,Old / Stock Ale
Vintage Ale 2021,10.95,England,3.87,Fuller's Brewery,8.5,Old / Stock Ale,500ml,500,21.9,Old / Stock Ale
The International Man of Booze,9.64,Finland,3.61,Panimoyhtiö Tuju,7.0,IPA - American,Can 440ml,440,21.91,IPA
Limited Connectivity,7.23,Sweden,4.02,Nerdbrewing,11.3,Stout - Imperial / Double,330ml,330,21.91,Stout
Fatal Deviation,9.64,Ireland,3.99,Whiplash,7.0,Stout - Imperial / Double,Can 440ml,440,21.91,Stout
Extravagant Vanilla Variant Stout,9.65,Netherlands,4.26,Moersleutel Craft Brewery,12.0,Stout - Russian Imperial,Can 440ml,440,21.93,Stout
Cuvée 31 – Barrel Aged Saison Rhabarber,16.45,France,4.05,Les Intenables - Craft Beer -,5.0,Farmhouse Ale - Saison,Bottle 750ml,750,21.93,Farmhouse Ale
Uncle Jam's Brewhouse Tales – #10 – Imperial Balkan Stout – MHD 23.05.2024,7.25,Bulgaria,4.01,Пивоварна Мелтум (Meltum Brewery),10.0,Stout - Imperial / Double Pastry,330ml,330,21.97,Stout
Marilyn Manderson,7.25,Hungary,3.62,Mad Scientist,9.8,Wheat Beer - Wheat Wine,330ml,330,21.97,Wheat Beer
Biere De Saison Apricot,7.25,England,3.84,The Kernel Brewery,4.9,Farmhouse Ale - Saison,330ml,330,21.97,Farmhouse Ale
Gutenberg Bock Barrel Aged – Barrel Aged Bockbier ( 6 Monate im Calvados Fass gereift ) – MHD 12.11.2023,7.25,Germany,3.97,KUEHN KUNZ ROSEN,9.0,Bock - Doppelbock,330ml,330,21.97,Bock
Wheat From Desire Oloroso & Rum BA,7.25,Netherlands,3.97,Jopen,12.0,Wheat Beer - Wheat Wine,330ml,330,21.97,Wheat Beer
Roasters Paradise,7.25,Hungary,4.15,Mad Scientist,13.0,Stout - Imperial / Double Coffee,330ml,330,21.97,Stout
Wheat From Desire Whiskey Bourbon Blend BA,7.25,Netherlands,3.93,Jopen,11.5,Wheat Beer - Wheat Wine,330ml,330,21.97,Wheat Beer
Wheat From Desire Tomintoul Whisky BA,7.25,Netherlands,3.95,Jopen,11.5,Wheat Beer - Wheat Wine,330ml,330,21.97,Wheat Beer
Zima – Barley Wine,7.25,Czech Republic,4.09,Sibeeria,11.4,Barleywine - American,330ml,330,21.97,Barleywine
The Last Private On The Western Front,7.25,Spain,4.06,La Pirata Brewing,15.0,Stout - Imperial / Double,330ml,330,21.97,Stout
Dune Bloom,7.8,United States,3.74,Superstition Meadery,6.0,Mead - Session / Short,Can 355ml,355,21.97,Mead
Punk Lemonade,7.8,United States,3.94,B. Nektar Meadery,6.3,Cider - Other Fruit,Can 355ml,355,21.97,Cider
Friend or Foe? (Smoked Beer),7.25,Poland,4.03,Browar Rockmill/ Дідько Brewery,12.0,Smoked Beer,330ml,330,21.97,Smoked Beer
Mythical Ground,7.25,Scotland,3.67,Tempest Brewing Co.,5.2,Pale Ale - New Zealand,330ml,330,21.97,Pale Ale
Poch's Volcanic Soul Series Canela Fina,7.25,Spain,3.81,Poch's Cervesa Artesana,10.1,Stout - Imperial / Double,330ml,330,21.97,Stout
Aupa Tovarisch Oloroso BA,7.25,Spain,3.91,Laugar Brewery,12.0,Stout - Russian Imperial,330ml,330,21.97,Stout
Donderbus,7.25,Netherlands,3.76,Brouwerij Homeland,11.2,Stout - Pastry,330ml,330,21.97,Stout
Surreal Cereal – Barrel Aged ( 9 Monate im Glengoyne Wisky Fass gereift ) Edition 2021,7.25,Germany,3.79,KUEHN KUNZ ROSEN,8.5,Stout - Imperial / Double Oatmeal,330ml,330,21.97,Stout
Muifel Vatgerijpt #9 Black Bastard Heaven Hill Bourbon,7.25,Netherlands,4.06,Muifelbrouwerij,12.0,Stout - Imperial / Double,330ml,330,21.97,Stout
Rogue Star,10.99,United States,4.11,Celestial Beerworks,8.0,IPA - Imperial / Double New England / Hazy,500ml,500,21.98,IPA
Thrice the Daily Serving: Tropical Punch (Freaky Friday Edition),10.99,United States,4.32,The Veil Brewing Co.,8.0,Sour - Fruited Berliner Weisse,500ml,500,21.98,Sour
Gnomies,10.99,United States,4.17,Celestial Beerworks,8.0,IPA - Imperial / Double New England / Hazy,500ml,500,21.98,IPA
Brume Du Littoral - Aout 2024,10.99,Canada,4.22,Le Ketch,8.0,IPA - Imperial / Double New England / Hazy,500ml,500,21.98,IPA
ParAmburana,16.49,United States,4.29,Firestone Walker Brewing Company,12.8,Stout - Imperial / Double,Bottle 750ml,750,21.99,Stout
Mosaic Mamba (canned: 12-8-24),10.4,United States,4.11,Toppling Goliath Brewing Co.,8.5,IPA - Imperial / Double,473ml,473,21.99,IPA
Grande Cuvée Porter Baltique,16.49,Canada,4.1,LTM - Les Trois Mousquetaires,10.0,Porter - Imperial / Double Baltic,Bottle 750ml,750,21.99,Porter
Bone Tree,10.4,Canada,4.08,Third Moon Brewing Company,6.5,IPA - New England / Hazy,Can 473ml,473,21.99,IPA
Love Lies Bleeding (Bulldog Comet),10.4,Canada,3.94,Third Moon Brewing Company,6.5,IPA - New England / Hazy,Can 473ml,473,21.99,IPA
Oude Geuze Cuvée Armand & Gaston honey 18/11/2019 Blend 4 19|20 (Coigneau hop),16.49,Belgium,4.27,Brouwerij 3 Fonteinen,7.0,Lambic - Gueuze,Bottle 750ml,750,21.99,Lambic
Doom Jazz Mambo,10.4,United States,3.67,Pipeworks Brewing Company,8.5,IPA - Milkshake,473ml,473,21.99,IPA
Drive Thru Meatballs the Franchise Expands to Idaho,10.4,United States,3.97,Pipeworks Brewing Company,8.0,IPA - Imperial / Double,473ml,473,21.99,IPA
Into the Starkness,16.49,United States,4.19,Firestone Walker Brewing Company,12.0,Porter - Imperial / Double Baltic,Bottle 750ml,750,21.99,Porter
Élevage Bourbon 2022,16.5,France,4.18,Popihn Sauvages,7.0,Wild Ale - Other,Bottle 750ml,750,22.0,Wild Ale
Megablend 2019,16.5,Belgium,4.07,Brewery John Martin & Brewery Timmermans/ Brouwerij Boon/ Brouwerij De Troch/ Brouwerij Lindemans/ + 4 breweries,7.0,Lambic - Gueuze,Bottle 750ml,750,22.0,Lambic
Lulo D'Arto Barrel Aged,16.5,Spain,3.94,Cierzo Brewing Co.,10.0,Barleywine - Other,Bottle 750ml,750,22.0,Barleywine
Hallelujah Rum BA,16.5,Spain,3.53,Cierzo Brewing Co.,10.0,Belgian Quadrupel,Bottle 750ml,750,22.0,Belgian Quadrupel
Terrorizer,8.25,Scotland,3.98,Holy Goat Brewing,6.0,Sour - Fruited,Bottle 375ml,375,22.0,Sour
Sauvage 4,16.5,France,4.0,Nano Brasserie SPO,4.8,Wild Ale - Other,Bottle 750ml,750,22.0,Wild Ale
Élevage Rum 2023,16.5,France,4.06,Popihn Sauvages,7.0,Wild Ale - Other,Bottle 750ml,750,22.0,Wild Ale
Shake Your Booty Barrel Aged,16.5,Spain,3.86,Cierzo Brewing Co.,11.0,Stout - Imperial / Double Milk,Bottle 750ml,750,22.0,Stout
Moesjke Royal,16.5,Belgium,3.51,Bierfirma Ultima,9.5,Bière de Champagne / Bière Brut,Bottle 750ml,750,22.0,Bière de Champagne / Bière Brut
Crimson Fang,8.25,Scotland,3.87,Holy Goat Brewing,7.5,Sour - Flanders Red Ale,Bottle 375ml,375,22.0,Sour
Abre Light Toast 2017,16.5,United States,3.96,The Bruery,10.8,Wheat Beer - Wheat Wine,Bottle 750ml,750,22.0,Wheat Beer
Bottle Beast - Bottle Aged English Barleywine with Green Walnut,7.26,Hungary,3.77,Etyeki Sörmanufaktúra,9.4,Barleywine - English,330ml,330,22.0,Barleywine
Chaiwala,7.26,Hungary,3.75,Mad Scientist,11.3,Stout - Imperial / Double Milk,330ml,330,22.0,Stout
Abre Medium Toast 2017,16.5,United States,4.01,The Bruery,10.8,Wheat Beer - Wheat Wine,Bottle 750ml,750,22.0,Wheat Beer
Meditation Grand Reserve 2018,16.5,Czech Republic,4.24,Wild Creatures,5.2,Lambic - Gueuze,Bottle 750ml,750,22.0,Lambic
La Saison - V.225,16.5,Switzerland,3.65,Brasserie des Franches-Montagnes (BFM),6.0,Farmhouse Ale - Saison,Bottle 750ml,750,22.0,Farmhouse Ale
Pamela Vintage 2021 Gose,8.25,Netherlands,3.61,Oedipus Brewing,6.5,Sour - Other,Bottle 375ml,375,22.0,Sour
Grondslag Batch #3 (2024),8.25,Netherlands,3.74,Nevel Wild Ales,6.0,Wild Ale - Other,Bottle 375ml,375,22.0,Wild Ale
TEMPERANCE,16.5,France,3.79,Brasserie La Malpolon,7.3,Grape Ale - Other,Bottle 750ml,750,22.0,Grape Ale
Rose de Gambrinus,16.5,Belgium,4.27,Brasserie Cantillon,5.0,Lambic - Framboise,Bottle 750ml,750,22.0,Lambic
Back Of A Woodpecker,16.5,Finland,4.1,Paihalas Brewery,6.4,Wild Ale - Other,Bottle 750ml,750,22.0,Wild Ale
Sin & Remorse Peated Whiskey BA,16.5,Netherlands,3.76,Jopen,12.0,Stout - Imperial / Double,Bottle 750ml,750,22.0,Stout
Cantillon: Gueuze 2024,8.25,Belgium,4.17,Brasserie Cantillon,5.5,Lambic - Gueuze,Bottle 375ml,375,22.0,Lambic
Wintebinkske Grand Cru,16.5,Belgium,4.01,Brouwerij Kerkom,13.0,Belgian Strong Dark Ale,Bottle 750ml,750,22.0,Belgian Strong Dark Ale
Single & Wild Colon-Elle,16.5,Belgium,3.9,Lambiek Fabriek,8.5,Lambic - Gueuze,Bottle 750ml,750,22.0,Lambic
Aoltbeer 05-2021 – Red Wine Barrel Aged Sourbeer,16.5,Germany,3.92,Kemker Kultuur (Brauerei J. Kemker),6.0,Sour - Fruited,Bottle 750ml,750,22.0,Sour
Paquette A La Plage,11.01,Canada,3.81,Brasserie Dieu du Ciel!,6.7,IPA - American,500ml,500,22.02,IPA
Boerenerf Fluweel,16.52,Belgium,4.14,Het Boerenerf Eylenbosch,6.95,Lambic - Other,Bottle 750ml,750,22.03,Lambic
To Ol Goliat,7.27,Denmark,4.05,To Øl,10.5,Stout - Imperial / Double Coffee,Can 330ml,330,22.03,Stout
Boerenerf Framboos,16.52,Belgium,4.19,Het Boerenerf Eylenbosch,7.0,Lambic - Framboise,Bottle 750ml,750,22.03,Lambic
Noa Pecan Mud Cake,7.27,Sweden,4.19,Omnipollo,11.0,Stout - Imperial / Double Pastry,330ml,330,22.03,Stout
Earth Nitro Stout,9.7,Netherlands,3.71,Moersleutel Craft Brewery,8.0,Stout - Other,Can 440ml,440,22.05,Stout
Vault City - Snowball,9.7,England,3.63,Pastore Brewing and Blending,6.4,Sour - Smoothie / Pastry,Can 440ml,440,22.05,Sour
Whale Sharks,9.7,England,4.21,Verdant Brewing Co,8.4,IPA - Imperial / Double New England / Hazy,Can 440ml,440,22.05,IPA
It's all Gravy (2024),9.7,United States,4.13,Wren House Brewing Company,8.3,IPA - Imperial / Double New England / Hazy,Can 440ml,440,22.05,IPA
Blossom Gueuze,16.54,Belgium,3.89,Brouwerij Lindemans,6.0,Lambic - Gueuze,Bottle 750ml,750,22.05,Lambic
Roasters Paradise Kianderi - Kenya,7.28,Hungary,4.15,Mad Scientist,13.0,Stout - Imperial / Double Coffee,330ml,330,22.06,Stout
Roasters Paradise Jaguara - Brazilia,7.28,Hungary,4.09,Mad Scientist,13.0,Stout - Imperial / Double Coffee,330ml,330,22.06,Stout
Clash of the Titans - Grand Reserva,7.28,Belgium,3.81,De Struise Brouwers/ Hoppy People,12.6,Barleywine - Other,330ml,330,22.06,Barleywine
Roasters Paradise Koke Shalaye - Ethiopia,7.28,Hungary,4.14,Mad Scientist,13.0,Stout - Imperial / Double Coffee,330ml,330,22.06,Stout
Altenbeer 2022,16.57,Belgium,3.89,L'Ermitage,7.0,Grape Ale - Other,Bottle 750ml,750,22.09,Grape Ale
Tara (2024),7.29,Ireland,4.24,Lough Gill Brewery,14.8,Stout - Imperial / Double,330ml,330,22.09,Stout
$120 Nachos 2024 (canned: 15-07-24),10.45,United States,4.31,Hoof Hearted Brewing,12.0,IPA - Triple New England / Hazy,473ml,473,22.09,IPA
1-800-DoubleDouble-XtraXtra-FrootieFrootie-BiggieBiggie-JuicyJuicy (canned: 01-07-24),10.45,United States,4.22,Hoof Hearted Brewing,10.0,IPA - Triple,473ml,473,22.09,IPA
Lunula (2024),7.29,Ireland,4.29,Lough Gill Brewery,14.8,Stout - Imperial / Double,330ml,330,22.09,Stout
Key Bump (canned: 26-08-24),10.45,United States,4.32,Hoof Hearted Brewing,10.5,IPA - Triple,473ml,473,22.09,IPA
Altenbeer,16.57,Belgium,3.77,L'Ermitage,7.0,Farmhouse Ale - Saison,Bottle 750ml,750,22.09,Farmhouse Ale
Bistro Ambrosia,10.45,United States,4.3,Energy City Brewing,6.5,Sour - Fruited Berliner Weisse,473ml,473,22.09,Sour
Quadrupel Vatgerijpt 007/2024,7.29,Netherlands,,Eggens,10.0,Belgian Quadrupel,330ml,330,22.09,Belgian Quadrupel
VOIID-04 (Ghost VOIID-04),10.45,United States,4.21,Adroit Theory,9.0,IPA - Imperial / Double,473ml,473,22.09,IPA
Spear (2024),7.29,Ireland,4.25,Lough Gill Brewery,13.0,Stout - Imperial / Double Oatmeal,330ml,330,22.09,Stout
Nicely Toasted,10.45,United States,4.17,Sapwood Cellars Brewery,10.5,Stout - Imperial / Double Oatmeal,473ml,473,22.09,Stout
Warrior (2024),7.29,Ireland,4.2,Lough Gill Brewery,14.0,Stout - Imperial / Double,330ml,330,22.09,Stout
Apple Rhubarb Maple Pecan,9.72,Scotland,3.97,Vault City Brewing,8.5,Sour - Smoothie / Pastry,Can 440ml,440,22.09,Sour
Bistro Pineapple Banana Cream Pie,10.45,United States,4.32,Energy City Brewing,6.5,Sour - Fruited Berliner Weisse,473ml,473,22.09,Sour
Barley Wine Vatgerijpt 008/2024 - Heaven Hill,7.29,Netherlands,4.12,Eggens,11.0,Barleywine - American,330ml,330,22.09,Barleywine
Imperial Stout Whisky Vatgerijpt 006/2024,7.29,Netherlands,3.9,Eggens,11.0,Stout - Imperial / Double,330ml,330,22.09,Stout
Ogham (2024),7.29,Ireland,4.33,Lough Gill Brewery,14.8,Stout - Imperial / Double,330ml,330,22.09,Stout
Evangelion XVIII. Lilin (Ghost LILIN),10.39,United States,4.36,Adroit Theory,10.5,IPA - Triple New England / Hazy,Can 470ml,470,22.11,IPA
Nectaron Dry Hop Pseudo Sue,10.39,United States,4.11,Toppling Goliath Brewing Co.,5.8,Pale Ale - American,Can 470ml,470,22.11,Pale Ale
Time To Pretend,8.29,United States,4.12,Beer Tree Brew,8.7,IPA - Imperial / Double New England / Hazy,Bottle 375ml,375,22.11,IPA
"Crowns, Hammers, And Zombies / Craft Beer Kings & Beer Zombies",8.29,United States,4.1,Mason Ale Works,8.5,IPA - Imperial / Double New England / Hazy,Bottle 375ml,375,22.11,IPA
VOIID-05 (Ghost VOIID-05),10.39,United States,4.19,Adroit Theory,9.0,IPA - Imperial / Double New England / Hazy,Can 470ml,470,22.11,IPA
WILD  15 - Bière de Soif Plum,8.29,Poland,3.97,Browar Stu Mostów,6.3,Sour - Fruited,Bottle 375ml,375,22.11,Sour
Dora #67,10.5,Canada,4.13,Badlands Brewing Company,6.5,IPA - American,Can 475ml,475,22.11,IPA
REFUSE (Ghost REFUSE),10.39,United States,4.28,Adroit Theory,10.0,IPA - Triple New England / Hazy,Can 470ml,470,22.11,IPA
A.B.W (American Barley Wine),7.3,Sweden,3.63,O/O Brewing,10.0,Barleywine - American,330ml,330,22.12,Barleywine
Very Big Moose (2024) - Rye Barrel Aged,7.3,Scotland,4.05,Fierce Beer,12.5,Stout - Russian Imperial,330ml,330,22.12,Stout
Imperial Russian Stout Kilchoman BA (15th Anniversary),7.3,Netherlands,3.76,Brouwerij Emelisse,15.0,Stout - Russian Imperial,330ml,330,22.12,Stout
Black & Tan BA Heaven Hill Bourbon,7.3,Netherlands,3.97,Berghoeve Brouwerij,10.0,Black & Tan,330ml,330,22.12,Black & Tan
Pleroma Dragon Fruit Créme Brulée Sour,7.3,Sweden,3.75,Omnipollo,6.0,Sour - Smoothie / Pastry,330ml,330,22.12,Sour
Objects In the Mirror,7.3,France,4.04,The Chubby Brewing Company,10.5,Stout - Russian Imperial,330ml,330,22.12,Stout
Pleroma Peach Melba Crème Brûlee Sour,7.3,Sweden,3.65,Omnipollo,6.0,Sour - Smoothie / Pastry,330ml,330,22.12,Sour
Very Big Moose (2024) - Two Year Bourbon Edition,7.3,Scotland,3.89,Fierce Beer,12.5,Stout - Imperial / Double,330ml,330,22.12,Stout
Very Big Moose (2024) - Maple & Hazelnut Edition,7.3,Scotland,3.92,Fierce Beer,12.5,Stout - Imperial / Double,330ml,330,22.12,Stout
Bianca Non-Alcoholic Blueberry Maple Pancake Lassi Gose,7.3,Sweden,3.89,Omnipollo,0.3,Non-Alcoholic - Sour,330ml,330,22.12,Non-Alcoholic
LAUGAR – BASATIA,7.3,Spain,3.75,Laugar Brewery,8.0,Stout - Imperial / Double,330ml,330,22.12,Stout
Resilience Barleywine,8.3,Portugal,3.92,Fermentage,12.0,Barleywine - American,Bottle 375ml,375,22.13,Barleywine
Oud Bruin Mega Blend,16.6,Belgium,3.95,Brouwerij 't Verzet,7.0,Sour - Flanders Oud Bruin,Bottle 750ml,750,22.13,Sour
Cassis (Vild),8.3,Sweden,3.92,Brekeriet,6.0,Sour - Fruited,Bottle 375ml,375,22.13,Sour
Glass Dolls,10.47,United States,3.94,Wayfinder Beer,4.5,Pilsner - Italian,473ml,473,22.14,Pilsner
CZAF,10.47,United States,3.86,Wayfinder Beer,4.9,Pilsner - Czech / Bohemian,473ml,473,22.14,Pilsner
Storm Wing,10.47,United States,3.8,Pipeworks Brewing Company,6.2,IPA - American,473ml,473,22.14,IPA
Party Time Pils,10.47,United States,3.83,Wayfinder Beer,5.3,Pilsner - German,473ml,473,22.14,Pilsner
DIPA v16,9.75,England,4.01,Cloudwater Brew Co.,8.0,IPA - Imperial / Double New England / Hazy,Can 440ml,440,22.16,IPA
Pineapple Upside-Down Cake,9.75,Scotland,4.07,Vault City Brewing,8.0,Sour - Smoothie / Pastry,Can 440ml,440,22.16,Sour
De Mederie Oh La La La,8.31,Belgium,3.66,De Mederie - Ciders,8.0,Cider - Other Fruit,Bottle 375ml,375,22.16,Cider
Extravagant Vanilla Variety Stout,9.75,Netherlands,4.26,Moersleutel Craft Brewery,12.0,Stout - Russian Imperial,Can 440ml,440,22.16,Stout
Fatamorgana X,9.75,Sweden,4.17,Omnipollo,8.0,IPA - Imperial / Double,Can 440ml,440,22.16,IPA
Lost Cyclops (2024),9.75,England,4.08,Neon Raptor Brewing Co.,12.0,Stout - Imperial / Double Pastry,Can 440ml,440,22.16,Stout
Imagination Atrophy (Ghost 1193),10.49,United States,3.89,Adroit Theory,8.0,Stout - Milk / Sweet,473ml,473,22.18,Stout
Tiny Dankster,10.49,United States,4.06,Cellarmaker Brewing Company,5.7,Pale Ale - New England / Hazy,473ml,473,22.18,Pale Ale
Bloodless VIII,10.49,United States,3.9,The Veil Brewing Co.,8.0,Sour - Fruited Berliner Weisse,473ml,473,22.18,Sour
RIOT (Ghost RIOT),10.49,United States,4.19,Adroit Theory,10.0,IPA - Triple New England / Hazy,473ml,473,22.18,IPA
King Sue (2024),10.49,United States,4.27,Toppling Goliath Brewing Co.,7.8,IPA - Imperial / Double,473ml,473,22.18,IPA
Your Wish Is Hazy,10.49,United States,4.18,Hop Butcher For The World,8.0,IPA - Imperial / Double New England / Hazy,473ml,473,22.18,IPA
Serpent of the Stars,10.49,United States,4.11,Great Notion Brewing,7.5,IPA - New England / Hazy,473ml,473,22.18,IPA
Cactus Eaters,10.49,United States,3.77,Brouwerij West,6.5,IPA - Other,473ml,473,22.18,IPA
Otter Milk,10.49,United States,3.87,Great Notion Brewing,6.2,Stout - Milk / Sweet,473ml,473,22.18,Stout
Oak-aged Pilsner By Rackhouse,8.32,Norway,3.65,LERVIG,5.8,Pilsner - Other,Bottle 375ml,375,22.19,Pilsner
Bistro Pineapple Delight,10.5,United States,4.08,Energy City Brewing,6.5,Sour - Fruited Berliner Weisse,473ml,473,22.2,Sour
Nilla Galaxy,10.5,United States,3.95,Equilibrium Brewery,8.5,IPA - Imperial / Double,473ml,473,22.2,IPA
Jungo Joose Maui Wowie,10.5,United States,4.09,The Brewing Projekt,8.5,Sour - Fruited,473ml,473,22.2,Sour
Méliades,10.5,Canada,4.27,Brasserie du Bas-Canada,6.5,IPA - American,473ml,473,22.2,IPA
Fauche Alerte XTRM TURBO,10.5,Canada,4.22,Messorem,6.5,IPA - American,473ml,473,22.2,IPA
Los Tabarnacos – Mangue,10.5,Canada,4.24,Brasserie du Bas-Canada,6.5,IPA - Milkshake,473ml,473,22.2,IPA
Coffee & Cakes,10.5,United States,4.16,Hubbard's Cave,12.0,Stout - Imperial / Double Pastry,473ml,473,22.2,Stout
Double Separation Anxiety 2024,10.5,Canada,4.17,Third Moon Brewing Company,8.0,IPA - Imperial / Double New England / Hazy,473ml,473,22.2,IPA
Dragon Fandango,10.5,United States,4.19,Toppling Goliath Brewing Co.,4.2,Sour - Fruited,473ml,473,22.2,Sour
Dépression Saisonniere,10.5,Canada,4.29,Brasserie du Bas-Canada,8.2,IPA - Imperial / Double,473ml,473,22.2,IPA
Layer Slayer,10.5,United States,3.82,Ascension Brewing Company,12.0,Stout - Imperial / Double Coffee,473ml,473,22.2,Stout
Photo Bomb,10.5,United States,4.19,District 96 Beer Factory,8.0,IPA - Imperial / Double New England / Hazy,473ml,473,22.2,IPA
Statim Finis XTRM TURBO,10.5,Canada,4.26,Messorem,8.7,IPA - Imperial / Double,473ml,473,22.2,IPA
Straight Outta The Laboratory,10.5,United States,4.38,Equilibrium Brewery,10.2,IPA - Triple,473ml,473,22.2,IPA
SLUSHY XL Watermelon Cherry,10.5,United States,3.87,450 North Brewing Company,5.3,Sour - Fruited Berliner Weisse,473ml,473,22.2,Sour
Affinité,10.5,Canada,4.31,Brasserie du Bas-Canada,8.2,IPA - Imperial / Double,473ml,473,22.2,IPA
District 96 America F$@K YA / Fuck Ya,10.5,United States,4.17,District 96 Beer Factory,6.8,IPA - New England / Hazy,473ml,473,22.2,IPA
SLUSHY XL Orange Splash,10.5,United States,3.88,450 North Brewing Company,5.3,Sour - Smoothie / Pastry,473ml,473,22.2,Sour
Key Bump,10.5,United States,4.32,Hoof Hearted Brewing,10.5,IPA - Triple,473ml,473,22.2,IPA
AK [Martyr Warrior] (Ghost 1100),10.5,United States,4.14,Adroit Theory,10.0,IPA - Triple New England / Hazy,473ml,473,22.2,IPA
Chill B-Day,10.5,United States,4.29,The Veil Brewing Co.,8.0,IPA - Imperial / Double New England / Hazy,473ml,473,22.2,IPA
Schmoojee Berry Cherry Cheesecake Parfait,10.5,United States,4.24,Imprint Beer Co.,6.5,Sour - Smoothie / Pastry,473ml,473,22.2,Sour
Schmoojee Shcoops Banana Cookies & Cream,10.5,United States,4.21,Imprint Beer Co.,6.5,Sour - Smoothie / Pastry,473ml,473,22.2,Sour
Extra Tall Kiwi,10.5,United States,4.24,Other Half Brewing Co.,8.5,IPA - Imperial / Double New England / Hazy,473ml,473,22.2,IPA
Comfort Hops,10.5,United States,4.19,Other Half Brewing Co.,8.5,IPA - Imperial / Double New England / Hazy,473ml,473,22.2,IPA
Coconut Bulletproof Porter,10.5,United States,4.2,Cellarmaker Brewing Company,8.0,Porter - Other,473ml,473,22.2,Porter
Peppercorn Dork Club (Mar 2024),10.5,United States,4.26,Hoof Hearted Brewing,10.0,IPA - Triple,473ml,473,22.2,IPA
Pink,10.5,Canada,4.05,Nano Cinco,7.3,IPA - New England / Hazy,473ml,473,22.2,IPA
Stuffed Schmoojee White Chocolate Strawberry Cannoli,10.5,United States,4.27,Imprint Beer Co.,6.0,Sour - Smoothie / Pastry,473ml,473,22.2,Sour
Schmoojee Marsh Madness Strawberry Cotton Candy White Chocolae S'mores,10.5,United States,4.33,Imprint Beer Co.,6.5,Sour - Smoothie / Pastry,473ml,473,22.2,Sour
Schmoojee Patisseree Strawberry Raspberry Cake,10.5,United States,4.35,Imprint Beer Co.,6.5,Sour - Smoothie / Pastry,473ml,473,22.2,Sour
Schmoojee Marsh Madness Peach Raspberry Mango,10.5,United States,4.15,Imprint Beer Co.,6.5,Sour - Smoothie / Pastry,473ml,473,22.2,Sour
Schmoojee Obey Your Juice With Lemon + Lime Soda,10.5,United States,4.21,Imprint Beer Co.,6.5,Sour - Smoothie / Pastry,473ml,473,22.2,Sour
Portail,10.5,Canada,4.23,Brasserie du Bas-Canada,6.5,IPA - American,473ml,473,22.2,IPA
Orange Chocolate Creme Savers Swirl,10.5,United States,4.17,Mortalis Brewing Company,7.0,Sour - Smoothie / Pastry,473ml,473,22.2,Sour
"Smoofee Sour – Blueberry, Mandarin, Tangerine & Vanilla",10.5,United States,4.14,The Brewing Projekt,7.0,Sour - Smoothie / Pastry,473ml,473,22.2,Sour
Starfighter Watermelon,10.5,Canada,3.69,EXP Artisan Brasseur,7.1,IPA - Imperial / Double Milkshake,473ml,473,22.2,IPA
Lychee Lambic,16.67,Belgium,3.45,OWA Brewery,5.5,Lambic - Fruit,Bottle 750ml,750,22.23,Lambic
Momo (Perzik) Lambic,16.67,Belgium,3.28,OWA Brewery,5.5,Lambic - Fruit,Bottle 750ml,750,22.23,Lambic
Ume Lambic,16.67,Belgium,3.58,OWA Brewery,5.5,Lambic - Fruit,Bottle 750ml,750,22.23,Lambic
Zombie Killer,7.9,United States,3.94,B. Nektar Meadery,5.5,Cider - Other Fruit,Can 355ml,355,22.25,Cider
COMMERCE WITHOUT MORALITY,9.79,England,4.29,Bang The Elephant Brewing Co,11.2,Stout - Imperial / Double,Can 440ml,440,22.25,Stout
Torenwachter,7.35,Netherlands,3.91,vandeStreek bier,10.3,Belgian Quadrupel,330ml,330,22.27,Belgian Quadrupel
Oude Gueuze,16.7,Belgium,4.0,Gueuzerie Tilquin,7.0,Lambic - Gueuze,Bottle 750ml,750,22.27,Lambic
I Want To Leave,9.8,Sweden,4.17,Elmeleven,4.7,Sour - Smoothie / Pastry,Can 440ml,440,22.27,Sour
Shades of Red: Ruby,16.7,Belgium,3.55,Galea Craft Beers,9.3,Sour - Fruited,Bottle 750ml,750,22.27,Sour
Now Serving Nonsense,9.8,England,3.68,Sureshot Brewing,8.0,Sour - Fruited,Can 440ml,440,22.27,Sour
Blood Goat,8.35,Scotland,4.03,Holy Goat Brewing,6.66,Sour - Flanders Red Ale,Bottle 375ml,375,22.27,Sour
God of Oceans (Theogony Project),9.8,Greece,4.03,Seven Island Brewery,11.0,Stout - Imperial / Double Pastry,Can 440ml,440,22.27,Stout
Moersleutel Buckwheat Malt,9.8,Netherlands,3.93,Moersleutel Craft Brewery,11.0,Stout - Imperial / Double,Can 440ml,440,22.27,Stout
Rose de Gambrinus 2024,16.73,Belgium,4.27,Brasserie Cantillon,5.0,Lambic - Framboise,Bottle 750ml,750,22.31,Lambic
The New Nostalgia (2024),10.49,Canada,4.25,Badlands Brewing Company,5.6,Pale Ale - American,Can 470ml,470,22.32,Pale Ale
Hera,16.74,Belgium,4.0,La Source Beer Co.,4.9,Wild Ale - Other,Bottle 750ml,750,22.32,Wild Ale
Solstice d'Hiver,16.74,Belgium,3.86,La Source Beer Co.,8.0,Historical Beer - Gruit / Ancient Herbed Ale,Bottle 750ml,750,22.32,Historical Beer
Celeste,16.74,Belgium,4.02,La Source Beer Co.,6.0,Historical Beer - Gruit / Ancient Herbed Ale,Bottle 750ml,750,22.32,Historical Beer
Palpitation,16.74,Belgium,3.94,La Source Beer Co.,5.8,Sour - Fruited,Bottle 750ml,750,22.32,Sour
DemiHydra | Strawberry + Kiwi + Watermelon,10.49,United States,4.47,Mortalis Brewing Company,5.0,Sour - Fruited,Can 470ml,470,22.32,Sour
Genèse,16.74,Belgium,3.91,La Source Beer Co.,6.4,Cider - Graff,Bottle 750ml,750,22.32,Cider
Calaca,16.74,Belgium,3.76,La Source Beer Co.,5.4,Historical Beer - Gruit / Ancient Herbed Ale,Bottle 750ml,750,22.32,Historical Beer
Bourbon Barrel Aged Export Stout,16.75,Ireland,3.97,Killarney Brewing Company,8.7,Stout - Foreign / Export,Bottle 750ml,750,22.33,Stout
Violet Underground,16.75,United States,4.12,Firestone Walker Brewing Company/ The Wild Beer Co,5.5,Wild Ale - Other,Bottle 750ml,750,22.33,Wild Ale
Santa's Little Helper,7.37,Denmark,3.71,Mikkeller,10.9,Belgian Strong Dark Ale,330ml,330,22.33,Belgian Strong Dark Ale
Venn – Barrel Aged Redwine Gruitbier,16.75,Germany,3.98,Kemker Kultuur (Brauerei J. Kemker),6.0,Historical Beer - Gruit / Ancient Herbed Ale,Bottle 750ml,750,22.33,Historical Beer
Biäke – Saison ( 2021 ),16.75,Germany,3.75,Kemker Kultuur (Brauerei J. Kemker),5.5,Farmhouse Ale - Saison,Bottle 750ml,750,22.33,Farmhouse Ale
Dark Truth,7.49,United States,3.85,Boulevard Brewing Co.,9.7,Stout - Imperial / Double,335ml,335,22.36,Stout
The Sixth Glass,7.49,United States,3.88,Boulevard Brewing Co.,10.2,Belgian Quadrupel,335ml,335,22.36,Belgian Quadrupel
Lizard King versus The Cryo,10.58,United States,3.92,Pipeworks Brewing Company,6.0,Pale Ale - American,473ml,473,22.37,Pale Ale
Reserva: Saison Locale II,16.79,Belgium,3.9,Brasserie Atrium,7.8,Farmhouse Ale - Saison,Bottle 750ml,750,22.39,Farmhouse Ale
Saison Voisin Moscato,16.79,Switzerland,4.14,Chien Bleu,6.0,Farmhouse Ale - Saison,Bottle 750ml,750,22.39,Farmhouse Ale
Saison Voisin Mondeuse,16.79,Switzerland,4.14,Chien Bleu,6.0,Farmhouse Ale - Saison,Bottle 750ml,750,22.39,Farmhouse Ale
Yuzu Crusher,8.4,Scotland,4.03,Holy Goat Brewing,5.9,Sour - Fruited,Bottle 375ml,375,22.4,Sour
Appel Wien 2020-03,16.8,Germany,3.81,Kemker Kultuur (Brauerei J. Kemker),6.0,Cider - Traditional / Apfelwein,Bottle 750ml,750,22.4,Cider
WILD #21 Forest Blueberry Basil,16.8,Poland,4.03,Browar Stu Mostów,7.0,Wild Ale - Other,Bottle 750ml,750,22.4,Wild Ale
Apricot,16.8,Belgium,3.82,Brouwerij Kestemont,5.5,Lambic - Fruit,Bottle 750ml,750,22.4,Lambic
The Brother Sean 2024,16.8,England,3.9,Anspach & Hobday,8.0,Stout - Belgian,Bottle 750ml,750,22.4,Stout
Mikkeller X Boon: Oude Gueze Calvados 2017,16.8,Belgium,3.99,Brouwerij Boon/ Mikkeller,6.4,Lambic - Gueuze,Bottle 750ml,750,22.4,Lambic
Brauerei Kemker Greni,16.8,Germany,3.81,Kemker Kultuur (Brauerei J. Kemker),5.2,IPA - Farmhouse,Bottle 750ml,750,22.4,IPA
Oude Kriek,8.4,Belgium,3.97,Hanssens Artisanaal,6.0,Lambic - Kriek,Bottle 375ml,375,22.4,Lambic
Nice to See You Tooth CROWLER,11.2,Belgium,3.79,Uncharted Brew Co.,5.5,IPA - Session,500ml,500,22.4,IPA
Sonnen Hill - Barb - Saison w/ Rhubarb,16.8,Canada,3.91,Sonnen Hill Brewing,4.5,Farmhouse Ale - Other,Bottle 750ml,750,22.4,Farmhouse Ale
Take A Seat,11.2,England,4.09,Baron Brewing,8.0,IPA - Imperial / Double New England / Hazy,Can 500ml,500,22.4,IPA
"Oude Geuze 0,75L (Season 21|22) Blend No. 64",16.8,Belgium,4.28,Brouwerij 3 Fonteinen,7.1,Lambic - Gueuze,Bottle 750ml,750,22.4,Lambic
Avec Les Bons Væux Saison 37.5cl,8.4,Belgium,3.8,Brasserie Dupont,9.5,Farmhouse Ale - Saison,Bottle 375ml,375,22.4,Farmhouse Ale
Appel Wien 2020-04,16.8,Germany,3.88,Kemker Kultuur (Brauerei J. Kemker),6.0,Cider - Traditional / Apfelwein,Bottle 750ml,750,22.4,Cider
Ratio of Exchange,16.8,Denmark,3.85,To Øl,6.8,Wild Ale - Other,Bottle 750ml,750,22.4,Wild Ale
The Bruery - Hoppy Horsey - Dry-Hopped Saison,16.8,United States,3.76,The Bruery Terreux,6.2,Farmhouse Ale - Saison,Bottle 750ml,750,22.4,Farmhouse Ale
Swedish Wash 2019 - 750ml,16.8,Denmark,3.67,Mikkeller,11.5,Bière de Champagne / Bière Brut,Bottle 750ml,750,22.4,Bière de Champagne / Bière Brut
Siphonaptera,8.4,Scotland,3.83,Epochal Barrel Fermented Ales,3.8,Table Beer,Bottle 375ml,375,22.4,Table Beer
Oh Ma Darlin',8.4,Scotland,3.81,Up Front Brewing,6.9,Wild Ale - Other,Bottle 375ml,375,22.4,Wild Ale
Money Mad Fat,10.6,United States,4.06,Barrier Brewing Company/ Interboro Spirits & Ales,7.3,IPA - American,Can 473ml,473,22.41,IPA
"Travelling this Year? Nah, I'd Rather Stick Around and Catch Up on NYC",10.6,United States,3.99,Evil Twin Brewing NYC,5.5,Pale Ale - New England / Hazy,473ml,473,22.41,Pale Ale
Mexican Cake,10.6,United States,4.27,Westbrook Brewing Co.,10.5,Stout - Imperial / Double,473ml,473,22.41,Stout
Maiden Of Pain V2 IPA,10.6,United States,3.84,Adroit Theory,7.5,IPA - Rye,473ml,473,22.41,IPA
Triple Nightwalk,10.6,Canada,4.3,Third Moon Brewing Company,10.5,IPA - Triple New England / Hazy,473ml,473,22.41,IPA
Secret Machine Apple Crisp A La Mode,10.6,United States,3.91,Dewey Beer Company,7.0,Sour - Smoothie / Pastry,Can 473ml,473,22.41,Sour
Nectaronus Prime,10.6,United States,4.03,Moksa Brewing Co,7.3,IPA - New England / Hazy,473ml,473,22.41,IPA
Let's Try Kief,10.6,United States,4.06,Moksa Brewing Co,8.2,IPA - Imperial / Double New England / Hazy,473ml,473,22.41,IPA
Reserva Saison Rye BA,16.81,Belgium,3.77,Brasserie Atrium,8.0,Farmhouse Ale - Saison,Bottle 750ml,750,22.41,Farmhouse Ale
Mexican Cake 2021,10.6,United States,4.22,Westbrook Brewing Co.,10.5,Stout - Imperial / Double,473ml,473,22.41,Stout
Batch 666,10.6,United States,3.89,Wayfinder Beer,6.66,Lager - Pale,473ml,473,22.41,Lager
Barbe Noel,7.4,Belgium,3.42,Brouwerij Verhaeghe,10.0,Winter Ale,330ml,330,22.42,Winter Ale
Risfactor Blueberry and Vanilla,7.4,Poland,3.88,Browar PINTA,10.0,Stout - Imperial / Double,330ml,330,22.42,Stout
The last private on the western front,7.4,Spain,4.06,La Pirata Brewing,15.0,Stout - Imperial / Double,330ml,330,22.42,Stout
"Portermass Cocoa Nibs, Vanilla and Cinnamon",7.4,Poland,4.03,Browar PINTA,11.0,Porter - Imperial / Double Baltic,330ml,330,22.42,Porter
Golgoth Whisky Barrel Aged,7.4,France,4.05,Brasserie Iron,11.0,Stout - Imperial / Double Oatmeal,330ml,330,22.42,Stout
Billie's BA 24hr Stout,7.4,Estonia,4.1,Põhjala,12.5,Stout - Imperial / Double,330ml,330,22.42,Stout
Barrel Aged Stout - Ardmore,7.4,Belgium,3.95,Totem,10.0,Stout - Imperial / Double,330ml,330,22.42,Stout
"The Black Pot - Coconut, Biscotti (2021)",7.4,Romania,4.11,Bereta Brewing Co./ Wicked Barrel,10.9,Stout - Imperial / Double,330ml,330,22.42,Stout
Muy Pastry Imperial Pastry Stout,7.4,Argentina,3.86,Juguetes Perdidos,10.5,Stout - Imperial / Double Pastry,Can 330ml,330,22.42,Stout
Candy2,7.4,Sweden,3.85,Dugges Bryggeri,11.5,Stout - Imperial / Double,330ml,330,22.42,Stout
"The Black Pot - Cocoa Nibs, Honey, Figs (2021)",7.4,Romania,4.09,Bereta Brewing Co./ Wicked Barrel,10.9,Stout - Imperial / Double,330ml,330,22.42,Stout
Abbaye de Rochefort 10,7.4,Belgium,4.05,Abbaye Notre-Dame de Saint-Rémy,11.3,Belgian Quadrupel,330ml,330,22.42,Belgian Quadrupel
Rhum And Bourbon Stout,7.4,Sweden,4.15,Poppels Bryggeri,12.5,Stout - Imperial / Double,330ml,330,22.42,Stout
Barrel Aged Stout - Woodford Reserve,7.4,Belgium,,Totem,10.0,Stout - Belgian,330ml,330,22.42,Stout
Beer Geek Breakfast,7.4,Denmark,3.88,Mikkeller,7.5,Stout - Oatmeal,330ml,330,22.42,Stout
Vandenbroek: Watergeus Retsina Rosemary 2021,16.85,Netherlands,4.0,Vandenbroek,6.7,Lambic - Fruit,Bottle 750ml,750,22.47,Lambic
Go With the Flow,10.63,United States,4.17,Other Half Brewing Co.,6.5,IPA - New England / Hazy,473ml,473,22.47,IPA
Maple Syrup Barrel Aged Vanilla Imperial Stout,9.89,Latvia,4.06,Ārpus Brewing Co.,12.0,Stout - Imperial / Double,Can 440ml,440,22.48,Stout
Mellow Moods Hazy Mango IPA,9.89,Norway,3.58,Amundsen Brewery,6.0,IPA - Fruited,Can 440ml,440,22.48,IPA
Wells,9.9,England,4.19,Beak Brewery,11.0,Stout - Imperial / Double,Can 440ml,440,22.5,Stout
La Isla Bonita (Seven Islands collab),9.9,Spain,4.08,Basqueland Brewing,10.0,IPA - New England / Hazy,Can 440ml,440,22.5,IPA
Elmeleven x Marlobobo Pioneers & Explorers PULP,9.9,Sweden,4.34,Elmeleven,5.0,Sour - Smoothie / Pastry,Can 440ml,440,22.5,Sour
CYCT Nozzles,9.9,Netherlands,3.97,Moersleutel Craft Brewery,9.0,IPA - Triple New England / Hazy,Can 440ml,440,22.5,IPA
Shake S'More,9.9,Scotland,4.04,Vault City Brewing,6.2,Sour - Smoothie / Pastry,Can 440ml,440,22.5,Sour
Mango Pineapple Passionfruit Vanilla Icecream,9.9,Scotland,4.29,Vault City Brewing,8.4,Sour - Smoothie / Pastry,Can 440ml,440,22.5,Sour
Beak x Future Brewing Subs,9.9,England,4.12,Beak Brewery,8.0,IPA - Imperial / Double New England / Hazy,Can 440ml,440,22.5,IPA
2x4,7.99,United States,4.09,Melvin Brewing,9.9,IPA - Imperial / Double,355ml,355,22.51,IPA
Curieux,7.99,United States,4.05,Allagash Brewing Company,10.2,Belgian Tripel,355ml,355,22.51,Belgian Tripel
Evolutions of B.O.R.I.S. the Crusher Chocolate Covered Strawberry,7.99,United States,4.01,Hoppin' Frog Brewery,9.4,Stout - Russian Imperial,355ml,355,22.51,Stout
The Walrus,7.99,United States,3.94,Roadhouse Brewing Company,8.3,IPA - New England / Hazy,355ml,355,22.51,IPA
Vitamin C4,10.65,United States,4.32,Vitamin Sea Brewing,8.5,IPA - Imperial / Double New England / Hazy,473ml,473,22.52,IPA
Burning Sky / Thornbridge Full Circle,16.89,England,4.04,Burning Sky Brewery/ Thornbridge Brewery,7.3,Farmhouse Ale - Saison,Bottle 750ml,750,22.52,Farmhouse Ale
Bistro Raspberry Crumble,10.65,United States,4.25,Energy City Brewing,6.5,Sour - Fruited Berliner Weisse,473ml,473,22.52,Sour
Disbauxa,8.45,Spain,4.11,La Calavera,6.0,Grape Ale - Other,Bottle 375ml,375,22.53,Grape Ale
Brett in Bad,8.45,Spain,3.68,La Calavera,6.7,Farmhouse Ale - Saison,Bottle 375ml,375,22.53,Farmhouse Ale
Lambiek Fabriek: Brett-Elle Oude Geuze 2020,16.9,Belgium,4.01,Lambiek Fabriek,5.5,Lambic - Gueuze,Bottle 750ml,750,22.53,Lambic
Sattran Dry Hop,16.9,Czech Republic,3.93,Fenetra,4.9,Farmhouse Ale - Other,Bottle 750ml,750,22.53,Farmhouse Ale
Oud Bruin Mega Blend (2022),16.9,Belgium,3.99,Brouwerij 't Verzet,7.0,Sour - Flanders Oud Bruin,Bottle 750ml,750,22.53,Sour
De Oude Cam: Lambiek 2019,8.45,Belgium,4.03,Geuzestekerij De Cam,5.0,Lambic - Traditional,Bottle 375ml,375,22.53,Lambic
Raspberry Red,16.9,Czech Republic,3.96,Wild Creatures,5.8,Sour - Flanders Red Ale,Bottle 750ml,750,22.53,Sour
Mari e Monti,8.45,Spain,4.06,La Calavera,6.5,Sour - Other,Bottle 375ml,375,22.53,Sour
Rust Barrel Aged Wild Blond Ale 2023,8.45,Netherlands,3.58,Nevel Wild Ales,6.0,Wild Ale - Other,Bottle 375ml,375,22.53,Wild Ale
Farmhouse sour #5,16.9,Belgium,4.04,Brouwerij Alvinne,8.0,Sour - Other,Bottle 750ml,750,22.53,Sour
Mudpuppy Porter,8.0,United States,3.68,Central Waters Brewing Company,5.6,Porter - American,355ml,355,22.54,Porter
Evolutions of B.O.R.I.S. The Crusher - Chocolate-covered Strawberry,8.0,United States,4.01,Hoppin' Frog Brewery,9.4,Stout - Russian Imperial,355ml,355,22.54,Stout
Hazel's Nuts: Toasted Marshmallow & Coconut,8.0,United States,4.24,Odd Side Ales,12.0,Stout - Imperial / Double Pastry,355ml,355,22.54,Stout
D.O.R.I.S. The Destroyer Double Imperial Stout,8.0,United States,4.17,Hoppin' Frog Brewery,10.5,Stout - Imperial / Double Oatmeal,355ml,355,22.54,Stout
Hazel's Nuts,8.0,United States,4.27,Odd Side Ales,12.1,Stout - Imperial / Double Coffee,355ml,355,22.54,Stout
B.O.R.I.S. The Crusher Oatmeal-Imperial Stout,8.0,United States,4.02,Hoppin' Frog Brewery,9.4,Stout - Russian Imperial,355ml,355,22.54,Stout
Golden Visa,7.44,Portugal,4.0,Dois Corvos,10.5,Stout - Imperial / Double Pastry,330ml,330,22.55,Stout
Meesterstuk 2023 Whisky Barrel Aged Imperial Stout,7.45,Netherlands,4.18,Jopen,11.8,Stout - Imperial / Double Pastry,330ml,330,22.58,Stout
Bye Van Rye,7.45,Netherlands,3.79,Rock City Brewing,11.3,Rye Wine,330ml,330,22.58,Rye Wine
Vatgerijpt #12 Nondeju Grand Cru Gotik Gin,7.45,Netherlands,4.01,Muifelbrouwerij,11.5,Belgian Strong Golden Ale,330ml,330,22.58,Belgian Strong Golden Ale
Reserva Tonka Barleywine BA,7.45,Belgium,3.85,Brasserie Atrium/ D'Oude Maalderij,10.9,Barleywine - Other,330ml,330,22.58,Barleywine
Braureserve 1237 – Barrel Aged,7.45,Germany,3.51,Brauhaus Faust - Miltenberg,10.9,Barleywine - English,330ml,330,22.58,Barleywine
Meesterstuk 2023 Oloroso Barrel Aged Imperial Stout,7.45,Netherlands,4.06,Jopen,10.5,Stout - Imperial / Double,330ml,330,22.58,Stout
Ragnar – Imperial Baltic Porter,7.45,Poland,3.96,Trzech Kumpli,10.7,Porter - Imperial / Double Baltic,330ml,330,22.58,Porter
Ouranos,16.94,Belgium,3.76,La Source Beer Co.,12.0,Barleywine - Other,Bottle 750ml,750,22.59,Barleywine
Cuvee Vidal,16.94,Canada,3.94,LTM - Les Trois Mousquetaires,6.5,Farmhouse Ale - Other,Bottle 750ml,750,22.59,Farmhouse Ale
Baghaven Havnesæson Blend 4,16.95,Denmark,3.94,Baghaven Brewing and Blending,8.1,Farmhouse Ale - Saison,Bottle 750ml,750,22.6,Farmhouse Ale
Winterbinkske,16.95,Belgium,3.55,Brouwerij Kerkom,8.0,Winter Ale,Bottle 750ml,750,22.6,Winter Ale
Gouden Carolus Indulgence Festiva Summer 2022 Blond Ale,16.95,Belgium,3.65,Brouwerij Het Anker,9.3,Belgian Strong Golden Ale,Bottle 750ml,750,22.6,Belgian Strong Golden Ale
"Metalworks Barleywine Figs, Dates & Spice",5.65,Bulgaria,4.08,Metalhead,13.0,Barleywine - Other,Bottle 250ml,250,22.6,Barleywine
Lambiek Fabriek: Single & Wild Colon-Elle 2023,16.95,Belgium,3.9,Lambiek Fabriek,8.5,Lambic - Gueuze,Bottle 750ml,750,22.6,Lambic
Festuca,16.95,Czech Republic,4.15,Hibernata,5.5,Farmhouse Ale - Other,Bottle 750ml,750,22.6,Farmhouse Ale
Regent Grapeale 2023,16.95,Germany,3.95,orca brau,6.5,Grape Ale - Other,Bottle 750ml,750,22.6,Grape Ale
Whisky Oak Infused,16.95,Belgium,3.75,Ter Dolen,8.5,Belgian Tripel,Bottle 750ml,750,22.6,Belgian Tripel
Fort Point Pale Ale,10.62,United States,4.21,Trillium Brewing Company,6.6,Pale Ale - American,Can 470ml,470,22.6,Pale Ale
Metalworks Wildflower Honey Barleywine,5.65,Bulgaria,4.03,Metalhead,13.0,Barleywine - Other,Bottle 250ml,250,22.6,Barleywine
Metalworks Barleywine Apricot & Spice,5.65,Bulgaria,4.14,Metalhead,14.0,Barleywine - Other,Bottle 250ml,250,22.6,Barleywine
Elevage Rum (2023),16.95,France,4.06,Popihn Sauvages,7.0,Wild Ale - Other,Bottle 750ml,750,22.6,Wild Ale
Cuvee 31 – Saison Orange – Barrel Aged Farmhouse Ale,16.95,France,4.05,Les Intenables - Craft Beer -,9.6,Farmhouse Ale - Saison,Bottle 750ml,750,22.6,Farmhouse Ale
TRIOOTJE CHARITES - Thalia,11.3,Belgium,3.81,Triootje,11.5,Strong Ale - Other,500ml,500,22.6,Strong Ale
Riesling Grapeale 2023,16.95,Germany,4.04,orca brau,6.5,Grape Ale - Other,Bottle 750ml,750,22.6,Grape Ale
If I Could Turn Back Time,16.95,England,4.14,Pomona Island Brew Co.,12.5,Stout - Russian Imperial,Bottle 750ml,750,22.6,Stout
Surette 2024,16.95,Switzerland,3.99,À tue-tête,6.5,Sour - Other,Bottle 750ml,750,22.6,Sour
BA03,16.95,Netherlands,4.05,Brouwerij Maallust,11.6,Belgian Quadrupel,Bottle 750ml,750,22.6,Belgian Quadrupel
Measured Chaos,10.69,United States,4.24,Timber Ales,12.0,Stout - Imperial / Double Coffee,473ml,473,22.6,Stout
Fliär Blome – Elderflower Infused Münsterisch Alt – Blend 02-2023,16.95,Germany,3.89,Kemker Kultuur (Brauerei J. Kemker),6.0,Sour - Other,Bottle 750ml,750,22.6,Sour
The End!,9.95,Sweden,4.14,Omnipollo,10.2,IPA - Triple New England / Hazy,Can 440ml,440,22.61,IPA
Eliphas,9.95,Sweden,3.76,Omnipollo,8.1,IPA - Imperial / Double New England / Hazy,Can 440ml,440,22.61,IPA
Ecto Cooler,9.95,United States,4.28,HEAVY REEL BREWING CO.,5.0,Fruit Beer,Can 440ml,440,22.61,Fruit Beer
Brewing the Storm – Maple Barrel Aged Imperial Stout,9.95,Germany,3.81,FrauGruber Brewing,13.8,IPA - New England / Hazy,Can 440ml,440,22.61,IPA
JELLY FINGERS: APPLE CINNAMON (2024),9.95,United States,4.44,HEAVY REEL BREWING CO.,5.0,Fruit Beer,Can 440ml,440,22.61,Fruit Beer
Arpus x Adroit Theory Port Wine Barrel Aged Vanilla x Earl Grey Wheatwine,9.95,Latvia,4.01,Ārpus Brewing Co.,12.0,Wheat Beer - Wheat Wine,Can 440ml,440,22.61,Wheat Beer
Space Worm – Bourbon Barrel Aged Imperial Märzen,9.95,Finland,3.51,Salama Brewing Company,10.0,Märzen,Can 440ml,440,22.61,Märzen
Jenerik,7.46,United States,4.14,Aslin Beer Company,13.0,IPA - Triple,330ml,330,22.61,IPA
Roll Your Own Way,9.95,United States,3.87,Hop Butcher For The World,10.5,Stout - Imperial / Double Pastry,Can 440ml,440,22.61,Stout
REVENANCE,9.95,England,4.25,Bang The Elephant Brewing Co,15.2,Stout - Imperial / Double,Can 440ml,440,22.61,Stout
鸭! (Duck!) Modern Barley Wine,9.95,England,3.97,Cloudwater Brew Co.,10.5,Barleywine - American,Can 440ml,440,22.61,Barleywine
Pseudo Church,9.95,Sweden,4.08,Omnipollo,8.1,IPA - Imperial / Double New England / Hazy,Can 440ml,440,22.61,IPA
Death & Dreams,9.95,Canada,4.1,Third Moon Brewing Company,7.0,IPA - New England / Hazy,Can 440ml,440,22.61,IPA
Hot Cakes #6,9.95,Croatia,4.32,Pulfer Brewery,5.5,Sour - Smoothie / Pastry,Can 440ml,440,22.61,Sour
Revenance,9.95,England,4.25,Bang The Elephant Brewing Co,15.2,Stout - Imperial / Double,Can 440ml,440,22.61,Stout
Sherlock Bones,10.7,United States,3.95,KCBC - Kings County Brewers Collective,7.2,IPA - New England / Hazy,Can 473ml,473,22.62,IPA
Rolling In Clouds,10.7,United States,4.1,Finback Brewery,7.1,IPA - New England / Hazy,Can 473ml,473,22.62,IPA
BC Trans Am Trav,10.7,United States,3.88,Aslin Beer Company,6.0,Sour - Fruited,Can 473ml,473,22.62,Sour
Half & Half,10.7,United States,4.01,Barrier Brewing Company/ Other Half Brewing Co.,8.8,Stout - Imperial / Double Coffee,Can 473ml,473,22.62,Stout
FINBACK Biomechanical,10.7,United States,4.13,Finback Brewery,7.7,IPA - American,473ml,473,22.62,IPA
De Cam Oude Lambiek 2019,16.97,Belgium,4.03,Geuzestekerij De Cam,5.0,Lambic - Traditional,Bottle 750ml,750,22.63,Lambic
Kemker Appel Wien 2020-05,16.97,Germany,3.81,Kemker Kultuur (Brauerei J. Kemker),7.0,Cider - Dry,Bottle 750ml,750,22.63,Cider
De Cam (Oude) Geuze 2023,16.97,Belgium,3.98,Geuzestekerij De Cam,6.5,Lambic - Gueuze,Bottle 750ml,750,22.63,Lambic
Popihn Sauvage / Cyclic Collaboration,16.97,France,4.15,Popihn Sauvages,6.3,Wild Ale - Other,Bottle 750ml,750,22.63,Wild Ale
Geuze Mariage Parfait Brewing year 2013,8.49,Belgium,3.79,Brouwerij Boon,8.0,Lambic - Gueuze,Bottle 375ml,375,22.64,Lambic
To the Nines,7.47,Sweden,3.76,Beerbliotek,13.0,Barleywine - Other,330ml,330,22.64,Barleywine
Timmermans Oude Gueuze (old label) 2013-2016,8.49,Belgium,3.94,Brewery John Martin & Brewery Timmermans,6.7,Lambic - Gueuze,Bottle 375ml,375,22.64,Lambic
Oude Kriek 02/2018,8.49,Belgium,3.97,Hanssens Artisanaal,6.5,Lambic - Kriek,Bottle 375ml,375,22.64,Lambic
Limited Edition Oproer: Kelder,8.49,Australia,,The Welder's Dog,6.5,Porter - Imperial / Double Baltic,Bottle 375ml,375,22.64,Porter
Ivan the Terrible (2020),7.47,Belgium,4.25,De Struise Brouwers,15.0,Stout - Russian Imperial,330ml,330,22.64,Stout
Limited Edition Oproer: Brettanosaurus,8.49,United States,3.72,Horny Goat Brewing Co.,6.5,Porter - Other,Bottle 375ml,375,22.64,Porter
Oud Beersel: Foeder 21 2022,8.49,Belgium,4.1,Oud Beersel,6.5,Lambic - Gueuze,Bottle 375ml,375,22.64,Lambic
Maple Jacket,16.99,United States,4.23,Revolution Brewing Company,14.4,Barleywine - English,Bottle 750ml,750,22.65,Barleywine
Oude Geuze 28/03/2017 Blend 26 16|17,16.99,Belgium,4.36,Brouwerij 3 Fonteinen,5.3,Lambic - Gueuze,Bottle 750ml,750,22.65,Lambic
Citrus Froot Direct,16.99,United States,3.84,Jester King Brewery,6.6,IPA - Farmhouse,Bottle 750ml,750,22.65,IPA
Noyau 2023,16.99,Switzerland,4.01,À tue-tête,7.5,Sour - Ale,Bottle 750ml,750,22.65,Sour
Oude Geuze 17/03/2017 Blend 25 16|17,16.99,Belgium,4.06,Brouwerij 3 Fonteinen,6.0,Lambic - Gueuze,Bottle 750ml,750,22.65,Lambic
100°,16.99,United States,3.8,Jester King Brewery,5.8,Farmhouse Ale - Other,Bottle 750ml,750,22.65,Farmhouse Ale
Betterave,16.99,Switzerland,3.8,À tue-tête,6.0,Sour - Fruited,Bottle 750ml,750,22.65,Sour
Oude Geuze 25/11/2016 Blend 8 16|17,16.99,Belgium,4.42,Brouwerij 3 Fonteinen,6.2,Lambic - Gueuze,Bottle 750ml,750,22.65,Lambic
Terreux LXXV / NOLA,16.99,United States,3.96,NOLA Brewing/ The Bruery Terreux,8.2,Wild Ale - American,Bottle 750ml,750,22.65,Wild Ale
Buddelship Lost Horizon Flemish Porter 22 Oud Bruin,16.99,Germany,3.36,Lost Horizon Farm,5.5,Brett Beer,Bottle 750ml,750,22.65,Brett Beer
Deth By Cherries 2023,16.99,United States,4.26,Revolution Brewing Company,14.3,Stout - Imperial / Double Oatmeal,Bottle 750ml,750,22.65,Stout
Oude Geuze 23/11/2017 Blend 59 16|17,16.99,Belgium,4.38,Brouwerij 3 Fonteinen,6.3,Lambic - Gueuze,Bottle 750ml,750,22.65,Lambic
Oude Geuze 29/03/2017 Blend 27 16|17,16.99,Belgium,4.33,Brouwerij 3 Fonteinen,5.0,Lambic - Gueuze,Bottle 750ml,750,22.65,Lambic
Aisla,16.99,Austria,4.33,Brauhaus Bevog,15.0,Stout - Imperial / Double,Bottle 750ml,750,22.65,Stout
Oude Geuze 2016 29/03/2016,16.99,Belgium,3.77,Oud Beersel,6.5,Lambic - Gueuze,Bottle 750ml,750,22.65,Lambic
Mirage 4,16.99,Norway,3.89,Nøgne Ø,9.0,Lambic - Gueuze,Bottle 750ml,750,22.65,Lambic
Volcano Sauce,8.5,United States,4.05,Aslin Beer Company/ FUERST WIACEK,6.0,Sour - Smoothie / Pastry,Bottle 375ml,375,22.67,Sour
Oude Kriek - Oogst 2022 • 375ml,8.5,Belgium,4.09,Het Boerenerf Eylenbosch,7.0,Lambic - Kriek,Bottle 375ml,375,22.67,Lambic
Ambrett V2,17.0,France,3.89,Nano Brasserie SPO,6.4,Brett Beer,Bottle 750ml,750,22.67,Brett Beer
Muscabella Oogst 2023,8.5,Belgium,4.23,Het Boerenerf Eylenbosch,6.85,Lambic - Other,Bottle 375ml,375,22.67,Lambic
"Zaldu - 37,5cl",8.5,Spain,3.95,Wild Nation,5.4,Wild Ale - Other,Bottle 375ml,375,22.67,Wild Ale
Surette,17.0,Switzerland,3.94,À tue-tête,7.0,Sour - Other,Bottle 750ml,750,22.67,Sour
Rhubarbe 2022,17.0,France,4.14,Popihn Sauvages,7.0,Wild Ale - Other,Bottle 750ml,750,22.67,Wild Ale
Nonsidro 2020,8.5,Italy,4.0,Cantina Errante,6.3,Wild Ale - Other,Bottle 375ml,375,22.67,Wild Ale
Fruston,8.5,Italy,3.93,Ca' del Brado,7.8,Farmhouse Ale - Bière de Garde,Bottle 375ml,375,22.67,Farmhouse Ale
Golden Sour Ale,8.5,United States,3.99,Great Divide Brewing Company,6.0,Sour - Other,Bottle 375ml,375,22.67,Sour
Dia De Los Muertos Ghost MUERTOS,8.5,United States,4.09,Adroit Theory,13.7,Stout - Russian Imperial,Bottle 375ml,375,22.67,Stout
DNSRT: Plum Saison,17.0,Belgium,3.46,Brussels Beer Project,5.5,Porter - English,Bottle 750ml,750,22.67,Porter
Oude Geuze 22 / 23 Assemblage 13,17.0,Belgium,4.07,Brouwerij 3 Fonteinen,6.0,Lambic - Gueuze,Bottle 750ml,750,22.67,Lambic
Funk Weapon,8.5,Scotland,3.89,Holy Goat Brewing,5.8,Sour - Other,Bottle 375ml,375,22.67,Sour
Under The Same Sky,9.98,England,4.2,Verdant Brewing Co,5.0,IPA - Imperial / Double New England / Hazy,Can 440ml,440,22.68,IPA
Het Boerenerf Gueuze 2023-1,8.39,Belgium,4.08,Het Boerenerf Eylenbosch,7.0,Lambic - Gueuze,Bottle 370ml,370,22.68,Lambic
Set the Tone / Barrique,7.49,United States,4.02,Benchtop Brewing Company,5.0,Pilsner - Other,330ml,330,22.7,Pilsner
Ola Dubh 18 Year Special Reserve,7.49,Scotland,4.07,Harviestoun Brewery,10.5,Porter - Imperial / Double,330ml,330,22.7,Porter
Tisiphone,9.99,England,4.07,Tartarus Beers,10.5,Stout - Imperial / Double Coffee,Can 440ml,440,22.7,Stout
Brewing x Finback Free-Float DIPA,9.99,Denmark,3.88,Gamma Brewing Company,8.0,IPA - Imperial / Double New England / Hazy,Can 440ml,440,22.7,IPA
Barrel-Aged Ten Fidy 2023,7.49,United States,4.35,Oskar Blues Brewery,12.5,Stout - Imperial / Double,330ml,330,22.7,Stout
(Growler) Bourbon Barrel Aged Back Already?,9.99,Sweden,3.95,Stigbergets Bryggeri,12.0,Stout - Imperial / Double Milk,Can 440ml,440,22.7,Stout
Stoopid: Black Forest Gateau,9.99,Scotland,4.16,Vault City Brewing,6.5,Sour - Smoothie / Pastry,Can 440ml,440,22.7,Sour
GUIRLATXE,9.99,Spain,3.93,Gro Brewers,12.0,Stout - Imperial / Double,Can 440ml,440,22.7,Stout
Tiny Barrel Project Candy Man Scotch,9.99,Hungary,4.27,Mad Scientist,11.5,Stout - Imperial / Double,Can 440ml,440,22.7,Stout
10yrs x Green Cheek Beer Co,9.99,England,4.25,Verdant Brewing Co,8.4,IPA - Imperial / Double New England / Hazy,Can 440ml,440,22.7,IPA
"Mango, Pineapple, Passion Fruit Vanilla Ice Cream",9.99,Scotland,3.99,Vault City Brewing,5.0,Sour - Smoothie / Pastry,Can 440ml,440,22.7,Sour
Cookies & Cream Blueberry Double Stack,9.99,Scotland,4.0,Vault City Brewing,7.1,Sour - Smoothie / Pastry,Can 440ml,440,22.7,Sour
Fatamorgana X (canned: 27-08-24),9.99,Sweden,3.98,Omnipollo,8.0,IPA - Imperial / Double New England / Hazy,Can 440ml,440,22.7,IPA
Tart Buds,9.99,United States,4.24,DankHouse Brewing Company,6.0,Sour - Fruited,Can 440ml,440,22.7,Sour
Through the Haze,9.99,United States,4.1,Juicy Brewing Co,8.0,IPA - Imperial / Double New England / Hazy,Can 440ml,440,22.7,IPA
Mango Piña Colada,9.99,United States,4.39,Smooj,5.0,Hard Seltzer,Can 440ml,440,22.7,Hard Seltzer
Divine Comédie – Madère Edition,7.49,France,3.86,Mogwaï Beer Company,10.0,Stout - Imperial / Double,330ml,330,22.7,Stout
Prickly Pear Piña Colada,9.99,United States,4.36,Smooj,5.0,Hard Seltzer,Can 440ml,440,22.7,Hard Seltzer
10yrs x Green Cheek Beer Co,9.99,England,4.04,Verdant Brewing Co,6.5,IPA - Fruited,Can 440ml,440,22.7,IPA
Stout of this world – Rum,7.49,Netherlands,4.12,Jopen,10.1,Stout - Russian Imperial,330ml,330,22.7,Stout
Liquid Yoga / Frequentem,7.49,United States,3.91,Smoldered Society Beer Co.,5.0,Pale Ale - New England / Hazy,330ml,330,22.7,Pale Ale
Euskal Sagardoa (Premium 2024),7.49,Spain,3.58,Zapiain Sagardoa,6.7,Cider - Basque,330ml,330,22.7,Cider
Memphis Mafia 2023 Double Vanilla,7.49,Hungary,3.81,Mad Scientist,12.8,Stout - Imperial / Double,330ml,330,22.7,Stout
Midnight Walker,9.99,Scotland,3.94,Overtone Brewing Co,11.0,Stout - Imperial / Double Pastry,Can 440ml,440,22.7,Stout
Vatgerijpt Quadrupel 005/2024 Martell Cognac,7.49,Netherlands,4.1,Eggens,11.0,Belgian Quadrupel,330ml,330,22.7,Belgian Quadrupel
Smoothie Series #1,9.99,United States,4.06,Prison Pals Brewing Co,5.0,Sour - Smoothie / Pastry,Can 440ml,440,22.7,Sour
BA22 Vol. 10,7.49,United States,4.17,Oskar Blues Brewery,14.0,Stout - Imperial / Double,330ml,330,22.7,Stout
Pineapple Upside Down Cake,9.99,Scotland,4.07,Vault City Brewing,8.0,Sour - Smoothie / Pastry,Can 440ml,440,22.7,Sour
Christmas Shake IPA,9.99,Sweden,3.69,Omnipollo,8.0,IPA - Imperial / Double Milkshake,Can 440ml,440,22.7,IPA
Tønnelagra Boðvin Bourbon B.A.,7.49,Norway,3.57,Bådin,10.1,Barleywine - Other,330ml,330,22.7,Barleywine
Cocoreo,9.99,Finland,4.21,Salama Brewing Company,11.0,Stout - Imperial / Double Pastry,Can 440ml,440,22.7,Stout
Schmoojee 6ixth Anniversary,12.9,United States,4.31,Imprint Beer Co.,6.5,Sour - Smoothie / Pastry,568ml,568,22.71,Sour
Laugar Wild Nation Zaldu,8.52,Spain,3.95,Wild Nation,5.4,Wild Ale - Other,Bottle 375ml,375,22.72,Wild Ale
CHIMP,10.75,Canada,4.28,BreWskey,8.3,IPA - Imperial / Double New England / Hazy,473ml,473,22.73,IPA
La Nuit Des Crocros (canned: 17-06-24),10.75,Canada,4.21,Brasserie Sir John Brewing Co.,10.0,IPA - Triple,473ml,473,22.73,IPA
Ārpus x Adroit Theory Port Wine Barrel Aged Vanilla x Earl Grey Wheatwine,10.0,Latvia,4.01,Ārpus Brewing Co.,12.0,Wheat Beer - Wheat Wine,Can 440ml,440,22.73,Wheat Beer
Caribbean Chocolate Cake,7.5,England,3.78,Siren Craft Brew,7.4,Stout - White / Golden,330ml,330,22.73,Stout
We're All Doomed,10.75,Canada,4.33,Messorem,9.1,IPA - Imperial / Double New England / Hazy,473ml,473,22.73,IPA
Mixed Berry Chomp Chomp,10.75,United States,4.3,The Brewing Projekt,6.9,Sour - Smoothie / Pastry,473ml,473,22.73,Sour
Ritual #1: Opening Ceremony PX Barrel Aged,7.5,Netherlands,4.01,Nemeton Brewing,10.8,Barleywine - English,330ml,330,22.73,Barleywine
Ashiitaké 1,7.5,France,3.8,Experimental Brewery,4.3,Sour - Other Gose,330ml,330,22.73,Sour
Hop Duo (Nelson + Mosaic),10.0,United States,4.13,Other Half Brewing Co.,6.5,IPA - New England / Hazy,Can 440ml,440,22.73,IPA
Ritual #1: Opening Ceremony Rum Barrel Aged,7.5,Netherlands,3.79,Nemeton Brewing,10.8,Barleywine - Other,330ml,330,22.73,Barleywine
Lunar,7.5,Netherlands,3.85,Brouwerij 't Smakt,10.5,Stout - Russian Imperial,330ml,330,22.73,Stout
Hannibal Laphroaig BA,7.5,Estonia,3.88,Anderson's Craft Beer,11.1,Stout - Imperial / Double,330ml,330,22.73,Stout
Vieille Groseille (Old Ale),7.5,France,3.93,Brasserie La Malpolon,10.0,Old / Stock Ale,330ml,330,22.73,Old / Stock Ale
Barley Wine Port Tawny Port Barrel Aged,7.5,Netherlands,3.84,Brouwerij Klein Duimpje,11.0,Barleywine - Other,330ml,330,22.73,Barleywine
Five,10.75,United States,4.07,Phase Three Brewing,8.0,IPA - Imperial / Double New England / Hazy,473ml,473,22.73,IPA
Black Project Cipher,10.75,United States,3.98,Black Project Spontaneous & Wild Ales,7.1,Sour - Fruited,473ml,473,22.73,Sour
Sense Pell – Catalan Barley Wine,7.5,Spain,3.95,Menno Olivier Brewing,10.9,Barleywine - Other,330ml,330,22.73,Barleywine
Pannepot Reserva 2012,7.5,Belgium,4.06,De Struise Brouwers,10.0,Belgian Strong Dark Ale,330ml,330,22.73,Belgian Strong Dark Ale
Ritual #1: Opening Ceremony Woodford Reserve BA,7.5,Netherlands,4.15,Nemeton Brewing,10.8,Barleywine - Other,330ml,330,22.73,Barleywine
Vatgerijpt #14 I Spy Double Rye Tawny Port,7.5,Netherlands,4.16,Muifelbrouwerij,10.0,Bock - Doppelbock,330ml,330,22.73,Bock
Grip The Nerves,10.75,Canada,4.17,Third Moon Brewing Company,8.0,IPA - Imperial / Double New England / Hazy,473ml,473,22.73,IPA
Selected Fourth Anniversary,10.75,Canada,4.21,Third Moon Brewing Company,8.0,IPA - Imperial / Double New England / Hazy,473ml,473,22.73,IPA
Bumps,10.0,England,3.83,Beak Brewery,7.0,Sour - Smoothie / Pastry,Can 440ml,440,22.73,Sour
Gueuze 20/21,7.5,Belgium,4.18,Brasserie Cantillon,5.0,Lambic - Gueuze,330ml,330,22.73,Lambic
Mösatöva (BBE 09/11/24),7.5,Sweden,3.85,Stigbergets Bryggeri,12.0,Stout - Imperial / Double Pastry,Can 330ml,330,22.73,Stout
Giant Raspberry Vanilla Lollipop (x Merakai),10.0,Scotland,4.1,Vault City Brewing,8.0,Sour - Smoothie / Pastry,Can 440ml,440,22.73,Sour
Strawberry Float,10.75,United States,4.32,Spanish Marie Brewery,5.0,Sour - Fruited,473ml,473,22.73,Sour
Casanova And The Rest Is Fly,10.0,England,4.01,Pomona Island Brew Co.,6.5,Stout - Pastry,Can 440ml,440,22.73,Stout
Caramel Fudge Stout Barrel Aged Bourbon,7.5,Netherlands,4.21,Brouwerij Kees,11.5,Stout - Imperial / Double,330ml,330,22.73,Stout
The Last Private On the Western Front,7.5,Spain,4.06,La Pirata Brewing,15.0,Stout - Imperial / Double,330ml,330,22.73,Stout
Hop Butcher Onyx Fly,10.75,United States,4.19,Hop Butcher For The World,7.5,IPA - Imperial / Double New England / Hazy,473ml,473,22.73,IPA
Hop Butcher Your Wish Is Hazy,10.75,United States,4.18,Hop Butcher For The World,8.0,IPA - Imperial / Double New England / Hazy,473ml,473,22.73,IPA
Zeit,7.5,Estonia,3.91,Põhjala,12.0,Wheat Beer - Wheat Wine,330ml,330,22.73,Wheat Beer
Salsa Verde TIPA x Track,10.0,Spain,4.21,Basqueland Brewing,10.0,IPA - Triple New England / Hazy,Can 440ml,440,22.73,IPA
Skelehawk,10.75,United States,4.26,Parish Brewing Co.,8.0,IPA - Imperial / Double New England / Hazy,473ml,473,22.73,IPA
Hooglander Knightcap - Brandy BA,7.5,Netherlands,3.9,Mannenpap,11.1,Stout - Imperial / Double,330ml,330,22.73,Stout
True,7.5,Sweden,3.97,Nerdbrewing,11.5,Porter - Imperial / Double,330ml,330,22.73,Porter
Sense Pell,7.5,Spain,3.95,Menno Olivier Brewing,10.9,Barleywine - Other,330ml,330,22.73,Barleywine
Waldbier,7.5,Austria,3.58,Kiesbye Naturbrauerei,6.2,Strong Ale - Other,330ml,330,22.73,Strong Ale
Celestial Rogue Star,10.75,United States,4.11,Celestial Beerworks,8.0,IPA - Imperial / Double New England / Hazy,473ml,473,22.73,IPA
Power,7.5,Sweden,4.01,Omnipollo,11.5,Stout - Imperial / Double Pastry,330ml,330,22.73,Stout
Liquid Christmas 2YR BA,7.5,Netherlands,3.85,Big Belly Brewing Company,12.5,Belgian Quadrupel,330ml,330,22.73,Belgian Quadrupel
Async,7.5,Sweden,4.0,Nerdbrewing,10.0,Stout - Imperial / Double,330ml,330,22.73,Stout
Ecorce 2024,7.5,France,4.22,Sacrilège,8.4,Sour - Flanders Oud Bruin,330ml,330,22.73,Sour
Memento mori,7.5,France,4.17,The Chubby Brewing Company,10.5,Stout - Russian Imperial,330ml,330,22.73,Stout
Dank Hunt,10.75,United States,4.27,DankHouse Brewing Company,10.0,IPA - Triple New England / Hazy,473ml,473,22.73,IPA
False,7.5,Sweden,3.96,Nerdbrewing,12.0,Stout - Imperial / Double,330ml,330,22.73,Stout
Blueberry Muffin Waffle Cone Crunch Triple Scoop,10.0,Scotland,4.13,Vault City Brewing,8.3,Sour - Smoothie / Pastry,Can 440ml,440,22.73,Sour
Tram Do Porto Tawny Port Barrel Aged Tripel,7.5,Netherlands,3.73,Brouwerij Klein Duimpje,9.5,Belgian Tripel,330ml,330,22.73,Belgian Tripel
Embrasse Peated Whisky BA,7.5,Belgium,3.68,Brouwerij De Dochter van de Korenaar,9.0,Belgian Strong Dark Ale,330ml,330,22.73,Belgian Strong Dark Ale
Torche Bouche V.2,10.75,Canada,4.29,Messorem,8.0,IPA - Imperial / Double,473ml,473,22.73,IPA
Deep Work IPA,10.0,Sweden,3.93,Omnipollo,7.2,IPA - Other,Can 440ml,440,22.73,IPA
Gouden Carolus Whisky Infused (330ml),7.5,Belgium,4.0,Brouwerij Het Anker,11.7,Belgian Strong Dark Ale,Bottle 330ml,330,22.73,Belgian Strong Dark Ale
Shines Bright West Coast IPA,10.0,England,3.91,Track Brewing Company,7.2,IPA - American,Can 440ml,440,22.73,IPA
Ola Dubh 18,7.5,Scotland,,Harviestoun Brewery,8.0,Porter - Imperial / Double,330ml,330,22.73,Porter
Hypa #9,10.75,Canada,4.32,Brasserie du Bas-Canada,6.5,IPA - American,473ml,473,22.73,IPA
Whiteferrari,10.75,United States,4.3,The Veil Brewing Co.,8.0,IPA - Imperial / Double New England / Hazy,473ml,473,22.73,IPA
Petit Chicago,10.75,Canada,4.3,Brasserie du Bas-Canada,6.5,IPA - American,473ml,473,22.73,IPA
Smells Like Bean Spirit,7.5,Norway,4.09,Cervisiam,12.0,Stout - Imperial / Double Coffee,330ml,330,22.73,Stout
Graze,10.69,Canada,4.29,Wood Brothers Brewing Co.,7.6,IPA - American,Can 470ml,470,22.74,IPA
Destroy,10.69,United States,4.21,The Veil Brewing Co.,8.0,IPA - Imperial / Double New England / Hazy,Can 470ml,470,22.74,IPA
Secret Heady Quarters,10.69,United States,4.3,DankHouse Brewing Company,10.0,IPA - Triple New England / Hazy,Can 470ml,470,22.74,IPA
10th Anniversary Mixed Fermentation Pine Ale - KEG Typ A,272.9,Poland,3.91,Browar Stu Mostów,7.0,IPA - Sour,12000ml,12000,22.74,IPA
Lord Galactopus,10.69,United States,4.22,Hop Butcher For The World,8.0,IPA - Imperial / Double New England / Hazy,Can 470ml,470,22.74,IPA
Through the Uprights,10.69,United States,4.1,Hop Butcher For The World,7.75,IPA - Imperial / Double New England / Hazy,Can 470ml,470,22.74,IPA
It's All Swell,10.69,United States,4.4,Vitamin Sea Brewing,8.0,IPA - Imperial / Double New England / Hazy,Can 470ml,470,22.74,IPA
Triple Tombe,11.39,Canada,4.4,Messorem,10.0,IPA - Triple,Bottle 500ml,500,22.78,IPA
Embrace the Funk Vines Chancellor Grapes,11.39,United States,3.9,Yazoo Brewing Company,6.1,American Wild Ale,500ml,500,22.78,American Wild Ale
Yazoo / Jester King Embrace the Funk Elm and Fitzhugh,11.39,United States,4.04,Yazoo Brewing Company,6.8,Wild Ale - American,500ml,500,22.78,Wild Ale
Funk Fest '21,11.39,United States,4.19,Yazoo Brewing Company,6.8,Sour - Fruited,500ml,500,22.78,Sour
The Middle Of Silence (2021),11.4,Poland,4.05,Maltgarden/ Piwne Podziemie,10.2,Stout - Imperial / Double Milk,500ml,500,22.8,Stout
We Got the Fire,11.4,Poland,3.95,Maltgarden,10.5,Stout - Imperial / Double Coffee,500ml,500,22.8,Stout
Where Are My Goggles? (2022),11.4,Poland,4.07,Maltgarden,10.0,Stout - Imperial / Double Pastry,500ml,500,22.8,Stout
Techno Tomboy CROWLER,11.4,United States,4.07,Outer Range Brewing Co.,7.2,IPA - New England / Hazy,500ml,500,22.8,IPA
Geuze - 2018,17.1,Belgium,4.15,Geuzestekerij De Cam,6.5,Lambic - Gueuze,Bottle 750ml,750,22.8,Lambic
Pennsylvania Porridge,11.4,United States,3.72,Voodoo Brewing Co.,6.0,Porter - American,500ml,500,22.8,Porter
Oude Geuze - Cuvee Paul - 2020/2021,17.1,Belgium,4.21,Gueuzerie Tilquin,7.0,Lambic - Gueuze,Bottle 750ml,750,22.8,Lambic
Window Blinds Down,11.4,Poland,4.17,Maltgarden,12.2,Stout - Imperial / Double Pastry,500ml,500,22.8,Stout
Framboise Boon Fruited Lambic 25cl,5.7,Belgium,3.54,Brouwerij Boon,5.0,Lambic - Framboise,Bottle 250ml,250,22.8,Lambic
Boerenerf Oude Gueuze 2023 Cuvée Heritage,17.11,Belgium,4.08,Het Boerenerf Eylenbosch,7.0,Lambic - Gueuze,Bottle 750ml,750,22.81,Lambic
HYPA #2,10.79,Canada,4.27,Brasserie du Bas-Canada,6.5,IPA - American,473ml,473,22.81,IPA
Natural Flavors (Peach),10.79,United States,4.33,Frequentem Brewing Co.,6.3,IPA - Sour,473ml,473,22.81,IPA
Strawberry Incipient,10.8,United States,4.12,Speciation Artisan Ales,6.7,Sour - Fruited,Can 473ml,473,22.83,Sour
La Biere Des Clans 2.0,10.8,Canada,4.35,Messorem,8.6,IPA - Imperial / Double New England / Hazy,473ml,473,22.83,IPA
Theorem,10.8,United States,3.76,Equilibrium Brewery,8.0,IPA - Imperial / Double,Can 473ml,473,22.83,IPA
Borealis,10.8,United States,4.27,Spyglass Brewing Company,8.1,IPA - Imperial / Double New England / Hazy,Can 473ml,473,22.83,IPA
I Can't afford To Be Here (canned: 04-07-24),10.8,Canada,4.23,Wood Brothers Brewing Co.,6.2,IPA - New England / Hazy,473ml,473,22.83,IPA
Alternate Universe,10.8,United States,4.24,Spyglass Brewing Company,8.6,IPA - Imperial / Double New England / Hazy,Can 473ml,473,22.83,IPA
Mi Fuzz,10.8,United States,4.06,Speciation Artisan Ales,6.5,Sour - Other,Can 473ml,473,22.83,Sour
Kosmic Krush,10.8,United States,3.93,Equilibrium Brewery,8.0,IPA - Imperial / Double,Can 473ml,473,22.83,IPA
MEGA: Center Of Attention (canned: 22-7-24),10.8,United States,4.27,Modestman Brewing LLC,8.5,IPA - Imperial / Double New England / Hazy,473ml,473,22.83,IPA
Neon Green Relish (canned: 22-07-24),10.8,United States,4.3,Hop Butcher For The World,7.5,IPA - Imperial / Double New England / Hazy,473ml,473,22.83,IPA
Sky Thing,10.8,United States,4.07,Hudson Valley Brewery,8.0,IPA - Imperial / Double,Can 473ml,473,22.83,IPA
Bistro Grande Blueberry & Strawberry Pancakes,10.8,United States,4.22,Energy City Brewing,8.0,Sour - Fruited Berliner Weisse,473ml,473,22.83,Sour
Kinematics,10.8,United States,4.17,Spyglass Brewing Company,8.4,IPA - Imperial / Double New England / Hazy,Can 473ml,473,22.83,IPA
Gemini | Circle the Wagons,10.8,United States,4.34,Mortalis Brewing Company,7.0,Sour - Smoothie / Pastry,Can 473ml,473,22.83,Sour
Secret Heady Quarters (canned:30-08-24),10.8,United States,4.3,DankHouse Brewing Company,10.0,IPA - Triple New England / Hazy,473ml,473,22.83,IPA
Divine Failure,10.8,United States,4.41,The Veil Brewing Co.,9.0,IPA - Imperial / Double New England / Hazy,473ml,473,22.83,IPA
Zombie Hopsicle,10.8,United States,4.13,Hop Butcher For The World,7.5,IPA - Imperial / Double New England / Hazy,473ml,473,22.83,IPA
Cryogen,10.8,United States,4.1,Spyglass Brewing Company,8.0,IPA - Imperial / Double New England / Hazy,Can 473ml,473,22.83,IPA
Spinning in Infinity,10.8,United States,3.57,Pipeworks Brewing Company,5.3,Farmhouse Ale - Saison,473ml,473,22.83,Farmhouse Ale
ANXOREUX,10.8,United States,3.93,ANXO Cider/ The Bruery Terreux,7.0,Wild Ale - American,473ml,473,22.83,Wild Ale
Lupulin Labyrinth (canned: 04-07-24),10.8,Canada,4.07,Wood Brothers Brewing Co.,6.1,IPA - New England / Hazy,473ml,473,22.83,IPA
Tripping Animals / Floc - Froggo,10.8,United States,3.93,Tripping Animals Brewing Co.,7.7,IPA - Imperial / Double New England / Hazy,Can 473ml,473,22.83,IPA
WeldWerks x Cerebral x New Image Three Dimensions,10.8,United States,4.07,WeldWerks Brewing Co.,8.4,IPA - Imperial / Double New England / Hazy,Can 473ml,473,22.83,IPA
Greetings From Cypremont Point,10.8,United States,3.92,Parish Brewing Co.,5.6,Sour - Fruited Berliner Weisse,Can 473ml,473,22.83,Sour
Péché Mortel (2024),7.79,Canada,4.2,Brasserie Dieu du Ciel!,9.5,Stout - Imperial / Double Coffee,Bottle 341ml,341,22.84,Stout
Bersalis Tripel Oak Aged (2021),8.57,Belgium,3.96,Oud Beersel,10.5,Sour - Other,Bottle 375ml,375,22.85,Sour
Wild Ultra (2022),11.43,Canada,4.13,Brasserie Dieu du Ciel!,6.2,IPA - Sour,500ml,500,22.86,IPA
Feijoa Sour,17.15,Australia,3.87,Rocky Ridge Brewing Co.,5.0,Sour - Other,Bottle 750ml,750,22.87,Sour
Devine Good Times,17.15,Australia,3.78,Rocky Ridge Brewing Co.,8.0,Farmhouse Ale - Saison,Bottle 750ml,750,22.87,Farmhouse Ale
6ix Anniversary Haze Double New England IPA,12.99,United States,4.02,Imprint Beer Co.,12.0,Stout - Imperial / Double Pastry,568ml,568,22.87,Stout
Grutte Pier – Vatgerijpt ALS Quadrupel V2C,7.55,Netherlands,3.77,Brouwerij In De Nacht,10.0,Stout - Imperial / Double Milk,330ml,330,22.88,Stout
Bundt Cake,7.55,Spain,3.9,La Pirata Brewing,13.0,Stout - Pastry,330ml,330,22.88,Stout
Bye Van Rye,7.55,Netherlands,3.79,Rock City Brewing,5.0,Rye Wine,330ml,330,22.88,Rye Wine
Reserva Trio Rum BA,7.56,Belgium,3.95,Brasserie Atrium,10.0,Barleywine - Other,330ml,330,22.91,Barleywine
Invernomuto,8.6,Italy,3.93,Ca' del Brado,6.8,Farmhouse Ale - Brett,Bottle 375ml,375,22.93,Farmhouse Ale
"Oude Geuze 0,375L (Season 21|22) Blend No. 98",8.6,Belgium,4.21,Brouwerij 3 Fonteinen,5.9,Lambic - Gueuze,Bottle 375ml,375,22.93,Lambic
Stay Classy,10.85,Canada,4.19,Wood Brothers Brewing Co.,8.0,IPA - Imperial / Double,473ml,473,22.94,IPA
Our Private Idaho,10.85,Canada,4.13,Wood Brothers Brewing Co.,8.2,IPA - Imperial / Double,473ml,473,22.94,IPA
Citra Ronin,10.1,Greece,3.98,Seven Island Brewery,8.0,IPA - Imperial / Double New England / Hazy,Can 440ml,440,22.95,IPA
Seven Island x Mason Aleworks Skull Smasher,10.1,Greece,3.97,Seven Island Brewery,8.0,IPA - Imperial / Double New England / Hazy,Can 440ml,440,22.95,IPA
Dilson,10.1,England,4.1,Sureshot Brewing,8.0,IPA - Imperial / Double,Can 440ml,440,22.95,IPA
Boerenerf Oude Gueuze Lambic'ado,17.21,Belgium,4.02,Het Boerenerf Eylenbosch,7.0,Lambic - Gueuze,Bottle 750ml,750,22.95,Lambic
Cuvée Cryo,17.21,Canada,3.98,LTM - Les Trois Mousquetaires,8.8,Fruit Beer,Bottle 750ml,750,22.95,Fruit Beer
Elmeleven x Pastore For All Alienkind PULP,10.1,Sweden,4.16,Elmeleven,5.0,Sour - Smoothie / Pastry,Can 440ml,440,22.95,Sour
Psuedo Church,10.1,Sweden,4.08,Omnipollo,8.1,IPA - Imperial / Double New England / Hazy,Can 440ml,440,22.95,IPA
Rhubarb Lambiek 2022,17.21,Belgium,3.9,Oud Beersel,6.5,Lambic - Fruit,Bottle 750ml,750,22.95,Lambic
Zythologist / Beergium Pablo Pistachio,8.49,Belgium,4.32,Brasserie Zythologist,11.0,Stout - Imperial / Double Milk,Bottle 370ml,370,22.95,Stout
Choos,10.1,England,4.2,Beak Brewery,8.0,IPA - Imperial / Double,Can 440ml,440,22.95,IPA
The Redemption of Vanity Peanut Butter Brownie Imperial Pastry Stout,10.1,England,4.25,Azvex Brewing Company,13.0,Stout - Imperial / Double Pastry,Can 440ml,440,22.95,Stout
Colossus,10.1,Scotland,4.15,Overtone Brewing Co,10.0,IPA - Triple New England / Hazy,Can 440ml,440,22.95,IPA
Daily Serving: Raspberry & Passionfruit,10.79,United States,4.28,Trillium Brewing Company,4.2,Sour - Fruited Berliner Weisse,Can 470ml,470,22.96,Sour
Siren Static Charge,8.61,England,3.9,Siren Craft Brew,7.7,Sour - Other,Bottle 375ml,375,22.96,Sour
Sour Farmhouse - BATCH 10 - VINTAGE,8.5,United States,,Woodfour Brewing Company,4.8,Farmhouse Ale - Other,Bottle 370ml,370,22.97,Farmhouse Ale
GIRARDIN Geuze Black Label,8.5,Belgium,4.0,Brouwerij Girardin,5.0,Lambic - Gueuze,Bottle 370ml,370,22.97,Lambic
Double Dry Hopped Tiberius,11.49,Canada,4.33,Brasserie du Bas-Canada,8.2,IPA - Imperial / Double,500ml,500,22.98,IPA
Congress Street,11.49,United States,4.27,Trillium Brewing Company,7.2,IPA - American,500ml,500,22.98,IPA
Fictive,11.49,Canada,4.31,Brasserie du Bas-Canada,8.2,IPA - Imperial / Double,500ml,500,22.98,IPA
UPPER CASE,11.49,United States,4.41,Trillium Brewing Company,9.0,IPA - Imperial / Double New England / Hazy,500ml,500,22.98,IPA
Two Hundred Fathoms 2024,11.5,Ireland,4.39,Galway Bay Brewery,11.2,Stout - Imperial / Double,500ml,500,23.0,Stout
Oude Mirabelle 2020/2021,11.5,Belgium,4.21,Gueuzerie Tilquin,7.0,Lambic - Fruit,500ml,500,23.0,Lambic
Symbiose #31,11.5,Canada,4.0,Brasserie Dieu du Ciel!,6.5,Sour - Other,500ml,500,23.0,Sour
Wild Ultra,11.5,Canada,3.96,Brasserie Dieu du Ciel!,6.2,Wild Ale - American,500ml,500,23.0,Wild Ale
Coolship 2022,11.5,England,3.93,The Wild Beer Co,7.7,Wild Ale - Other,500ml,500,23.0,Wild Ale
Fuzzy Van Trip CROWLER,11.5,Germany,4.0,Sudden Death Brewing Co.,6.3,IPA - New England / Hazy,500ml,500,23.0,IPA
Intense Red Oude Kriek VAT 2018-2019 BLEND 118,8.51,Belgium,4.32,Brouwerij 3 Fonteinen,6.6,Lambic - Kriek,Bottle 370ml,370,23.0,Lambic
Solstice D'Été Framboise 2023,10.89,Canada,4.03,Brasserie Dieu du Ciel!,5.9,Sour - Fruited Berliner Weisse,473ml,473,23.02,Sour
Double Belge BIO,7.6,France,3.57,Effet Papillon,7.5,Belgian Dubbel,330ml,330,23.03,Belgian Dubbel
De Cort Wild Adam,34.55,Belgium,3.72,Brouwerij VAN'T Pajottenland,6.5,Cider - Graff,Bottle 1500ml,1500,23.03,Cider
Barrel Aged Gulle Tinus (2022),7.6,Netherlands,3.89,Gulpener Bierbrouwerij,12.0,Freeze-Distilled Beer,330ml,330,23.03,Freeze-Distilled Beer
BA Beluga Glen Moray/Aultmore,7.6,Netherlands,3.96,De Kromme Haring,11.0,Stout - Russian Imperial,330ml,330,23.03,Stout
Boskeun Belgian Tripel 2023,7.6,Belgium,3.7,Brouwerij De Dolle Brouwers,9.0,Belgian Strong Golden Ale,330ml,330,23.03,Belgian Strong Golden Ale
Belgian Dark Brett 2020,7.6,Italy,3.74,Cask Irpinia Barrel,7.0,Belgian Strong Dark Ale,330ml,330,23.03,Belgian Strong Dark Ale
Canelé de Mauguio,7.6,France,4.12,Fauve,12.0,Stout - Imperial / Double,330ml,330,23.03,Stout
Mythical Ground,7.6,Scotland,3.67,Tempest Brewing Co.,11.4,Pale Ale - New Zealand,330ml,330,23.03,Pale Ale
Cigalo Baltic Porter Coffee Infused – PX Barrel Aged,7.6,Spain,3.46,La Pirata Brewing,10.0,Porter - Imperial / Double Baltic,330ml,330,23.03,Porter
ANTWERP Weller Bourbon Barrel Aged (2023),7.6,Belgium,4.2,Galea Craft Beers,14.5,Stout - Imperial / Double,330ml,330,23.03,Stout
ANTWERP Heaven Hill Bourbon Barrel Aged (2023),7.6,Belgium,4.18,Galea Craft Beers,14.5,Stout - Imperial / Double,330ml,330,23.03,Stout
ANTWERP Blantons Bourbon Barrel Aged (2023),7.6,Belgium,4.2,Galea Craft Beers,14.5,Stout - Imperial / Double,330ml,330,23.03,Stout
Aupa Tovarisch Armagnac BA,7.6,Spain,4.2,Laugar Brewery,12.0,Stout - Imperial / Double,330ml,330,23.03,Stout
Die Hard Imperial Stout,7.6,Norway,3.65,Cervisiam,10.0,Stout - Imperial / Double Pastry,330ml,330,23.03,Stout
Boskeun Belgian Tripel 2024,7.6,Belgium,3.7,Brouwerij De Dolle Brouwers,9.0,Belgian Strong Golden Ale,330ml,330,23.03,Belgian Strong Golden Ale
Blizzy: Blueberry Raspberry Cotton Candy,10.9,United States,4.2,Fifth Frame Brewing Co.,5.8,Sour - Smoothie / Pastry,473ml,473,23.04,Sour
"Roads? Where We're Going, We Don't Need Roads",10.9,United States,4.16,Hoof Hearted Brewing,9.0,IPA - Imperial / Double,Can 473ml,473,23.04,IPA
Trucks & Buses Must Exit Left,10.9,United States,4.01,Trillium Brewing Company,5.5,Pale Ale - American,473ml,473,23.04,Pale Ale
Olmsted,10.9,United States,4.08,Trillium Brewing Company,7.0,IPA - New England / Hazy,473ml,473,23.04,IPA
Dock 88,10.9,Canada,4.21,Le Ketch,6.5,IPA - New England / Hazy,473ml,473,23.04,IPA
Lambo Door,10.9,United States,4.22,Grimm Artisanal Ales,8.0,IPA - Imperial / Double New England / Hazy,Can 473ml,473,23.04,IPA
"J.R.E.A.M. : Raspberry, Strawberry, White Chocolate, Cupcake",10.9,United States,3.76,Burley Oak Brewing Company,4.8,Sour - Smoothie / Pastry,473ml,473,23.04,Sour
Dock 89,10.9,Canada,4.25,Le Ketch,6.5,IPA - New England / Hazy,473ml,473,23.04,IPA
Mirrored,10.9,United States,3.86,The Veil Brewing Co.,11.0,Barleywine - American,473ml,473,23.04,Barleywine
Reserva Saison Special Blend 2023,17.29,Belgium,3.77,Brasserie Atrium,7.8,Farmhouse Ale - Saison,Bottle 750ml,750,23.05,Farmhouse Ale
Applehoff Calvados BA,7.61,Estonia,3.94,Anderson's Craft Beer,11.0,Sour - Other Gose,330ml,330,23.06,Sour
Bourbon BA Abbey Roof,14.99,United States,3.98,Thorn Brewing Company,10.1,Belgian Quadrupel,Bottle 650ml,650,23.06,Belgian Quadrupel
Beer Geek Fudgesicle (2023),10.15,Denmark,4.07,Mikkeller,11.0,Stout - Imperial / Double Oatmeal,Can 440ml,440,23.07,Stout
Oude Rhubarbe Tilquin à L'Ancienne,17.3,Belgium,4.08,Gueuzerie Tilquin,6.3,Lambic - Other,Bottle 750ml,750,23.07,Lambic
Shake Your Booty Barrel Aged Stout,17.3,Spain,3.86,Cierzo Brewing Co.,11.0,Stout - Imperial / Double Milk,Bottle 750ml,750,23.07,Stout
Vandenbroek: Fruity Watergeus 2022,8.65,Netherlands,,Vandenbroek,6.0,Lambic - Fruit,Bottle 375ml,375,23.07,Lambic
Schmoutz,17.3,France,4.25,Hoppy Road,7.0,Sour - Other,Bottle 750ml,750,23.07,Sour
De Cort Schaarbeekse Kriek - LIMITED EDITION,17.31,Belgium,4.14,De Cort Distillery,5.0,Lambic - Kriek,Bottle 750ml,750,23.08,Lambic
Hoptimium Triple IPA,8.2,United States,3.95,Sierra Nevada Brewing Co.,11.0,IPA - Triple,355ml,355,23.1,IPA
Paket 8er,78.3,Hungary,3.55,Fehér Nyúl,6.8,IPA - American,3390ml,3390,23.1,IPA
Oerbier Special Reserva 2023,7.63,Belgium,4.16,Brouwerij De Dolle Brouwers,10.0,Sour - Flanders Oud Bruin,330ml,330,23.12,Sour
Off Colour,10.18,Wales,3.94,Polly's Brew Co.,6.4,IPA - New England / Hazy,Can 440ml,440,23.14,IPA
Traeblod,10.99,United States,4.09,Mikkeller Brewing San Diego,12.0,Stout - Imperial / Double,475ml,475,23.14,Stout
Verzet Oud Bruin Megablend 2022,17.36,Belgium,3.99,Brouwerij 't Verzet,7.0,Sour - Flanders Oud Bruin,Bottle 750ml,750,23.15,Sour
De Nos Sarcophages,10.95,Canada,4.24,Messorem,8.6,IPA - Imperial / Double New England / Hazy,473ml,473,23.15,IPA
Dryade,10.95,Canada,4.37,Brasserie du Bas-Canada,8.0,IPA - Imperial / Double,473ml,473,23.15,IPA
Brewing SLUSHY XXXL Revenge of the Slush,10.95,United States,3.7,450 North Brewing Company,5.3,Sour - Fruited,473ml,473,23.15,Sour
Hop Butcher Through the Uprights,10.95,United States,4.1,Hop Butcher For The World,7.8,IPA - Imperial / Double New England / Hazy,473ml,473,23.15,IPA
Hop Butcher Lord Galactopus,10.95,United States,4.22,Hop Butcher For The World,8.0,IPA - Imperial / Double New England / Hazy,473ml,473,23.15,IPA
Double Dry Hopped Hadrien,10.95,Canada,4.33,Brasserie du Bas-Canada,8.2,IPA - Imperial / Double,473ml,473,23.15,IPA
Crunchety Butterfinger And Twix Bars,10.95,United States,3.95,Imprint Beer Co.,10.3,Stout - Imperial / Double Pastry,473ml,473,23.15,Stout
Brasserie Sir John La Nuit Des Crocros,10.95,Canada,4.21,Brasserie Sir John Brewing Co.,10.0,IPA - Triple,473ml,473,23.15,IPA
Brewing SLUSHY XXL Blueberry Tabernak,10.95,United States,3.57,450 North Brewing Company,5.3,Sour - Fruited,473ml,473,23.15,Sour
Stimulus Package,10.95,United States,4.34,District 96 Beer Factory/ Equilibrium Brewery,8.0,IPA - Imperial / Double New England / Hazy,473ml,473,23.15,IPA
Super Fractal Julia Set,10.95,United States,4.27,Equilibrium Brewery,10.5,IPA - Triple,473ml,473,23.15,IPA
Return To The Moon,10.95,United States,4.28,District 96 Beer Factory,8.0,IPA - Imperial / Double New England / Hazy,473ml,473,23.15,IPA
Voyage Au Centre De La Terre,10.95,Canada,4.31,Brasserie du Bas-Canada,8.2,IPA - Imperial / Double,473ml,473,23.15,IPA
Commodus,10.95,Canada,4.33,Brasserie du Bas-Canada,8.2,IPA - Imperial / Double,473ml,473,23.15,IPA
Lupulin Reserves,10.95,United States,4.22,Equilibrium Brewery,10.5,IPA - Triple,473ml,473,23.15,IPA
"Pork Roll, Egg & Cheese SPK",10.95,United States,4.01,Knotted Root Brewing Company,9.5,IPA - Triple New England / Hazy,473ml,473,23.15,IPA
South of Eleven 666,10.95,United States,4.27,Hoof Hearted Brewing,10.2,IPA - Triple,473ml,473,23.15,IPA
Hop Butcher Zombie Hopsicle,10.95,United States,4.13,Hop Butcher For The World,7.5,IPA - Imperial / Double New England / Hazy,473ml,473,23.15,IPA
Tilquin Rhubarbe 2021-2022,8.69,Belgium,4.08,Gueuzerie Tilquin,6.3,Lambic - Other,Bottle 375ml,375,23.17,Lambic
Flawed Gods (2024),10.89,Canada,4.18,Third Moon Brewing Company,8.0,IPA - Imperial / Double New England / Hazy,Can 470ml,470,23.17,IPA
Time Moves Slow,7.65,France,3.76,La Débauche,10.0,Stout - Imperial / Double,330ml,330,23.18,Stout
Basqueland x Outer Range Surf & Turf,10.2,Spain,3.86,Basqueland Brewing,7.0,IPA - American,Can 440ml,440,23.18,IPA
Swells TIPA,10.2,United States,4.22,Outer Range Brewing Co.,10.5,IPA - Triple New England / Hazy,Can 440ml,440,23.18,IPA
World To Find,10.2,England,4.21,Track Brewing Company,8.0,IPA - Imperial / Double New England / Hazy,Can 440ml,440,23.18,IPA
Idiota,7.65,Poland,3.89,Trzech Kumpli,10.5,Stout - Russian Imperial,330ml,330,23.18,Stout
Yolk,10.2,England,4.3,Track Brewing Company,8.0,IPA - Imperial / Double New England / Hazy,Can 440ml,440,23.18,IPA
Big Parade,10.2,England,4.25,Beak Brewery,8.0,IPA - Imperial / Double New England / Hazy,Can 440ml,440,23.18,IPA
Kushuns,10.2,England,4.16,Beak Brewery,8.0,IPA - Imperial / Double New England / Hazy,Can 440ml,440,23.18,IPA
Basqueland x Cloudwater Bonito Del Norte,10.2,Spain,3.96,Basqueland Brewing,6.4,IPA - New England / Hazy,Can 440ml,440,23.18,IPA
INFINITY X Azvex,10.2,England,4.43,Pomona Island Brew Co.,11.0,Stout - Imperial / Double,Can 440ml,440,23.18,Stout
Melding Minds Speyside Barrel Aged Imperial Stout,7.65,Scotland,4.18,Tempest Brewing Co.,11.5,Stout - Imperial / Double,Can 330ml,330,23.18,Stout
Beak x Queer Brewing Toots,10.2,England,4.17,Beak Brewery,8.0,IPA - Imperial / Double New England / Hazy,Can 440ml,440,23.18,IPA
Reserva Bourbon Red Wine BA Barley Wine,7.65,Belgium,3.95,Brasserie Atrium,10.1,Barleywine - Other,330ml,330,23.18,Barleywine
Basqueland / Outer Range - Surf & Turf,10.2,Spain,3.86,Basqueland Brewing,7.0,IPA - American,Can 440ml,440,23.18,IPA
Oude Gueuze Tilquin à l'Ancienne 2021-2022,17.4,Belgium,4.08,Gueuzerie Tilquin,7.0,Lambic - Gueuze,Bottle 750ml,750,23.2,Lambic
Savage 004,11.6,Poland,2.97,Brokreacja,8.0,Sour - Flanders Red Ale,500ml,500,23.2,Sour
Pastore L'Albicocca,8.7,England,3.93,Pastore Brewing and Blending,5.6,Wild Ale - Other,Bottle 375ml,375,23.2,Wild Ale
Fluweel (Oogst 2023),17.4,Belgium,4.14,Het Boerenerf Eylenbosch,8.0,Lambic - Other,Bottle 750ml,750,23.2,Lambic
Savage 005,11.6,Poland,3.66,Brokreacja,10.5,Wild Ale - Other,500ml,500,23.2,Wild Ale
Aoltbeer (2021-11) Zwetschge (Plums),17.4,Germany,4.1,Kemker Kultuur (Brauerei J. Kemker),6.0,Sour - Fruited,Bottle 750ml,750,23.2,Sour
Gentiana,17.4,Germany,3.77,Kemker Kultuur (Brauerei J. Kemker),6.3,Historical Beer - Gruit / Ancient Herbed Ale,Bottle 750ml,750,23.2,Historical Beer
Blau 2021,8.7,Canada,,Revel Cider Company,9.1,Cider - Other Fruit,Bottle 375ml,375,23.2,Cider
Framboos,8.7,Belgium,3.83,Brouwerij Kestemont,5.5,Lambic - Framboise,Bottle 375ml,375,23.2,Lambic
The Piggy Brewing Acqua Nera,7.66,France,4.13,The Piggy Brewing Company,11.2,Stout - Imperial / Double,Can 330ml,330,23.21,Stout
The Piggy Brewing Monstruous Fat Pig Stout Mexican Cake,7.66,France,4.05,The Piggy Brewing Company,12.0,Stout - Imperial / Double Oatmeal,Can 330ml,330,23.21,Stout
Red Wine Barrel-Aged Pentuple,10.99,United States,4.22,Hoppin' Frog Brewery,15.4,Belgian Tripel,473ml,473,23.23,Belgian Tripel
Lost City of Zed,10.99,United States,3.84,Eureka Brewing Company,7.3,IPA - American,473ml,473,23.23,IPA
Donuts,10.99,United States,4.12,Other Half Brewing Co.,7.5,IPA - New England / Hazy,473ml,473,23.23,IPA
Casa Agria Ghost Bat New England IPA,10.99,United States,3.94,Casa Agria Specialty Ales,6.6,IPA - New England / Hazy,473ml,473,23.23,IPA
Brandy Barrel-Aged Pentuple,10.99,United States,4.26,Hoppin' Frog Brewery,15.4,Belgian Tripel,473ml,473,23.23,Belgian Tripel
I Can't Afford To Be Here,10.99,Canada,4.23,Wood Brothers Brewing Co.,6.2,IPA - New England / Hazy,473ml,473,23.23,IPA
Occultation,10.99,Canada,4.13,Third Moon Brewing Company,6.5,IPA - New England / Hazy,473ml,473,23.23,IPA
Spelling Expirt,10.99,Canada,4.14,Wood Brothers Brewing Co.,8.0,IPA - Imperial / Double New England / Hazy,473ml,473,23.23,IPA
Watermelon Sugar V2,10.99,United States,4.1,Magnify Brewing Company,5.0,Sour - Smoothie / Pastry,473ml,473,23.23,Sour
MC² Double New England IPA,10.99,United States,4.21,Equilibrium Brewery,8.0,IPA - Imperial / Double New England / Hazy,473ml,473,23.23,IPA
The Veil Two Parts Monster New England IPA,10.99,United States,4.01,The Veil Brewing Co.,6.0,IPA - New England / Hazy,473ml,473,23.23,IPA
Alien MegaChurch,10.99,United States,4.23,Tired Hands Brewing Company,9.5,IPA - Triple New England / Hazy,473ml,473,23.23,IPA
Haunted Quad,10.99,Canada,4.31,Third Moon Brewing Company,11.9,IPA - Quadruple,473ml,473,23.23,IPA
Key Bump (2024),10.99,United States,4.34,Hoof Hearted Brewing,10.5,IPA - Triple New England / Hazy,473ml,473,23.23,IPA
Rise of the Snake,10.99,United States,4.12,District 96 Beer Factory,8.5,IPA - Imperial / Double New England / Hazy,473ml,473,23.23,IPA
Year Round New England IPA,10.99,United States,4.16,Little Willow Brewing Company,7.0,IPA - New England / Hazy,473ml,473,23.23,IPA
El Zacaton,10.99,United States,4.22,Hubbard's Cave,12.0,Stout - Imperial / Double,473ml,473,23.23,Stout
TDH PUNGE (Motueka And Nelson Sauvin),10.99,United States,4.32,Tired Hands Brewing Company,8.3,IPA - Imperial / Double New England / Hazy,473ml,473,23.23,IPA
La Bière Des Clans,10.99,Canada,4.36,Messorem,8.6,IPA - Imperial / Double,473ml,473,23.23,IPA
Triple Statim Finis,10.99,Canada,4.35,Messorem,10.6,IPA - Triple,473ml,473,23.23,IPA
Double Alien Church,10.99,United States,4.32,Tired Hands Brewing Company,9.0,IPA - Imperial / Double,473ml,473,23.23,IPA
Lupulin Labyrinth,10.99,Canada,4.07,Wood Brothers Brewing Co.,6.1,IPA - New England / Hazy,473ml,473,23.23,IPA
Confessions,10.99,United States,4.16,Adroit Theory,16.66,Stout - Russian Imperial,473ml,473,23.23,Stout
All the Citra In the World,10.99,United States,4.1,Spyglass Brewing Company,8.2,IPA - Imperial / Double New England / Hazy,473ml,473,23.23,IPA
AK [Martyr Edition] Ghost MARTYR,10.99,United States,4.19,Adroit Theory,10.0,IPA - Triple New England / Hazy,473ml,473,23.23,IPA
Casa Agria Entrada West Coast IPA,10.99,United States,3.88,Casa Agria Specialty Ales,7.4,IPA - American,473ml,473,23.23,IPA
Flotter Sur La Mer Morte Gose,10.99,Canada,3.92,Messorem,5.7,Sour - Traditional Gose,473ml,473,23.23,Sour
Gone Fishing New England IPA,10.99,United States,4.18,Little Willow Brewing Company,7.0,IPA - New England / Hazy,473ml,473,23.23,IPA
Onyx Fly,10.99,United States,4.19,Hop Butcher For The World,7.5,IPA - Imperial / Double New England / Hazy,473ml,473,23.23,IPA
Schmoojee Puffsicle Raspberry Double Marshmallow,10.99,United States,4.28,Imprint Beer Co.,6.5,Sour - Smoothie / Pastry,473ml,473,23.23,Sour
L'Arresoir,10.99,Canada,4.29,Brasserie du Bas-Canada,8.0,IPA - Imperial / Double,473ml,473,23.23,IPA
Chocolate Hills: Marshmallow,10.99,United States,4.01,Phase Three Brewing,8.0,Stout - Milk / Sweet,473ml,473,23.23,Stout
Saison Cider Cask - Blend Four,17.43,England,4.24,Mills Brewing,7.2,Farmhouse Ale - Saison,Bottle 750ml,750,23.24,Farmhouse Ale
Oude Geuze 22 / 23 assemblage 49,8.6,Belgium,4.08,Brouwerij 3 Fonteinen,7.2,Lambic - Gueuze,Bottle 370ml,370,23.24,Lambic
Oude Geuze Boon Black Label Edition N°9,17.43,Belgium,3.74,Brouwerij Boon,7.0,Lambic - Gueuze,Bottle 750ml,750,23.24,Lambic
Donuts IPA,11.0,United States,4.12,Other Half Brewing Co.,7.5,IPA - New England / Hazy,473ml,473,23.26,IPA
Big Riwaka Vibes IPA,11.0,United States,4.13,Other Half Brewing Co.,6.5,IPA - New England / Hazy,473ml,473,23.26,IPA
Sticky Icky Imperial Stout,11.0,United States,4.08,The Brewing Projekt,7.0,Stout - Imperial / Double Milk,473ml,473,23.26,Stout
This KIHOSKH Needs A Much Bigger Beer Selection Sour x Evil Twin NYC,11.0,United States,4.25,Evil Twin Brewing NYC,7.0,Sour - Fruited,473ml,473,23.26,Sour
DDH Space Dream IPA,11.0,United States,4.25,Other Half Brewing Co.,6.0,IPA - American,473ml,473,23.26,IPA
Oh...,11.0,United States,4.2,Other Half Brewing Co.,6.0,IPA - New England / Hazy,473ml,473,23.26,IPA
Stellar Remnants,11.0,United States,4.1,Celestial Beerworks,7.0,IPA - New England / Hazy,Can 473ml,473,23.26,IPA
Single Fin Mentality,11.0,United States,4.04,Vitamin Sea Brewing,6.6,IPA - New England / Hazy,Can 473ml,473,23.26,IPA
This KIHOSKH Needs An Even More Bigger Beer Selection Sour x Evil Twin NYC,11.0,United States,4.37,Evil Twin Brewing NYC,7.0,Sour - Fruited,473ml,473,23.26,Sour
Electromagnetism,11.0,United States,4.05,Celestial Beerworks,7.0,IPA - New England / Hazy,Can 473ml,473,23.26,IPA
Chaotic Orbit,11.0,United States,4.05,Celestial Beerworks,6.7,IPA - New England / Hazy,Can 473ml,473,23.26,IPA
Mosaic + Nectaron,11.0,United States,4.25,Other Half Brewing Co.,8.5,IPA - Imperial / Double New England / Hazy,473ml,473,23.26,IPA
Drip Imperial Stout x Collective Arts Brewing,11.0,Canada,4.09,Willibald Farm Brewery,11.5,Stout - Imperial / Double Coffee,473ml,473,23.26,Stout
Vandenbroek: Quetsch Watergeus 2022,17.45,Netherlands,3.89,Vandenbroek,5.8,Lambic - Fruit,Bottle 750ml,750,23.27,Lambic
Oud Beersel: Grapefruit Peel Lambiek 2024,17.45,Belgium,3.7,Oud Beersel,6.5,Lambic - Other,Bottle 750ml,750,23.27,Lambic
De Mederie Mr. Blue Sky,17.45,Belgium,3.54,De Mederie - Ciders,8.0,Cider - Other Fruit,Bottle 750ml,750,23.27,Cider
Oud Beersel: Rose Flower Lambiek 2024,17.45,Belgium,3.82,Oud Beersel,6.5,Lambic - Other,Bottle 750ml,750,23.27,Lambic
Repo Man,7.68,Hungary,3.72,Mad Scientist,11.0,Stout - Imperial / Double,330ml,330,23.27,Stout
Cuvee Botte die Barolo – Dark Foeder Aged Quadrupel,17.45,Belgium,3.87,Brouwerij Alvinne,12.0,Belgian Quadrupel,Bottle 750ml,750,23.27,Belgian Quadrupel
Barrel Aged Narwhal,11.01,United States,4.18,Sierra Nevada Brewing Co.,11.9,Stout - Imperial / Double,473ml,473,23.28,Stout
Tilquin Oude Gueuze Tilquin Cuvée Jean-Paul,17.46,Belgium,4.21,Gueuzerie Tilquin,7.0,Lambic - Gueuze,Bottle 750ml,750,23.28,Lambic
Tilquin Oude Gueuze Tilquin à l'ancienne Cuvée Paul,17.46,Belgium,4.21,Gueuzerie Tilquin,7.0,Lambic - Gueuze,Bottle 750ml,750,23.28,Lambic
Wild White IGA,8.73,Italy,4.04,Monpiër de Gherdëina,6.9,Grape Ale - Italian,Bottle 375ml,375,23.28,Grape Ale
DOK Amy Farmhouse,17.47,Belgium,3.67,Dok Brewing Company,6.0,Farmhouse Ale - Saison,Bottle 750ml,750,23.29,Farmhouse Ale
DOK Brettney Spears,17.47,Belgium,3.57,Dok Brewing Company,6.0,Wild Ale - Other,Bottle 750ml,750,23.29,Wild Ale
Kriek 2023,17.47,Belgium,4.28,Brasserie Cantillon,6.0,Lambic - Kriek,Bottle 750ml,750,23.29,Lambic
Gold Lines: Green Edition,10.25,Germany,3.95,Blech.Brut,11.5,Stout - Russian Imperial,Can 440ml,440,23.3,Stout
Every Everything,7.69,United States,3.77,The Lost Abbey,6.7,IPA - American,330ml,330,23.3,IPA
Embrasse Whiskey Barrel Aged,7.69,Belgium,3.68,Brouwerij De Dochter van de Korenaar,9.0,Belgian Strong Dark Ale,330ml,330,23.3,Belgian Strong Dark Ale
Chromosphere,7.69,United States,4.16,Beer Tree Brew,7.3,IPA - New England / Hazy,330ml,330,23.3,IPA
Mikkeller SD- Træblod 2021,10.95,United States,4.32,Mikkeller Brewing San Diego,12.0,Stout - Imperial / Double,Can 470ml,470,23.3,Stout
Petit Saison,7.69,England,4.09,The Kernel Brewery,5.2,Farmhouse Ale - Saison,330ml,330,23.3,Farmhouse Ale
Salta Bananers,10.25,Netherlands,3.92,Moersleutel Craft Brewery,12.0,Stout - Imperial / Double Pastry,Can 440ml,440,23.3,Stout
BA22 Vol. 8,7.69,United States,4.13,Oskar Blues Brewery,12.5,Stout - Imperial / Double,330ml,330,23.3,Stout
Gold Lines: Blue Edition,10.25,Germany,3.99,Blech.Brut,11.5,Stout - Russian Imperial,Can 440ml,440,23.3,Stout
Memphis Mafia 2024 Gold Edt,7.69,Hungary,3.97,Mad Scientist,12.5,Stout - Imperial / Double,330ml,330,23.3,Stout
What Are Dreams Made Of?,10.25,England,4.17,Verdant Brewing Co,8.4,IPA - Imperial / Double New England / Hazy,Can 440ml,440,23.3,IPA
A Red & White Christmas,7.69,Denmark,3.69,Mikkeller,8.7,Winter Ale,330ml,330,23.3,Winter Ale
Black Grape Buckie,10.25,Scotland,4.07,Vault City Brewing,8.3,Sour - Fruited,Can 440ml,440,23.3,Sour
"Mango, Pineapple, Passion Fruit Vanilla Ice Cream",10.25,Scotland,4.29,Vault City Brewing,8.4,Sour - Smoothie / Pastry,Can 440ml,440,23.3,Sour
Dieu du Ciel Péché Mortel (2023),7.95,Canada,4.21,Brasserie Dieu du Ciel!,9.5,Stout - Imperial / Double Coffee,Bottle 341ml,341,23.31,Stout
Boerenerf: Mirabelle 2024,17.49,Belgium,4.09,Het Boerenerf Eylenbosch,7.1,Lambic - Fruit,Bottle 750ml,750,23.32,Lambic
Boerenerf: Kwee 2023,17.49,Belgium,4.1,Het Boerenerf Eylenbosch,7.0,Lambic - Fruit,Bottle 750ml,750,23.32,Lambic
Boerenerf: Rabarber 2024,17.49,Belgium,4.13,Het Boerenerf Eylenbosch,5.3,Lambic - Fruit,Bottle 750ml,750,23.32,Lambic
Boerenerf: Gueuze Cuvée Heritage 2023,17.49,Belgium,4.07,Het Boerenerf Eylenbosch,6.7,Lambic - Gueuze,Bottle 750ml,750,23.32,Lambic
Oude Geuze à l'Ancienne Brewing season 2013-2014,17.49,Belgium,3.37,Brouwerij Boon,7.0,Lambic - Gueuze,Bottle 750ml,750,23.32,Lambic
Boerenerf: Lambic'ado 2024,17.49,Belgium,4.25,Het Boerenerf Eylenbosch,7.0,Lambic - Other,Bottle 750ml,750,23.32,Lambic
Boerenerf: Charent'euse 2024,17.49,Belgium,4.25,Het Boerenerf Eylenbosch,7.7,Lambic - Gueuze,Bottle 750ml,750,23.32,Lambic
Wegelage,17.49,Norway,3.72,Nøgne Ø,11.5,Lambic - Kriek,Bottle 750ml,750,23.32,Lambic
Herkenrode Abbey Cantor,17.5,Belgium,3.55,Brouwerij Cornelissen,7.5,Belgian Tripel,Bottle 750ml,750,23.33,Belgian Tripel
Vin Santo Sour By Rackhouse,17.5,Norway,4.01,LERVIG,9.5,Wild Ale - Other,Bottle 750ml,750,23.33,Wild Ale
Zwam,8.75,Netherlands,3.58,Brouwerij de Natte Gijt/ Nevel Wild Ales,5.8,Wild Ale - Other,Bottle 375ml,375,23.33,Wild Ale
Jimmy Sauvin Grape Ale Brut 2023,17.5,Netherlands,3.85,Thorns Wit,10.0,Grape Ale - Other,Bottle 750ml,750,23.33,Grape Ale
Mirabelle 2023,17.5,France,4.31,Popihn Sauvages,7.0,Wild Ale - Other,Bottle 750ml,750,23.33,Wild Ale
Eylenbosch: Oude Kriek 2021,17.5,Belgium,3.7,Brouwerij Eylenbosch,6.2,Lambic - Kriek,Bottle 750ml,750,23.33,Lambic
#13,8.75,Netherlands,3.91,Oproer,7.7,Wild Ale - Other,Bottle 375ml,375,23.33,Wild Ale
Watergeus Honing Tijm,8.75,Netherlands,3.78,Vandenbroek,6.2,Lambic - Gueuze,Bottle 375ml,375,23.33,Lambic
Stille Nacht,7.7,Belgium,3.91,Brouwerij De Dolle Brouwers,12.0,Belgian Strong Golden Ale,Bottle 330ml,330,23.33,Belgian Strong Golden Ale
Brettanosaurus,8.75,Netherlands,3.7,Oproer,7.4,Brett Beer,Bottle 375ml,375,23.33,Brett Beer
Panta Rhei,17.5,France,4.06,Le Soupir - Brassage & Assemblage,4.3,Farmhouse Ale - Grisette,Bottle 750ml,750,23.33,Farmhouse Ale
La société du spectacle,17.5,France,4.07,Le Soupir - Brassage & Assemblage,7.9,IPA - Brett,Bottle 750ml,750,23.33,IPA
Grodziskie,17.5,France,4.13,Le Soupir - Brassage & Assemblage,3.5,Grodziskie / Grätzer,Bottle 750ml,750,23.33,Grodziskie / Grätzer
Praxis,17.5,France,4.16,Le Soupir - Brassage & Assemblage,3.8,Farmhouse Ale - Grisette,Bottle 750ml,750,23.33,Farmhouse Ale
Gouden Carolus Margaretha,17.5,Belgium,3.54,Brouwerij Het Anker,8.5,Belgian Strong Dark Ale,Bottle 750ml,750,23.33,Belgian Strong Dark Ale
Insel Quadriga Imperial Brut,17.5,Germany,3.61,Rügener Insel-Brauerei,10.5,Bière de Champagne / Bière Brut,Bottle 750ml,750,23.33,Bière de Champagne / Bière Brut
Pleroma Karpologi,7.7,Sweden,3.86,Omnipollo,6.0,Sour - Smoothie / Pastry,330ml,330,23.33,Sour
Bounty Hunter,7.7,Norway,4.01,Cervisiam,12.0,Stout - Imperial / Double Pastry,330ml,330,23.33,Stout
Defunked By Rackhouse,17.5,Norway,3.95,LERVIG,6.5,Wild Ale - Other,Bottle 750ml,750,23.33,Wild Ale
Hapax Aunis,17.5,France,3.96,Brasserie Septante-Deux,5.9,Lambic - Other,Bottle 750ml,750,23.33,Lambic
Déviation 2022 - 1,17.5,France,4.17,Popihn Sauvages,7.0,Wild Ale - Other,Bottle 750ml,750,23.33,Wild Ale
Hapax Cerise 2023,17.5,France,4.22,Brasserie Septante-Deux,6.0,Lambic - Kriek,Bottle 750ml,750,23.33,Lambic
Hapax Aunis 2023,17.5,France,3.96,Brasserie Septante-Deux,6.0,Lambic - Other,Bottle 750ml,750,23.33,Lambic
North,17.5,United States,3.7,Mikkeller Brewing San Diego/ Root + Branch Brewing,10.0,Belgian Strong Golden Ale,Bottle 750ml,750,23.33,Belgian Strong Golden Ale
Xmas Quad BA (2024),7.7,Denmark,3.64,To Øl,11.0,Belgian Quadrupel,330ml,330,23.33,Belgian Quadrupel
Hapax Cerise,17.5,France,4.22,Brasserie Septante-Deux,6.0,Lambic - Kriek,Bottle 750ml,750,23.33,Lambic
Keasch – Kriek Jahrgang 2021,8.75,Germany,3.52,Hoppebräu,5.5,Sour - Fruited,Bottle 375ml,375,23.33,Sour
Malus Domestica Lambicus (2019),8.75,Belgium,4.18,Geuzestekerij De Cam,7.0,Lambic - Fruit,Bottle 375ml,375,23.33,Lambic
"Tilquin Gueuze a L'Ancienne 0,75 Liter – 2018-2019",17.5,Belgium,4.0,Gueuzerie Tilquin,7.0,Lambic - Gueuze,Bottle 750ml,750,23.33,Lambic
Dots,8.75,Germany,3.86,Kemker Kultuur (Brauerei J. Kemker),6.0,Farmhouse Ale - Other,Bottle 375ml,375,23.33,Farmhouse Ale
The Hypocrisy of Morality,7.7,Italy,3.48,White Pony Microbrewery,12.0,Barleywine - Other,330ml,330,23.33,Barleywine
Upricing (Koji / Ginjo),17.5,Netherlands,3.78,100 Watt Brewery,10.3,Koji / Ginjo Beer,Bottle 750ml,750,23.33,Koji / Ginjo Beer
Gatherwell,8.29,United States,3.98,Allagash Brewing Company,11.0,Stout - Imperial / Double,355ml,355,23.35,Stout
Roll N Ride,10.28,Germany,3.91,Sudden Death Brewing Co.,10.2,IPA - Triple,Can 440ml,440,23.36,IPA
Eylenbosch Oude Kriek 2023,17.53,Belgium,4.14,Het Boerenerf Eylenbosch,6.2,Lambic - Kriek,Bottle 750ml,750,23.37,Lambic
"Dock 92 - Motueka, Nelson Sauvin & Rakau",10.99,Canada,4.35,Le Ketch,6.5,IPA - New England / Hazy,Can 470ml,470,23.38,IPA
BIG Little Thing,8.3,United States,3.75,Sierra Nevada Brewing Co.,9.0,IPA - Imperial / Double,355ml,355,23.38,IPA
Big Bad Bells,10.99,Canada,4.29,Badlands Brewing Company,6.5,IPA - American,Can 470ml,470,23.38,IPA
Paperfolds,10.99,United States,4.04,Phase Three Brewing,7.8,IPA - Imperial / Double New England / Hazy,Can 470ml,470,23.38,IPA
lACEd In Space,10.99,United States,4.29,Other Half Brewing Co.,8.5,IPA - Imperial / Double New England / Hazy,Can 470ml,470,23.38,IPA
Dock 2024 - Motueka,10.99,Canada,4.38,Le Ketch,6.5,IPA - New England / Hazy,Can 470ml,470,23.38,IPA
Corallite,8.3,United States,3.73,Speciation Artisan Ales,5.5,Wheat Beer - American Pale Wheat,Can 355ml,355,23.38,Wheat Beer
Seventh Circle,10.99,Canada,4.15,Third Moon Brewing Company,8.0,IPA - Imperial / Double New England / Hazy,Can 470ml,470,23.38,IPA
Tropical Hideaway,11.69,United States,4.22,Bottle Logic Brewing,5.61,Sour - Smoothie / Pastry,500ml,500,23.38,Sour
Spiritus Mundi (2024),10.99,Canada,4.21,Third Moon Brewing Company,8.0,IPA - Imperial / Double New England / Hazy,Can 470ml,470,23.38,IPA
"Dock 91 - Motueka, Riwaka & Southern Cross",10.99,Canada,4.33,Le Ketch,6.5,IPA - New England / Hazy,Can 470ml,470,23.38,IPA
Pipewrench,11.69,United States,3.87,Gigantic Brewing Company,8.0,IPA - Imperial / Double,500ml,500,23.38,IPA
Dock 2024 - Nelson Sauvin,10.99,Canada,4.35,Le Ketch,6.5,IPA - New England / Hazy,Can 470ml,470,23.38,IPA
Melodic Whimper,10.99,Canada,4.24,Messorem,7.8,IPA - Imperial / Double New England / Hazy,Can 470ml,470,23.38,IPA
Menehune's treasure,17.54,United States,3.75,Harland Brewing Company/ J. Wakefield Brewing,6.0,Sour - Fruited Berliner Weisse,Bottle 750ml,750,23.39,Sour
Sleepy Hollow,17.54,United States,4.12,J. Wakefield Brewing,6.0,Sour - Fruited Berliner Weisse,Bottle 750ml,750,23.39,Sour
Tiny Barrel Project Mean Riff Tokaji,10.29,Hungary,4.24,Mad Scientist,10.2,Stout - Imperial / Double,Can 440ml,440,23.39,Stout
"Farmhouse Sour  5 - Moscatel, red wine & Porto BA",17.55,Belgium,4.04,Brouwerij Alvinne,8.0,Sour - Other,Bottle 750ml,750,23.4,Sour
10yrs X Fidens,10.3,England,4.28,Verdant Brewing Co,8.0,IPA - Imperial / Double New England / Hazy,Can 440ml,440,23.41,IPA
Aint Got No Cow,10.3,Germany,3.86,Sudden Death Brewing Co.,10.0,Stout - Russian Imperial,Can 440ml,440,23.41,Stout
Big G,10.3,England,4.12,Two Flints Brewery,8.4,IPA - Imperial / Double New England / Hazy,Can 440ml,440,23.41,IPA
Live And Livley,10.3,England,4.05,DEYA Brewing Company,7.5,IPA - Imperial / Double New England / Hazy,Can 440ml,440,23.41,IPA
Coco Loco (Marlobobo collab),10.3,Norway,3.83,Salikatt Bryggeri,8.0,IPA - Imperial / Double New England / Hazy,Can 440ml,440,23.41,IPA
Near Distant Future,10.3,Denmark,3.93,Gamma Brewing Company/ The Eighth State Brewing Company,11.5,Stout - Imperial / Double Pastry,Can 440ml,440,23.41,Stout
Super Soaker,10.3,Northern Ireland,4.03,Beer Hut Brewing Co.,8.2,IPA - Imperial / Double,Can 440ml,440,23.41,IPA
Ain't Got No Cow,10.3,Germany,3.86,Sudden Death Brewing Co.,10.0,Stout - Russian Imperial,Can 440ml,440,23.41,Stout
Holy Cow,10.3,Germany,3.85,Sudden Death Brewing Co.,10.0,Stout - Imperial / Double Milk,Can 440ml,440,23.41,Stout
Coco Loco,10.3,Norway,3.83,Salikatt Bryggeri,8.0,IPA - Imperial / Double New England / Hazy,Can 440ml,440,23.41,IPA
Long Manteau de Velours – BW BA 12 mois,8.79,France,4.08,Fauve,10.0,Barleywine - English,Bottle 375ml,375,23.44,Barleywine
Bauernhaus Ensemble,8.79,United States,3.87,Upright Brewing Company,6.0,Wild Ale - American,Bottle 375ml,375,23.44,Wild Ale
The Worminator,11.1,United States,4.11,KCBC - Kings County Brewers Collective,8.0,IPA - Imperial / Double New England / Hazy,Can 473ml,473,23.47,IPA
Repertoire Wild Lager,8.8,Denmark,3.74,Observatoriet,5.0,Wild Ale - Other,Bottle 375ml,375,23.47,Wild Ale
Oude Gueuze 2023-1,8.8,Belgium,4.08,Het Boerenerf Eylenbosch,7.0,Lambic - Gueuze,Bottle 375ml,375,23.47,Lambic
Tripping Animals / Fidens / North Park - Sixth Trip Around the Sun,11.1,United States,3.78,Tripping Animals Brewing Co.,8.0,IPA - Imperial / Double New England / Hazy,Can 473ml,473,23.47,IPA
Geuze Mariage Parfait (2015),8.8,Belgium,3.96,Brouwerij Boon,8.0,Lambic - Gueuze,Bottle 375ml,375,23.47,Lambic
Reservoir Wild Lager,8.8,Denmark,3.74,Observatoriet,5.0,Wild Ale - Other,Bottle 375ml,375,23.47,Wild Ale
Kriek Bio,8.8,Belgium,4.28,Brasserie Cantillon,6.0,Lambic - Kriek,Bottle 375ml,375,23.47,Lambic
Mirrorshield,11.1,United States,4.29,Hudson Valley Brewery,7.0,IPA - Sour,Can 473ml,473,23.47,IPA
Oude Kriek (Oogst 2023),8.8,Belgium,4.09,Het Boerenerf Eylenbosch,7.0,Lambic - Kriek,Bottle 375ml,375,23.47,Lambic
La Planche cassis attaque 2023,8.8,France,,La Franche,7.0,Sour - Fruited Berliner Weisse,Bottle 375ml,375,23.47,Sour
Pohjala Virvatuli (cellar Series),7.75,Estonia,4.03,Põhjala,13.0,Historical Beer - Gruit / Ancient Herbed Ale,330ml,330,23.48,Historical Beer
Antwerp Heaven Hill Bourbon Barrel Aged,7.75,Belgium,4.18,Galea Craft Beers,14.5,Stout - Imperial / Double,330ml,330,23.48,Stout
Bye van Rye (Rye Wine),7.75,Netherlands,3.79,Rock City Brewing,11.3,Rye Wine,330ml,330,23.48,Rye Wine
Want Some More Blueberry Pie? Red Wine / Bourbon BA,7.75,Belgium,3.72,Galea Craft Beers,12.5,Stout - Imperial / Double Pastry,330ml,330,23.48,Stout
Antwerp Buffalo Trace Bourbon Barrel Aged,7.75,Belgium,4.2,Galea Craft Beers,14.0,Stout - Russian Imperial,330ml,330,23.48,Stout
Make A Rond,7.75,France,3.98,O'Clock Brewing,11.0,Stout - Imperial / Double Pastry,330ml,330,23.48,Stout
Old King Clancy,7.75,Hungary,4.05,Mad Scientist,10.5,Barleywine - Other,330ml,330,23.48,Barleywine
Muifel Zuster Agatha Vatgerijpt #13 Bourbon Blend,7.75,Netherlands,4.15,Muifelbrouwerij,11.0,Belgian Strong Dark Ale,330ml,330,23.48,Belgian Strong Dark Ale
Antwerp Weller Bourbon Barrel Aged,7.75,Belgium,4.2,Galea Craft Beers,14.5,Stout - Imperial / Double,330ml,330,23.48,Stout
Antwerp Vanilla brandy Barrel Aged,7.75,Belgium,4.13,Galea Craft Beers,14.0,Stout - Russian Imperial,330ml,330,23.48,Stout
Spellbound,11.11,United States,3.94,Wayfinder Beer,7.2,IPA - American,473ml,473,23.49,IPA
Kenny,11.11,United States,3.71,Living Häus Beer Company,6.5,Red Ale - American Amber / Red,473ml,473,23.49,Red Ale
Lisa,11.11,United States,3.85,Living Häus Beer Company,6.2,IPA - American,473ml,473,23.49,IPA
Flower In The Kettle,11.11,United States,3.95,Wayfinder Beer,6.7,IPA - New England / Hazy,473ml,473,23.49,IPA
Jazz Witch,11.11,United States,3.86,Wayfinder Beer,7.2,IPA - Cold,473ml,473,23.49,IPA
Blueberry Boysenberry Cobbler,10.35,Scotland,4.15,Vault City Brewing,8.4,Sour - Smoothie / Pastry,Can 440ml,440,23.52,Sour
P.O.G. Punch,10.35,Scotland,4.22,Vault City Brewing,8.0,Sour - Fruited,Can 440ml,440,23.52,Sour
Mango Pineapple Passion Fruit Vanilla Ice Cream,10.35,Scotland,4.29,Vault City Brewing,8.4,Sour - Smoothie / Pastry,Can 440ml,440,23.52,Sour
Major & Funk,17.64,Hungary,3.67,MadX,5.5,Wild Ale - American,Bottle 750ml,750,23.52,Wild Ale
Holy Funk,17.64,Hungary,3.85,MadX,5.9,Sour - Other,Bottle 750ml,750,23.52,Sour
Vandenbroek: Greek Apricot 2021,17.65,Netherlands,3.94,Vandenbroek,6.0,Lambic - Fruit,Bottle 750ml,750,23.53,Lambic
Vandange Blanche,17.65,Switzerland,4.22,Trois Dames/ À tue-tête,8.0,Sour - Fruited,Bottle 750ml,750,23.53,Sour
Gueuze Mariage Parfait 2017,8.83,Belgium,3.85,Brouwerij Boon,8.0,Lambic - Gueuze,Bottle 375ml,375,23.55,Lambic
DOK / Druug Druugdok 2023,17.67,Belgium,3.7,Dok Brewing Company,6.2,Cider - Graff,Bottle 750ml,750,23.56,Cider
Dock 88 (canned: 07-08-24),11.15,Canada,4.21,Le Ketch,6.5,IPA - New England / Hazy,473ml,473,23.57,IPA
Dock 53 100% Peacharine (canned:20-08-24),11.15,Canada,4.39,Le Ketch,6.5,IPA - New England / Hazy,473ml,473,23.57,IPA
Revenge Of The Slush XXXL,11.15,United States,3.7,450 North Brewing Company,5.3,Sour - Fruited,473ml,473,23.57,Sour
Rose Lambic,8.84,Belgium,3.62,OWA Brewery,5.5,Lambic - Fruit,Bottle 375ml,375,23.57,Lambic
Slushy XXL Blueberry Tabernak,11.15,United States,3.57,450 North Brewing Company,5.3,Sour - Fruited,473ml,473,23.57,Sour
Rise Of The Snake,11.15,United States,4.12,District 96 Beer Factory,8.5,IPA - Imperial / Double New England / Hazy,473ml,473,23.57,IPA
Kai Tangata,11.15,United States,4.18,Nightmare Brewing Company,8.6,IPA - New England / Hazy,473ml,473,23.57,IPA
Addicted to... Nelson,10.38,Finland,4.02,CoolHead Brew,8.0,IPA - Imperial / Double New England / Hazy,Can 440ml,440,23.59,IPA
Popihn Sauvage Fleur de Sureau (2023),17.69,France,4.18,Popihn Sauvages,6.8,Wild Ale - Other,Bottle 750ml,750,23.59,Wild Ale
Vague Recollection,17.69,United States,4.01,Jester King Brewery,6.1,Farmhouse Ale - Saison,Bottle 750ml,750,23.59,Farmhouse Ale
Popihn Sauvage Mirabelle (2024),17.69,France,4.3,Popihn Sauvages,7.0,Wild Ale - Other,Bottle 750ml,750,23.59,Wild Ale
Sobremesa Fruit Series: Aronia Saison,17.7,United States,3.54,Sobremesa Restaurant & Brewery,5.3,Fruit Beer,Bottle 750ml,750,23.6,Fruit Beer
Vesalius 2016,17.7,Belgium,3.93,Brouwerij De Vlier,7.0,Fruit Beer,Bottle 750ml,750,23.6,Fruit Beer
Green Walnut,17.7,Belgium,3.85,Oud Beersel,6.0,Lambic - Other,Bottle 750ml,750,23.6,Lambic
Gelato Sourpuss: Redbeard'S Rev,11.8,Romania,4.3,Hop Hooligans,6.0,Sour - Smoothie / Pastry,500ml,500,23.6,Sour
Oude Schaerbeekse Kriek,17.7,Belgium,4.21,Hanssens Artisanaal,6.0,Lambic - Kriek,Bottle 750ml,750,23.6,Lambic
Hop Hooligans Sharpest Knife In The Drawer,11.8,Greece,4.43,P.i.g.s. Brewery,6.0,Sour - Smoothie / Pastry,500ml,500,23.6,Sour
Sobroek Dervishes Saison Lambic,17.71,Belgium,3.67,Donder,4.6,Farmhouse Ale - Saison,Bottle 750ml,750,23.61,Farmhouse Ale
Sans Pardon Pure Oak,7.79,Belgium,4.02,Brouwerij De Dochter van de Korenaar,11.0,Stout - Russian Imperial,330ml,330,23.61,Stout
The Show Must Go On Double B.A.,10.39,Netherlands,4.17,Brouwerij Frontaal,14.0,Barleywine - American,Can 440ml,440,23.61,Barleywine
Friend or Foe? Rum BA,7.79,Poland,4.11,Browar Rockmill,12.0,Smoked Beer,330ml,330,23.61,Smoked Beer
Tilquin Cassis Rullquin,17.71,Belgium,3.93,Gueuzerie Tilquin,7.7,Sour - Fruited,Bottle 750ml,750,23.61,Sour
Black Blood,7.8,Estonia,3.9,Pühaste Brewery,10.5,Stout - Imperial / Double,330ml,330,23.64,Stout
Memory,7.8,Poland,4.23,PINTA Barrel Brewing,14.0,Stout - Imperial / Double,330ml,330,23.64,Stout
Petit Creux Rhum,7.8,France,4.15,Microbrasserie La Montagnarde,10.5,Stout - Imperial / Double,330ml,330,23.64,Stout
Chocolate Orange Tiramisu,7.8,England,3.96,Siren Craft Brew,7.4,Stout - White / Golden,330ml,330,23.64,Stout
Brewery / Two Flints - Gaze,10.4,England,,Beak Brewery,8.0,IPA - Imperial / Double New England / Hazy,Can 440ml,440,23.64,IPA
The Black Pope Amapola Tarrazu Coffee & Madagascar Bourbon Vanilla 1 year Bourbon & Whiskey Double Barrel Aged,7.8,Belgium,3.64,Galea Craft Beers,11.5,Stout - Imperial / Double Coffee,330ml,330,23.64,Stout
Funky Fluid,7.8,Poland,4.16,Funky Fluid,12.0,Porter - Imperial / Double Baltic,330ml,330,23.64,Porter
Shady Priest Heaven Hill Bourbon Barrel Aged,7.8,Belgium,4.0,Galea Craft Beers,12.5,Stout - Imperial / Double Pastry,330ml,330,23.64,Stout
Isle Of Mixed Ferm,10.4,Scotland,3.71,Up Front Brewing,9.8,Sour - Fruited,Can 440ml,440,23.64,Sour
Barotrauma Woodford Reserve BA,7.8,Poland,3.81,Browar Harpagan,10.5,Barleywine - Other,Bottle 330ml,330,23.64,Barleywine
Geus Genereus,8.87,Belgium,4.07,Den Herberg,6.7,Lambic - Gueuze,Bottle 375ml,375,23.65,Lambic
Blood Amulet,8.4,United States,4.06,B. Nektar Meadery,6.2,Cider - Other Fruit,Can 355ml,355,23.66,Cider
New Wave Lemonade,8.4,United States,3.94,B. Nektar Meadery,6.3,Mead - Other,Can 355ml,355,23.66,Mead
Tropical Cream Delight,8.4,United States,3.79,B. Nektar Meadery,5.9,Mead - Other,Can 355ml,355,23.66,Mead
Dr. Juice IPA,8.4,United States,3.9,Parish Brewing Co.,6.0,IPA - New England / Hazy,355ml,355,23.66,IPA
Strawberry Cream Delight,8.4,United States,3.76,B. Nektar Meadery,5.9,Mead - Other,Can 355ml,355,23.66,Mead
Kill All the Golfers,8.4,United States,3.63,B. Nektar Meadery,6.0,Mead - Metheglin,Can 355ml,355,23.66,Mead
Orange Cream Delight,8.4,United States,3.75,B. Nektar Meadery,5.9,Mead - Session / Short,Can 355ml,355,23.66,Mead
Thank You For Juicing!,11.19,United States,4.28,Other Half Brewing Co.,8.0,IPA - Imperial / Double New England / Hazy,473ml,473,23.66,IPA
Stacks On Stacks: Southern Hemisphere,11.19,United States,4.27,Other Half Brewing Co.,8.5,IPA - Imperial / Double New England / Hazy,473ml,473,23.66,IPA
Watergeus Peach/Plum,17.75,Netherlands,4.12,Vandenbroek,5.8,Lambic - Fruit,Bottle 750ml,750,23.67,Lambic
Spelt Check DDH Cryo Sabro,11.2,United States,4.13,Icarus Brewing,8.5,IPA - Imperial / Double New England / Hazy,473ml,473,23.68,IPA
La Bière Des Clans (17-07-24),11.2,Canada,4.36,Messorem,8.6,IPA - Imperial / Double,473ml,473,23.68,IPA
Bistro Pink Ambrosia,11.2,United States,4.01,Energy City Brewing,6.5,Sour - Fruited Berliner Weisse,473ml,473,23.68,Sour
Bistro Cabana Pink Guava & Coconut,11.2,United States,3.78,Energy City Brewing,6.5,Sour - Fruited Berliner Weisse,473ml,473,23.68,Sour
Tropical Vibes,11.2,United States,3.92,Vitamin Sea Brewing,6.0,Sour - Fruited,473ml,473,23.68,Sour
Cyclops Sabro,11.2,Canada,4.0,Willibald Farm Brewery,8.4,IPA - Imperial / Double,473ml,473,23.68,IPA
Drinking Crayons,11.2,United States,4.11,Icarus Brewing,7.9,IPA - Imperial / Double New England / Hazy,473ml,473,23.68,IPA
Slang Du Jour Apricot Shortbread Cookie,11.2,United States,4.12,Drekker Brewing Company,7.5,Sour - Smoothie / Pastry,473ml,473,23.68,Sour
Imperial Doughnut Break VINTAGE 2014,15.39,United States,4.07,Evil Twin Brewing,11.5,Porter - Imperial / Double Coffee,Bottle 650ml,650,23.68,Porter
SLUSHY XXL Sleeping Giant,11.2,United States,3.96,450 North Brewing Company,5.3,Sour - Smoothie / Pastry,473ml,473,23.68,Sour
Apollo 11,11.2,United States,4.14,Celestial Beerworks,8.0,IPA - Imperial / Double New England / Hazy,473ml,473,23.68,IPA
Pedestal (Luminosa),11.2,Canada,4.0,Badlands Brewing Company,6.5,IPA - American,473ml,473,23.68,IPA
Cult of Echo Double IPA,11.2,United States,3.86,Grimm Artisanal Ales,8.0,IPA - Imperial / Double,473ml,473,23.68,IPA
DDH Conceptual Model,11.2,United States,4.06,Phase Three Brewing,7.8,IPA - Imperial / Double New England / Hazy,473ml,473,23.68,IPA
Ridelic,11.2,Canada,4.31,Badlands Brewing Company,6.5,IPA - American,473ml,473,23.68,IPA
Abigail (Chapter 5),11.2,Canada,4.03,Brasserie Sir John Brewing Co.,5.2,Pale Ale - American,Can 473ml,473,23.68,Pale Ale
Tesseract Double IPA,11.2,United States,4.29,Grimm Artisanal Ales,8.0,IPA - Imperial / Double,473ml,473,23.68,IPA
Kemker Gentiana 2022,17.77,Germany,3.77,Kemker Kultuur (Brauerei J. Kemker),7.0,Historical Beer - Gruit / Ancient Herbed Ale,Bottle 750ml,750,23.69,Historical Beer
Henna: S'more (2022),11.21,United States,4.13,More Brewing Company,14.0,Stout - Imperial / Double,473ml,473,23.7,Stout
Dorée 2021,17.8,France,3.81,La Varette,7.0,Wild Ale - Other,Bottle 750ml,750,23.73,Wild Ale
Agaune 2021,17.8,France,4.05,La Varette,7.0,Sour - Other,Bottle 750ml,750,23.73,Sour
Comfort Zone,8.9,United States,3.45,Creature Comforts Brewing Company,5.7,Red Ale - American Amber / Red,Bottle 375ml,375,23.73,Red Ale
Bière vivante fond de culotte 2022,17.8,France,3.91,La Brasserie des Voirons / LUG,6.0,Wild Ale - Other,Bottle 750ml,750,23.73,Wild Ale
"Kestemont - Framboise - 37,5cl",8.9,Belgium,3.83,Brouwerij Kestemont,5.5,Lambic - Framboise,Bottle 375ml,375,23.73,Lambic
Brauerei Kemker Biake,17.8,Germany,3.75,Kemker Kultuur (Brauerei J. Kemker),5.5,Farmhouse Ale - Saison,Bottle 750ml,750,23.73,Farmhouse Ale
Single Origin Sour,8.9,Luxembourg,3.65,Totenhopfen Brauhaus,6.0,IPA - Sour,Bottle 375ml,375,23.73,IPA
Ain't That Something,8.9,Netherlands,3.74,Brouwerij Eembier,9.0,Sour - Other,Bottle 375ml,375,23.73,Sour
Brauerei Kemker Gentiana,17.8,Germany,3.77,Kemker Kultuur (Brauerei J. Kemker),7.0,Historical Beer - Gruit / Ancient Herbed Ale,Bottle 750ml,750,23.73,Historical Beer
Anniversario 2020,8.9,Italy,4.11,Ca' del Brado,7.4,Sour - Other,Bottle 375ml,375,23.73,Sour
Bière de Rhubarbe,8.91,Ireland,3.94,Land & Labour,5.5,Wild Ale - Other,Bottle 375ml,375,23.76,Wild Ale
Acid Valley,8.91,Spain,3.82,La Calavera,6.8,Farmhouse Ale - Saison,Bottle 375ml,375,23.76,Farmhouse Ale
Tilquin Rhubarbe 2022-2023,17.83,Belgium,4.08,Gueuzerie Tilquin,6.3,Lambic - Other,Bottle 750ml,750,23.77,Lambic
Néron,11.25,Canada,4.37,Brasserie du Bas-Canada,8.0,IPA - Imperial / Double,473ml,473,23.78,IPA
Premiere Batch,11.25,Canada,4.34,Brasserie du Bas-Canada,8.0,IPA - Imperial / Double,473ml,473,23.78,IPA
"Dock 91 Motueka, Riwaka & Southern Cross",11.25,Canada,4.33,Le Ketch,6.5,IPA - New England / Hazy,473ml,473,23.78,IPA
Cerberus,11.25,United States,4.17,District 96 Beer Factory,6.5,IPA - Imperial / Double New England / Hazy,473ml,473,23.78,IPA
CHONK: Raspberry & White Chocolate,11.25,United States,4.41,Drekker Brewing Company,6.2,Sour - Smoothie / Pastry,473ml,473,23.78,Sour
May DIPA 2024,11.25,Canada,4.22,Badlands Brewing Company,8.2,IPA - Imperial / Double,473ml,473,23.78,IPA
Into The Glow 2024,11.25,Canada,4.15,Badlands Brewing Company,8.2,IPA - Imperial / Double,473ml,473,23.78,IPA
Black Project Mallow,11.25,United States,4.04,Black Project Spontaneous & Wild Ales,7.4,Sour - Fruited,473ml,473,23.78,Sour
"Dock 92 Motueka, Nelson Sauvin & Rakau",11.25,Canada,4.35,Le Ketch,6.5,IPA - New England / Hazy,473ml,473,23.78,IPA
Dock 2024 Nelson Sauvin,11.25,Canada,4.35,Le Ketch,6.5,IPA - New England / Hazy,473ml,473,23.78,IPA
Black Gold,11.25,United States,4.17,The Drowned Lands Brewery,10.5,Stout - Imperial / Double,473ml,473,23.78,Stout
Dock 2024 Motueka,11.25,Canada,4.38,Le Ketch,6.5,IPA - New England / Hazy,473ml,473,23.78,IPA
Who The F*** Is Ronnie,11.25,Canada,4.22,Willibald Farm Brewery,11.3,IPA - Quadruple,473ml,473,23.78,IPA
Dock 53 (Aout 2024),11.25,Canada,4.39,Le Ketch,6.5,IPA - New England / Hazy,473ml,473,23.78,IPA
Strudel Stout (Cellar Series),7.85,Estonia,4.03,Põhjala,11.5,Stout - Imperial / Double Pastry,330ml,330,23.79,Stout
Eisbock 2016,7.85,Germany,3.65,Brauhaus Faust - Miltenberg,12.0,Bock - Eisbock,330ml,330,23.79,Bock
Siemàn Prato Alto 2022,17.85,United States,3.35,Oliver Brewing Co.,12.0,Red Ale - American Amber / Red,Bottle 750ml,750,23.8,Red Ale
Siemàn Doppio Gioco 2022,17.85,United States,3.95,Solemn Oath Brewery,12.5,Belgian Dubbel,Bottle 750ml,750,23.8,Belgian Dubbel
Army of Darkness (2024) X Emperor,11.9,England,4.04,Rivington Brewing Co,10.0,Stout - Imperial / Double,500ml,500,23.8,Stout
Tripel Berry Hand Pie,17.87,United States,3.96,The Bruery Terreux,11.8,Wild Ale - American,Bottle 750ml,750,23.83,Wild Ale
Provisions with Chef Brooke: The Spice,17.87,United States,3.87,The Bruery,10.2,Stout - Imperial / Double,Bottle 750ml,750,23.83,Stout
Morpheus Wit Moscatel BA,17.87,Belgium,3.69,Brouwerij Alvinne,5.5,Wheat Beer - Witbier / Blanche,Bottle 750ml,750,23.83,Wheat Beer
Baked & Stuffed (Berry Danish),10.49,United States,4.24,Great Notion Brewing,6.0,Sour - Smoothie / Pastry,Can 440ml,440,23.84,Sour
Viking Brunchfest Club,10.49,Norway,4.2,Amundsen Brewery,13.5,Stout - Imperial / Double Pastry,Can 440ml,440,23.84,Stout
Brewery / Arpus Brewing Co - Olia,10.5,England,4.38,Beak Brewery,6.0,Sour - Smoothie / Pastry,Can 440ml,440,23.86,Sour
Arpus Brewing Co. 7 Year Anniversary Barrel Aged Imperial Stout,10.5,Latvia,4.25,Ārpus Brewing Co.,13.0,Stout - Imperial / Double Pastry,Can 440ml,440,23.86,Stout
Verdant x Green Cheek 10Yrs,10.5,England,4.25,Verdant Brewing Co,8.4,IPA - Imperial / Double New England / Hazy,Can 440ml,440,23.86,IPA
Lizard,10.5,Netherlands,4.14,Moersleutel Craft Brewery,16.0,Freeze-Distilled Beer,Can 440ml,440,23.86,Freeze-Distilled Beer
10yrs X Green Cheek,10.5,England,4.25,Verdant Brewing Co,8.4,IPA - Imperial / Double New England / Hazy,Can 440ml,440,23.86,IPA
Basqueland / Cloudwater - Bonito Del Norte,10.5,Spain,3.96,Basqueland Brewing,6.4,IPA - New England / Hazy,Can 440ml,440,23.86,IPA
Cerebral Bore,10.5,England,4.15,Neon Raptor Brewing Co.,10.0,Sour - Smoothie / Pastry,Can 440ml,440,23.86,Sour
Mucho Mucho Citra 2024,10.5,Spain,4.09,Basqueland Brewing,8.0,IPA - Imperial / Double New England / Hazy,Can 440ml,440,23.86,IPA
Sureshot / Kees Hot Fudge Car Wash,10.5,England,3.84,Sureshot Brewing,10.5,Stout - Imperial / Double Pastry,Can 440ml,440,23.86,Stout
Extravagant TIPA,10.5,Netherlands,4.05,Moersleutel Craft Brewery,10.0,IPA - Triple,Can 440ml,440,23.86,IPA
Igor Appleton Rum BA 2023,8.95,Netherlands,3.97,Kaapse Brouwers,11.2,Stout - Imperial / Double Oatmeal,Bottle 375ml,375,23.87,Stout
Blueprints of the Sun - Blend #1,17.9,Denmark,3.98,To Øl,6.4,Wild Ale - Other,Bottle 750ml,750,23.87,Wild Ale
Oude Geuze No.10  22|23,8.95,Belgium,4.15,Brouwerij 3 Fonteinen,6.5,Lambic - Gueuze,Bottle 375ml,375,23.87,Lambic
Fast won't last – Mixed Fermantiton Saison Blend aged in oloroso and Red Wine Barrels,8.95,Spain,4.18,La Calavera,6.0,Farmhouse Ale - Saison,Bottle 375ml,375,23.87,Farmhouse Ale
Brett In Bad  – Rum Barrel Aged Mixed Fermantaiton Sour Ale,8.95,Spain,3.76,La Calavera,6.7,Sour - Fruited,Bottle 375ml,375,23.87,Sour
Mare E Monti – Mixed Fermantation Saison Barrel Aged Blend,8.95,Spain,4.06,La Calavera,6.5,Sour - Other,Bottle 375ml,375,23.87,Sour
Vandenbroek: Pruim Watergeus 2022,8.95,Netherlands,3.89,Vandenbroek,5.8,Lambic - Fruit,Bottle 375ml,375,23.87,Lambic
Hopnip / Almanac,11.29,United States,4.0,Abnormal Beer Co.,6.7,IPA - Cold,473ml,473,23.87,IPA
Honeybucket,8.95,Scotland,3.95,Holy Goat Brewing,7.2,Sour - Other,Bottle 375ml,375,23.87,Sour
Vandenbroek: Watergeus Extra Zuur 2020,17.9,Netherlands,4.13,Vandenbroek,6.2,Lambic - Gueuze,Bottle 750ml,750,23.87,Lambic
Cream Get the Honey,11.29,United States,4.08,Other Half Brewing Co.,6.0,IPA - New England / Hazy,473ml,473,23.87,IPA
Space Dream,11.29,United States,4.19,Other Half Brewing Co.,6.0,IPA - New England / Hazy,473ml,473,23.87,IPA
Bracia Rich Dark Ale,8.95,England,3.99,Thornbridge Brewery,10.0,Strong Ale - English,Bottle 375ml,375,23.87,Strong Ale
DDH Dream In Green,11.29,United States,4.24,Other Half Brewing Co.,6.2,IPA - New England / Hazy,473ml,473,23.87,IPA
WUK Oaked Batch 6,17.9,Belgium,3.66,De Brouwmoaten,8.5,Belgian Strong Golden Ale,Bottle 750ml,750,23.87,Belgian Strong Golden Ale
Blue Cheese,11.29,United States,4.07,Other Half Brewing Co.,6.5,IPA - New England / Hazy,473ml,473,23.87,IPA
Motueka Daydream,11.29,United States,4.13,Other Half Brewing Co.,6.5,IPA - New England / Hazy,473ml,473,23.87,IPA
Oude Geuze Assemblage No.7 2022/2023,8.95,Belgium,4.46,Brouwerij 3 Fonteinen,5.2,Lambic - Gueuze,Bottle 375ml,375,23.87,Lambic
Oud Beersel: Vandervelden 142 2024,17.9,Belgium,3.96,Oud Beersel,6.5,Lambic - Gueuze,Bottle 750ml,750,23.87,Lambic
Bertus Speyside BA 2023,8.95,Netherlands,3.74,Kaapse Brouwers,10.2,Brown Ale - Imperial / Double,Bottle 375ml,375,23.87,Brown Ale
Oude Geuze Vieille Barrel Selection Foeder 21 (2019),8.95,Belgium,4.13,Oud Beersel,6.5,Lambic - Gueuze,Bottle 375ml,375,23.87,Lambic
Summer Crusher,8.95,Scotland,3.92,Holy Goat Brewing,6.2,Sour - Fruited,Bottle 375ml,375,23.87,Sour
Hanssens: Oude Geuze 2019,8.95,Belgium,4.06,Hanssens Artisanaal,6.0,Lambic - Gueuze,Bottle 375ml,375,23.87,Lambic
Abraham Woodford BA 2023,8.95,Netherlands,3.95,Kaapse Brouwers,10.0,Stout - Imperial / Double,Bottle 375ml,375,23.87,Stout
The Picture of Dorian Gray (Speyside BA),8.95,Netherlands,3.35,Kaapse Brouwers,4.2,Stout - Irish Dry,Bottle 375ml,375,23.87,Stout
Funk Ecarlate,17.9,Canada,4.0,Brasserie Dunham,6.0,Farmhouse Ale - Grisette,Bottle 750ml,750,23.87,Farmhouse Ale
Oh la la la Barrel Aged Dry Cider,8.95,Belgium,3.64,De Mederie - Ciders,8.0,Cider - Other Fruit,Bottle 375ml,375,23.87,Cider
Colossus Whisky – Barrel Aged Barley Wine 2023,8.95,Spain,4.11,La Calavera,13.8,Barleywine - Other,Bottle 375ml,375,23.87,Barleywine
Vapid,11.3,United States,4.13,Aslin Beer Company,8.7,IPA - Imperial / Double,Can 473ml,473,23.89,IPA
Nature's Candy,11.3,United States,3.96,Mikerphone Brewing,5.3,Sour - Fruited Berliner Weisse,473ml,473,23.89,Sour
Tripping Animals / Mortalis / Kings Brewing Co - Six Years Floating,11.3,United States,3.84,Tripping Animals Brewing Co.,6.0,Sour - Fruited,Can 473ml,473,23.89,Sour
S Curve IPA,11.3,United States,4.07,Hop Butcher For The World,7.5,IPA - Imperial / Double New England / Hazy,473ml,473,23.89,IPA
All The Citra In The World (canned: 05-07-24),11.3,United States,4.1,Spyglass Brewing Company,8.2,IPA - Imperial / Double New England / Hazy,473ml,473,23.89,IPA
Tripping Zombies,11.3,United States,4.2,Tripping Animals Brewing Co.,6.0,Sour - Fruited,Can 473ml,473,23.89,Sour
Stellar Evolution DIPA,11.3,United States,4.0,Equilibrium Brewery,8.0,IPA - Imperial / Double,473ml,473,23.89,IPA
Beautiful Mosaic,11.3,United States,4.09,Creature Comforts Brewing Company,8.2,IPA - Imperial / Double New England / Hazy,473ml,473,23.89,IPA
Star Chamber,11.3,United States,4.34,Hudson Valley Brewery,6.0,IPA - Sour,Can 473ml,473,23.89,IPA
The NYC Cream Cheese Shortage is no Joke,11.3,United States,4.1,Evil Twin Brewing NYC,10.0,IPA - Triple New England / Hazy,473ml,473,23.89,IPA
Trespass 4th Anniversary,11.3,Canada,4.14,Third Moon Brewing Company,6.5,IPA - New England / Hazy,Can 473ml,473,23.89,IPA
Silhouette Pink Lemonade IPA,11.3,United States,4.04,Hudson Valley Brewery,5.0,IPA - Sour,Can 473ml,473,23.89,IPA
Grapefruit Crush,11.3,United States,4.08,Finback Brewery,8.0,IPA - Fruited,Can 473ml,473,23.89,IPA
Infinite Mass DIPA,11.3,United States,4.12,Equilibrium Brewery,8.0,IPA - Imperial / Double,473ml,473,23.89,IPA
Annihilation DIPA,11.3,United States,4.15,Adroit Theory,7.5,IPA - Imperial / Double New England / Hazy,473ml,473,23.89,IPA
Three Dimensions DIPA x Cerebral Brewing & New Image Brewing,11.3,United States,4.07,WeldWerks Brewing Co.,8.4,IPA - Imperial / Double New England / Hazy,473ml,473,23.89,IPA
Emissary,11.3,United States,4.19,Hudson Valley Brewery,6.0,IPA - Sour,Can 473ml,473,23.89,IPA
Baby Ghost IPA,11.3,United States,4.1,Parish Brewing Co.,5.5,IPA - New England / Hazy,473ml,473,23.89,IPA
Echolocation DIPA x Finback,11.3,United States,4.06,Equilibrium Brewery,8.0,IPA - Imperial / Double New England / Hazy,473ml,473,23.89,IPA
Lines of Light 2024,11.3,Canada,4.12,Third Moon Brewing Company,6.5,IPA - New England / Hazy,Can 473ml,473,23.89,IPA
4th Anniversary,11.95,Poland,4.15,Browar Rockmill,12.0,Porter - Imperial / Double,500ml,500,23.9,Porter
Schorschbock 13%,11.95,Germany,3.2,Schorschbräu,13.0,Bock - Doppelbock,500ml,500,23.9,Bock
Super Natural,8.49,United States,3.67,Fort Point Beer Company,6.4,Cider - Rosé,355ml,355,23.92,Cider
Super Dry,8.49,United States,3.71,Fort Point Beer Company,6.4,Cider - Dry,355ml,355,23.92,Cider
Horal Oude Geuze Mega Blend 2024,17.94,Belgium,3.93,Brouwerij Boon,7.0,Lambic - Gueuze,Bottle 750ml,750,23.92,Lambic
Kemker Lust 2021-01 - Cassis,17.95,Germany,3.89,Kemker Kultuur (Brauerei J. Kemker),6.0,Cider - Other Fruit,Bottle 750ml,750,23.93,Cider
Land & Labour / Spontaneous Deuce Hard Graf,17.95,Ireland,3.95,Land & Labour,5.6,Cider - Graff,Bottle 750ml,750,23.93,Cider
Van Moll / 013 / 100 Watt Three Amigos Cachaca BA,17.95,Netherlands,3.79,Van Moll,9.5,Belgian Strong Dark Ale,Bottle 750ml,750,23.93,Belgian Strong Dark Ale
Oude Quetsche Tilquin à l'Ancienne (2019-2020),17.95,Belgium,4.15,Gueuzerie Tilquin,6.4,Lambic - Fruit,Bottle 750ml,750,23.93,Lambic
Dispersed Vertices Artifact,17.95,Denmark,3.72,To Øl,6.7,Sour - Flanders Red Ale,Bottle 750ml,750,23.93,Sour
Oude Gueuze Cuvée Francisca 200th Anniversary,17.95,Belgium,4.07,Brouwerij Lindemans,8.0,Lambic - Gueuze,Bottle 750ml,750,23.93,Lambic
Alvinne / Rivington X Morpheus Sloe,17.95,Belgium,3.99,Brouwerij Alvinne,5.0,Sour - Fruited,Bottle 750ml,750,23.93,Sour
Parfum de Printemps,17.95,Belgium,3.7,Brouwerij De Dochter van de Korenaar,9.5,Spiced / Herbed Beer,Bottle 750ml,750,23.93,Spiced / Herbed Beer
Rive Bianche,17.95,Italy,4.0,Siemàn,6.3,Lambic - Fruit,Bottle 750ml,750,23.93,Lambic
Kestemont: Schaarbeekse Kriek 2022,17.95,Belgium,3.79,Brouwerij Kestemont,5.5,Lambic - Kriek,Bottle 750ml,750,23.93,Lambic
Oude Gueuze Tilquin A L'ancienne 2020-2021,17.95,Belgium,4.06,Gueuzerie Tilquin,7.0,Lambic - Gueuze,Bottle 750ml,750,23.93,Lambic
Parrain Oude Gueuze,17.95,Belgium,3.98,Geuzestekerij Parrain,6.5,Lambic - Gueuze,Bottle 750ml,750,23.93,Lambic
Moen Harvest,17.95,Belgium,3.82,Brouwerij Alvinne,5.0,Wild Ale - Other,Bottle 750ml,750,23.93,Wild Ale
Phi Zilverbes (Silverberry),17.95,Belgium,3.9,Brouwerij Alvinne,8.0,Sour - Fruited,Bottle 750ml,750,23.93,Sour
Saison Lambic Fruit Des Bois,17.95,Belgium,4.12,L'Ermitage,7.5,Lambic - Fruit,Bottle 750ml,750,23.93,Lambic
Dispersed Vertices Hersbrucker,17.95,Denmark,3.87,To Øl,3.9,Farmhouse Ale - Other,Bottle 750ml,750,23.93,Farmhouse Ale
SloePhi,17.95,Belgium,4.14,Brouwerij Alvinne,8.0,Sour - Fruited,Bottle 750ml,750,23.93,Sour
FRAMBOISE / VANILLE (2023),17.95,France,4.27,Popihn Sauvages,7.0,Wild Ale - Other,Bottle 750ml,750,23.93,Wild Ale
Rive Rosse,17.95,Italy,4.03,Siemàn,7.8,Lambic - Fruit,Bottle 750ml,750,23.93,Lambic
Dispersed Vertices Taiheke,17.95,Denmark,3.87,To Øl,3.9,Farmhouse Ale - Other,Bottle 750ml,750,23.93,Farmhouse Ale
ANTWERP Brandy Vanilla,7.9,Belgium,4.13,Galea Craft Beers,14.0,Stout - Russian Imperial,330ml,330,23.94,Stout
ANTWERP Buffalo Trace Bourbon Barrel Aged (2021),7.9,Belgium,4.2,Galea Craft Beers,14.0,Stout - Russian Imperial,330ml,330,23.94,Stout
Brett-Elle,7.9,Belgium,3.87,Lambiek Fabriek,5.5,Lambic - Gueuze,330ml,330,23.94,Lambic
Lactic Fantastic: Apricot,7.9,Netherlands,3.58,De Kromme Haring,5.5,Wild Ale - American,Bottle 330ml,330,23.94,Wild Ale
Balcones Edition 2024 Barley Wine,7.9,Netherlands,4.13,Brouwerij de Molen,11.4,Barleywine - English,330ml,330,23.94,Barleywine
Tennessee Dice Roller,7.9,Hungary,4.05,Mad Scientist,12.5,Stout - Imperial / Double,330ml,330,23.94,Stout
Royal Raspberry Sour,11.49,United States,3.92,Pryes Brewing,4.8,Sour - Fruited Berliner Weisse,480ml,480,23.94,Sour
Antwerp Jamaican Rum Barrel Aged (2021),7.9,Belgium,4.21,Galea Craft Beers,14.0,Stout - Russian Imperial,330ml,330,23.94,Stout
Kemker Aoltbeer 2021-11 - Plums,17.97,Germany,4.1,Kemker Kultuur (Brauerei J. Kemker),6.0,Sour - Fruited,Bottle 750ml,750,23.96,Sour
BBC 2022 - Imperial Stout,7.91,Romania,4.03,Bereta Brewing Co.,11.0,Stout - Imperial / Double Pastry,330ml,330,23.97,Stout
Tilquin Oude Gueuze à L'Ancienne,8.99,Belgium,4.0,Gueuzerie Tilquin,7.0,Lambic - Gueuze,Bottle 375ml,375,23.97,Lambic
BZART Lambiek,17.98,Belgium,3.87,Oud Beersel,8.0,Lambic - Traditional,Bottle 750ml,750,23.97,Lambic
Class V,8.99,United States,3.93,Kern River Brewing Company,8.5,Stout - Imperial / Double Oatmeal,Bottle 375ml,375,23.97,Stout
Gueuze (Fondgueuze) Ex 2019,8.99,Belgium,4.22,Brouwerij Girardin,5.0,Lambic - Gueuze,Bottle 375ml,375,23.97,Lambic
Oude Geuze 2017 30/03/2017,8.99,Belgium,3.77,Oud Beersel,6.5,Lambic - Gueuze,Bottle 375ml,375,23.97,Lambic
Oude Geuze 30/10/2017 Blend 55 16|17,8.99,Belgium,4.46,Brouwerij 3 Fonteinen,5.3,Lambic - Gueuze,Bottle 375ml,375,23.97,Lambic
Fallow,8.99,United States,4.08,Hudson Valley Brewery,7.0,IPA - Sour,Bottle 375ml,375,23.97,IPA
Trippy Tree: Peach & Green Tea,8.99,United States,4.13,Beer Tree Brew,7.3,Sour - Fruited,Bottle 375ml,375,23.97,Sour
The Return of the Living Haze,8.99,United States,4.05,Beer Zombies Brewing Co.,8.5,IPA - Imperial / Double,Bottle 375ml,375,23.97,IPA
Paracasa,8.99,Italy,4.08,CRAK Brewery,13.0,Stout - Imperial / Double,Bottle 375ml,375,23.97,Stout
Oude Schaarbeekse Kriek Harvest 2018 (Limited Edition),8.99,Belgium,3.82,Brouwerij Boon,6.5,Lambic - Kriek,Bottle 375ml,375,23.97,Lambic
"Trippy Tree - Passion Fruit, Mango, Coconut",8.99,United States,4.11,Beer Tree Brew,7.3,Sour - Fruited,Bottle 375ml,375,23.97,Sour
Halve Tamme / Klere Boght- Abellanis,8.99,Netherlands,4.09,Brouwerij Halve Tamme,9.4,Porter - Baltic,Bottle 375ml,375,23.97,Porter
Quintuple Continuous Blood,11.99,Canada,4.17,Third Moon Brewing Company,13.5,IPA - Other,500ml,500,23.98,IPA
Brume du Littoral: Aout 2024,11.99,Canada,4.22,Le Ketch,8.0,IPA - Imperial / Double New England / Hazy,500ml,500,23.98,IPA
Triple Bloodbath,11.99,Canada,4.32,Third Moon Brewing Company,10.5,IPA - Triple New England / Hazy,500ml,500,23.98,IPA
Boulevardier,11.99,Poland,4.24,Browar Stu Mostów/ Galway Bay Brewery,13.0,Barleywine - Other,500ml,500,23.98,Barleywine
Typhon | Coconut,11.99,United States,4.36,Mortalis Brewing Company,6.0,Sour - Smoothie / Pastry,500ml,500,23.98,Sour
Oude Geuze Black Label Edition #2,17.99,Belgium,4.09,Brouwerij Boon,6.4,Lambic - Gueuze,Bottle 750ml,750,23.99,Lambic
De Cam Oude Lambiek 2017-L5,17.99,Belgium,4.05,Geuzestekerij De Cam,5.0,Lambic - Traditional,Bottle 750ml,750,23.99,Lambic
Tilquin Mûre Rullquin 2018-2019,17.99,Belgium,4.04,Brasserie Artisanale de Rulles/ Gueuzerie Tilquin,6.0,Sour - Other,Bottle 750ml,750,23.99,Sour
Oude Geuze Fontan-Elle 01/2019,17.99,Belgium,3.93,Lambiek Fabriek,10.5,Lambic - Gueuze,Bottle 750ml,750,23.99,Lambic
Oude Geuze 2016 21/11/2016,17.99,Belgium,3.77,Oud Beersel,6.5,Lambic - Gueuze,Bottle 750ml,750,23.99,Lambic
De Cam Oude Lambiek 2017,17.99,Belgium,4.05,Geuzestekerij De Cam,5.0,Lambic - Traditional,Bottle 750ml,750,23.99,Lambic
Oude Geuze Cuvée Armand & Gaston 20/03/2019 Blend 54 18|19,17.99,Belgium,4.28,Brouwerij 3 Fonteinen,7.4,Lambic - Gueuze,Bottle 750ml,750,23.99,Lambic
Örter i Mörker,17.99,United States,3.96,Jester King Brewery,7.9,Wild Ale - American,Bottle 750ml,750,23.99,Wild Ale
De Cam Oude Geuze 2018,17.99,Belgium,4.2,Geuzestekerij De Cam,6.0,Lambic - Gueuze,Bottle 750ml,750,23.99,Lambic
Oude Geuze Cuvée Armand & Gaston 28/01/2019 Blend 36 18|19,17.99,Belgium,4.29,Brouwerij 3 Fonteinen,6.8,Lambic - Gueuze,Bottle 750ml,750,23.99,Lambic
Oude Geuze Cuvée Armand & Gaston 13/12/2018 Blend 14 18|19,17.99,Belgium,4.29,Brouwerij 3 Fonteinen,7.3,Lambic - Gueuze,Bottle 750ml,750,23.99,Lambic
Oude Geuze Cuvée Armand & Gaston 26/04/2019 Blend 68 18|19,17.99,Belgium,4.25,Brouwerij 3 Fonteinen,6.7,Lambic - Gueuze,Bottle 750ml,750,23.99,Lambic
Oude Geuze Cuvée Armand & Gaston 01/03/2019 Blend 48 18|19,17.99,Belgium,4.26,Brouwerij 3 Fonteinen,7.0,Lambic - Gueuze,Bottle 750ml,750,23.99,Lambic
Oude Geuze Cuvée Armand & Gaston 08/05/2019 Blend 70 18|19,17.99,Belgium,4.24,Brouwerij 3 Fonteinen,6.5,Lambic - Gueuze,Bottle 750ml,750,23.99,Lambic
Oude Gueuze 2023-3,17.99,Belgium,4.09,Het Boerenerf Eylenbosch,7.0,Lambic - Gueuze,Bottle 750ml,750,23.99,Lambic
Barbarossa Gose Oak Aged,17.99,Germany,3.28,Barbarossa I Am,6.5,Sour - Other Gose,Bottle 750ml,750,23.99,Sour
Tilquin Oude Gueuze à l'Ancienne 2018-2019,17.99,Belgium,4.12,Gueuzerie Tilquin,7.0,Lambic - Gueuze,Bottle 750ml,750,23.99,Lambic
Macération Coings,17.99,France,4.02,Levain,6.5,Sour - Fruited,Bottle 750ml,750,23.99,Sour
Macération Fleurs De Sureau,17.99,France,4.07,Levain,6.0,Sour - Other,Bottle 750ml,750,23.99,Sour
Mirakel Spierelambic 2018,17.99,Belgium,3.88,Brouwerij De Ranke,5.5,Lambic - Gueuze,Bottle 750ml,750,23.99,Lambic
Deus Brut Des Flandres,17.99,Belgium,3.88,Brouwerij Bosteels,11.5,Bière de Champagne / Bière Brut,Bottle 750ml,750,23.99,Bière de Champagne / Bière Brut
Buna Apple Cider (2022),17.99,Croatia,3.85,Buzdovan,7.3,Cider - Traditional / Apfelwein,Bottle 750ml,750,23.99,Cider
De Cam Oude Lambiek 2017-L5 Export label,17.99,Belgium,3.86,Geuzestekerij De Cam,6.5,Lambic - Traditional,Bottle 750ml,750,23.99,Lambic
Macération Trousseau,17.99,France,4.06,Levain,7.0,Sour - Other,Bottle 750ml,750,23.99,Sour
De Cam Geuze 2018,17.99,Belgium,4.2,Geuzestekerij De Cam,6.0,Lambic - Gueuze,Bottle 750ml,750,23.99,Lambic
Chasselas 2022,17.99,Switzerland,4.21,À tue-tête,7.6,Sour - Fruited,Bottle 750ml,750,23.99,Sour
Epochal White Smoke,9.0,Scotland,3.78,Epochal Barrel Fermented Ales,5.5,Grodziskie / Grätzer,Bottle 375ml,375,24.0,Grodziskie / Grätzer
Kriek - 2021,18.0,Belgium,4.12,Het Boerenerf Eylenbosch,7.0,Lambic - Kriek,Bottle 750ml,750,24.0,Lambic
Holy Mountain 2023,9.0,Scotland,4.03,Holy Goat Brewing,7.0,Sour - Fruited,Bottle 375ml,375,24.0,Sour
Brew Co,18.0,England,4.05,Cloudwater Brew Co./ Oliver's Cider & Perry,6.1,Cider - Perry / Poiré,Bottle 750ml,750,24.0,Cider
Déviation 2023-2,18.0,France,4.38,Nano Brasserie SPO,5.6,Wild Ale - Other,Bottle 750ml,750,24.0,Wild Ale
Petit Fruit - collaboration Buvance,18.0,France,4.09,Popihn Sauvages,6.8,Wild Ale - Other,Bottle 750ml,750,24.0,Wild Ale
B.A. Bock,12.0,Ukraine,4.19,Pravda Brewery,11.2,Belgian Quadrupel,500ml,500,24.0,Belgian Quadrupel
Sauvage Cassis 2022,18.0,France,4.2,Popihn Sauvages,6.5,Wild Ale - Other,Bottle 750ml,750,24.0,Wild Ale
Conjurer,9.0,Scotland,4.05,Holy Goat Brewing,7.1,Sour - Fruited,Bottle 375ml,375,24.0,Sour
Cherry Frederiksdal    Doublebock 2019,9.0,Denmark,3.41,Mikkeller,9.0,Bock - Doppelbock,Bottle 375ml,375,24.0,Bock
Todo Nuevo Bajo El Sol,9.0,Argentina,4.12,Strange Brewing,7.2,Sour - Flanders Red Ale,Bottle 375ml,375,24.0,Sour
Sauvage Assemblage n°8 2021,18.0,France,4.24,Popihn Sauvages,6.0,Wild Ale - Other,Bottle 750ml,750,24.0,Wild Ale
American IS - Barrel Aged Blend x Terra Kahwa,7.92,France,4.06,Popihn,12.5,Stout - Imperial / Double Coffee,330ml,330,24.0,Stout
Brew Co,18.0,England,4.1,Cloudwater Brew Co.,5.3,Wild Ale - American,Bottle 750ml,750,24.0,Wild Ale
Pomegranate Turbo Shandy Citrus Ale,8.52,United States,3.6,Hoppin' Frog Brewery,7.0,Shandy / Radler,355ml,355,24.0,Shandy / Radler
Oude Roussanne Tilquin à l&apos;Ancienne  -  75cl incl. statiegeld - SHOP ONLY,18.0,United States,3.89,Sierra Nevada Brewing Co.,8.0,Belgian Tripel,Bottle 750ml,750,24.0,Belgian Tripel
Oude Syrah Tilquin à l&apos;Ancienne  -  75cl incl. statiegeld - SHOP ONLY,18.0,United States,3.89,Sierra Nevada Brewing Co.,8.0,Belgian Tripel,Bottle 750ml,750,24.0,Belgian Tripel
Seabeast,9.0,Scotland,4.0,Holy Goat Brewing,6.8,Sour - Other,Bottle 375ml,375,24.0,Sour
Black Kite,9.0,Scotland,3.96,Holy Goat Brewing,6.0,Sour - Fruited,Bottle 375ml,375,24.0,Sour
Crimson King,9.0,Scotland,3.95,Holy Goat Brewing,7.0,Sour - Flanders Red Ale,Bottle 375ml,375,24.0,Sour
Rullquin 2018/2019,18.0,Belgium,3.8,Brasserie Artisanale de Rulles/ Gueuzerie Tilquin,7.0,Sour - Other,Bottle 750ml,750,24.0,Sour
Oude Kriek - 2022,9.0,Belgium,3.7,Brouwerij Eylenbosch,6.2,Lambic - Kriek,Bottle 375ml,375,24.0,Lambic
Oude Pinot Noir Tilquin à l&apos;Ancienne  -  75cl incl. statiegeld - SHOP ONLY,18.0,United States,3.89,Sierra Nevada Brewing Co.,8.2,Belgian Tripel,Bottle 750ml,750,24.0,Belgian Tripel
Oude Pinot Gris Tilquin à l&apos;Ancienne  -  75cl incl. statiegeld - SHOP ONLY,18.0,United States,3.89,Sierra Nevada Brewing Co.,8.4,Belgian Tripel,Bottle 750ml,750,24.0,Belgian Tripel
Spectral Eclipse,9.0,Scotland,3.93,Holy Goat Brewing,6.0,IPA - Sour,Bottle 375ml,375,24.0,IPA
Wilderness Life After Love,18.0,United States,3.79,Outer Range Brewing Co.,6.3,Schwarzbier,Bottle 750ml,750,24.0,Schwarzbier
Evolved Grand Cru Aged 10 Years,18.0,Belgium,4.06,Brouwerij Rodenbach,6.0,Sour - Flanders Red Ale,Bottle 750ml,750,24.0,Sour
Tilquin- HORAL's Oude Geuze Mega Blend 2022,18.0,Belgium,3.94,Brouwerij Boon,7.0,Lambic - Gueuze,Bottle 750ml,750,24.0,Lambic
Oude Mure 2019/2020,18.0,Belgium,4.2,Gueuzerie Tilquin,6.0,Lambic - Fruit,Bottle 750ml,750,24.0,Lambic
Cassis Rullquin 2020/2021,18.0,Belgium,3.93,Gueuzerie Tilquin,7.7,Sour - Fruited,Bottle 750ml,750,24.0,Sour
Se Borro Duraznito,9.0,Argentina,4.09,Strange Brewing,6.0,Farmhouse Ale - Saison,Bottle 375ml,375,24.0,Farmhouse Ale
Hérétique Blonde,12.0,Canada,3.84,Brasserie Dieu du Ciel!,7.0,Sour - Other,500ml,500,24.0,Sour
Oude Riesling Tilquin à l&apos;Ancienne  -  75cl incl. statiegeld - SHOP ONLY,18.0,United States,3.89,Sierra Nevada Brewing Co.,7.7,Belgian Tripel,Bottle 750ml,750,24.0,Belgian Tripel
Monte Sole,9.0,Italy,4.03,Ca' del Brado,4.0,Farmhouse Ale - Grisette,Bottle 375ml,375,24.0,Farmhouse Ale
Paquette à La Plage,12.0,Canada,3.81,Brasserie Dieu du Ciel!,6.4,IPA - American,500ml,500,24.0,IPA
Bersalis Tripel Oak Aged,9.0,Belgium,3.68,Oud Beersel,10.5,Sour - Other,Bottle 375ml,375,24.0,Sour
Funk Pépang,18.0,Canada,3.96,Brasserie Dunham,4.5,Farmhouse Ale - Grisette,Bottle 750ml,750,24.0,Farmhouse Ale
Bergamot Crusher,9.0,Scotland,3.87,Holy Goat Brewing,5.6,Sour - Fruited,Bottle 375ml,375,24.0,Sour
Une Etoile Au Point Du Jour,18.01,France,4.02,Fauve,11.0,Barleywine - English,Bottle 750ml,750,24.01,Barleywine
Perry  Méthode Traditionnelle 2019,18.05,Estonia,3.79,Jaanihanso,9.0,Cider - Perry / Poiré,Bottle 750ml,750,24.07,Cider
Infix 2021: Hazelnut Macchiato Edition Imperial Milk Stout,7.95,Sweden,4.1,Nerdbrewing,10.5,Stout - Imperial / Double Milk,330ml,330,24.09,Stout
De Moersleutel / Badin Salta Bananers,10.6,Netherlands,3.92,Moersleutel Craft Brewery,12.0,Stout - Imperial / Double Pastry,Can 440ml,440,24.09,Stout
Cellar Series Virvatuli Vermouth & Scotch Whisky Barrel Aged Imperial Gruit Ale,7.95,Estonia,4.03,Põhjala,13.0,Historical Beer - Gruit / Ancient Herbed Ale,330ml,330,24.09,Historical Beer
Albino Sour Assassin,7.95,Scotland,3.91,OverWorks,8.5,Red Ale - Other,330ml,330,24.09,Red Ale
Muifel Vatgerijpt #11 Zuster Agatha Barbancourt Rum BA,7.95,Netherlands,4.0,Muifelbrouwerij,11.0,Belgian Quadrupel,330ml,330,24.09,Belgian Quadrupel
Recursion Imperial Rye Stout With Toasted Caraway Seeds Imperial Stout,7.95,Sweden,3.98,Nerdbrewing,10.7,Stout - Imperial / Double,330ml,330,24.09,Stout
Arpus 7 Year Anniversary Barrel Aged Imperial Stout,10.6,Latvia,4.25,Ārpus Brewing Co.,13.0,Stout - Imperial / Double Pastry,Can 440ml,440,24.09,Stout
The Last Private On The Western Front Imperial Stout,7.95,Spain,4.06,La Pirata Brewing,15.0,Stout - Imperial / Double,330ml,330,24.09,Stout
Amundsen Uncle Pops,10.6,Norway,3.66,Amundsen Brewery,6.5,Sour - Smoothie / Pastry,Can 440ml,440,24.09,Sour
Ritual #1: Opening Ceremony (Woordford Reserve BA),7.95,Netherlands,4.15,Nemeton Brewing,10.8,Barleywine - Other,330ml,330,24.09,Barleywine
Laugar x Malte   Dopes to Infinity  Imp. Pastry Stout,7.95,Spain,4.08,Laugar Brewery,10.0,Stout - Imperial / Double Pastry,330ml,330,24.09,Stout
Muifel Vatgerijpt #13 Zuster Agatha Bourbon Blend BA,7.95,Netherlands,4.15,Muifelbrouwerij,11.0,Belgian Strong Dark Ale,330ml,330,24.09,Belgian Strong Dark Ale
Midnight Harvest,7.95,Spain,4.17,Laugar Brewery,12.4,Stout - Russian Imperial,330ml,330,24.09,Stout
Baba Yaga,10.6,Norway,3.67,Monkey Brew,6.5,Sour - Fruited,Can 440ml,440,24.09,Sour
Under the Same Sky New England DIPA,10.6,England,4.2,Verdant Brewing Co,8.4,IPA - Imperial / Double New England / Hazy,Can 440ml,440,24.09,IPA
Barrel Aged Serie 46,7.95,Netherlands,3.58,Bronckhorster Brewing Company,13.0,Barleywine - Other,330ml,330,24.09,Barleywine
Funeralopolis RIS,7.95,Spain,4.15,Kraftank Barcelona/ Laugar Brewery,10.0,Stout - Russian Imperial,330ml,330,24.09,Stout
The Algorithm Pt.II Amagnac Brandy Barrel Aged Imperial Stout,7.95,Netherlands,4.14,Uiltje Brewing Company,15.2,Stout - Imperial / Double,330ml,330,24.09,Stout
Barrel Aged Serie 44,7.95,Netherlands,4.08,Bronckhorster Brewing Company,13.0,Barleywine - Other,330ml,330,24.09,Barleywine
Hydra,10.6,Spain,4.19,Basqueland Brewing,10.0,IPA - Triple New England / Hazy,Can 440ml,440,24.09,IPA
Valhalla Vacation – Scottish Sour Ale fermented with Strawberries and Rhubarb Barrel Aged,7.95,Scotland,3.7,OverWorks,5.5,Sour - Fruited,330ml,330,24.09,Sour
Vecchia Lodi 2023,7.95,Italy,3.93,BrewFist,11.0,Barleywine - English,330ml,330,24.09,Barleywine
Blueberry Muffin Waffle Cone Crunch,10.6,Scotland,4.13,Vault City Brewing,8.3,Sour - Smoothie / Pastry,Can 440ml,440,24.09,Sour
Arcade City – Barrel Aged Sour,7.95,Scotland,3.74,OverWorks,10.0,Stout - Imperial / Double,330ml,330,24.09,Stout
Barrel Aged Serie 45,7.95,Netherlands,4.03,Bronckhorster Brewing Company,13.0,Stout - Russian Imperial,330ml,330,24.09,Stout
Jackalope King,7.95,Scotland,3.8,OverWorks,6.5,Sour - Fruited,330ml,330,24.09,Sour
Parish x Tripping Animals Animals In The Machine,11.4,United States,4.19,Tripping Animals Brewing Co.,8.0,IPA - Imperial / Double New England / Hazy,Can 473ml,473,24.1,IPA
Sump Coffee Stout,11.4,United States,4.28,Perennial Artisan Ales,11.5,Stout - Imperial / Double Coffee,473ml,473,24.1,Stout
Spaced In Time,11.4,United States,4.25,Finback Brewery,8.3,IPA - Imperial / Double,Can 473ml,473,24.1,IPA
Amsterdam NY (Chapter 2),11.4,Canada,4.11,Brasserie Sir John Brewing Co.,6.2,IPA - American,Can 473ml,473,24.1,IPA
Bloodless VIII X Root+Branch,11.4,United States,3.9,The Veil Brewing Co.,8.0,Sour - Fruited Berliner Weisse,473ml,473,24.1,Sour
Jericho VT (Chapter 14),11.4,Canada,4.12,Brasserie Sir John Brewing Co.,6.6,IPA - American,Can 473ml,473,24.1,IPA
Bone Dry Mikkeller Selection,18.1,Belgium,4.26,Brouwerij Boon/ Mikkeller,7.0,Lambic - Gueuze,Bottle 750ml,750,24.13,Lambic
Rivington X Morpheus Sloe,18.1,Belgium,3.99,Brouwerij Alvinne,5.0,Sour - Fruited,Bottle 750ml,750,24.13,Sour
Flora Speziaal,18.1,Germany,4.06,Schneeeule,3.5,Sour - Berliner Weisse,Bottle 750ml,750,24.13,Sour
Imperial Stout Tonka Beans,7.97,Portugal,4.2,Lupum,12.0,Stout - Imperial / Double Milk,330ml,330,24.15,Stout
Oude Kriek - 19/20 - Nr.46,18.15,Belgium,4.29,Brouwerij 3 Fonteinen,6.5,Lambic - Kriek,Bottle 750ml,750,24.2,Lambic
Neon Gods,12.1,Romania,4.04,Hop Hooligans,14.5,IPA - Quadruple,500ml,500,24.2,IPA
Chaos Is A Barrel,12.1,Romania,3.86,Blackout Brewing,6.6,Wild Ale - American,Bottle 500ml,500,24.2,Wild Ale
ROTT.Barrels #8 Heaven Hill Barrel Aged Imperial Stout,7.99,Netherlands,4.07,ROTT. Brouwers,13.0,Belgian Quadrupel,330ml,330,24.21,Belgian Quadrupel
"Mango, Peach, And Passionfruit Fruited Sour Ale",7.99,United States,3.72,Little Willow Brewing Company,7.0,Sour - Fruited,330ml,330,24.21,Sour
Pohjala / Weihenstephan - Zeit,7.99,Estonia,3.91,Põhjala,12.0,Wheat Beer - Wheat Wine,330ml,330,24.21,Wheat Beer
Blackout Brewing X Hophead - Black Star,7.99,Romania,3.86,Hophead Brewing,9.0,Stout - Imperial / Double,330ml,330,24.21,Stout
A Walking Study in Demonology,7.99,England,4.1,Low Key Barrel Project,12.4,Barleywine - American,330ml,330,24.21,Barleywine
Suspend Imperial Oatmeat Stout W. Maple Syrup & Cinnamon,7.99,Sweden,4.03,Nerdbrewing,11.3,Stout - Imperial / Double Oatmeal,330ml,330,24.21,Stout
"Juice Land - Mosaic, Simcoe, Amarillo",7.99,United States,4.09,Beer Tree Brew,8.4,IPA - Imperial / Double New England / Hazy,330ml,330,24.21,IPA
Peanut Butter,7.99,France,3.85,La Débauche,10.0,Stout - Imperial / Double Pastry,330ml,330,24.21,Stout
Run To Daylight,11.45,United States,4.34,Hop Butcher For The World,10.5,IPA - Triple New England / Hazy,473ml,473,24.21,IPA
Made By Human,7.99,Italy,4.08,Ritual Lab,12.5,Barleywine - Other,330ml,330,24.21,Barleywine
Christmas Hot Coco Imperial Stout,7.99,Sweden,4.09,Omnipollo,11.0,Stout - Imperial / Double,330ml,330,24.21,Stout
Vivid Trees V2,7.99,United States,4.19,Beer Tree Brew,8.2,IPA - Imperial / Double New England / Hazy,330ml,330,24.21,IPA
No.36 (Angus Tripel Heaven Hill Bourbon Barrel Aged),7.99,Netherlands,4.09,Bronckhorster Brewing Company,12.0,Belgian Tripel,330ml,330,24.21,Belgian Tripel
No.35 (BBC Four Jack Daniels Rye Whiskey Barrel Aged),7.99,Netherlands,4.18,Bronckhorster Brewing Company,13.5,Belgian Quadrupel,330ml,330,24.21,Belgian Quadrupel
Walking Study In Demonology,7.99,England,4.1,Low Key Barrel Project,12.4,Barleywine - American,330ml,330,24.21,Barleywine
L'Ensemble Double Barrel-Aged,7.99,Belgium,3.93,Brouwerij De Dochter van de Korenaar,13.0,Barleywine - Other,330ml,330,24.21,Barleywine
Vatgerijpt #11 Zuster Agatha Barbancourt Rum,7.99,Netherlands,4.0,Muifelbrouwerij,11.0,Belgian Quadrupel,330ml,330,24.21,Belgian Quadrupel
Pohjala Sticks & Stones,7.99,Estonia,4.04,Põhjala,13.5,Stout - Imperial / Double,330ml,330,24.21,Stout
Pohjala Strudel Stout (cellar Series),7.99,Estonia,4.03,Põhjala,11.5,Stout - Imperial / Double Pastry,330ml,330,24.21,Stout
Memphis Mafia Double Vanilla Edition,7.99,Hungary,3.81,Mad Scientist,12.8,Stout - Imperial / Double,330ml,330,24.21,Stout
Gruve 3 Stiger,7.99,Norway,3.88,Svalbard Bryggeri,11.0,Stout - Imperial / Double,330ml,330,24.21,Stout
Shark Punch Braaaaaaaains,11.39,United States,4.32,Drekker Brewing Company,6.5,Sour - Smoothie / Pastry,Can 470ml,470,24.23,Sour
Java The Stout,8.6,United States,3.92,Jackie O's Brewery,6.5,Stout - Coffee,355ml,355,24.23,Stout
Braaaaaaaains - Oops! All Berries,11.39,United States,4.36,Drekker Brewing Company,6.9,Sour - Smoothie / Pastry,Can 470ml,470,24.23,Sour
CHONK Rainbow Sherbet,11.39,United States,4.35,Drekker Brewing Company,6.7,Sour - Smoothie / Pastry,Can 470ml,470,24.23,Sour
Hyperalgie,11.39,Canada,4.28,Messorem,10.0,IPA - Triple,Can 470ml,470,24.23,IPA
Cinnamon Roll Stout,8.6,United States,3.88,Untitled Art,8.0,Stout - White / Golden,355ml,355,24.23,Stout
"Just Fruit (Pineapple, Orange, Peach)",11.39,United States,4.34,Frequentem Brewing Co.,5.1,Sour - Fruited,Can 470ml,470,24.23,Sour
American IS - Barrel Aged Blend,8.0,France,4.01,Popihn,13.5,Stout - Imperial / Double,330ml,330,24.24,Stout
Sherry Shadow,8.0,Poland,3.88,Browar Stu Mostów,11.0,Porter - Imperial / Double Baltic,Bottle 330ml,330,24.24,Porter
Deep In Stout,8.0,Poland,4.29,Browar Stu Mostów,13.5,Stout - Imperial / Double,Bottle 330ml,330,24.24,Stout
Trappistes Rochefort - 10,8.0,Belgium,4.05,Abbaye Notre-Dame de Saint-Rémy,11.3,Belgian Quadrupel,Bottle 330ml,330,24.24,Belgian Quadrupel
Pater Pek,8.0,Netherlands,3.84,Rock City Brewing,9.0,Stout - Russian Imperial,330ml,330,24.24,Stout
La Moneuse Special Winter,8.0,Belgium,3.62,Brasserie de Blaugies,8.0,Winter Ale,330ml,330,24.24,Winter Ale
The Algorithm Pt.III,8.0,Netherlands,4.14,Uiltje Brewing Company,14.5,Stout - Imperial / Double,330ml,330,24.24,Stout
Tefnut Pompelmocello Triple Fruited Imperial Gose,8.0,Sweden,3.55,Omnipollo,10.0,Sour - Fruited Gose,330ml,330,24.24,Sour
Soyez ma muse BA,8.0,France,4.16,Hoppy Road,11.5,Barleywine - English,330ml,330,24.24,Barleywine
À l'arrière des berlines BA,8.0,France,4.21,Hoppy Road,13.0,Barleywine - English,330ml,330,24.24,Barleywine
Motto Motto,8.0,United States,4.0,Round Table Brewery,8.5,IPA - Imperial / Double New England / Hazy,330ml,330,24.24,IPA
IS hot sauce Avery Island BA,8.0,France,4.06,Popihn,12.0,Stout - Imperial / Double Coffee,330ml,330,24.24,Stout
Rocky Road Brownie X Vault City,8.0,England,4.07,Siren Craft Brew,7.8,Stout - Imperial / Double Milk,330ml,330,24.24,Stout
Imperial stout Whisky Irlandais BA,8.0,France,3.99,Popihn,11.8,Stout - Imperial / Double,330ml,330,24.24,Stout
Barrel Aged No. 42,8.0,Netherlands,3.98,Bronckhorster Brewing Company,13.0,Belgian Quadrupel,330ml,330,24.24,Belgian Quadrupel
Pruim Belle de Louvain,18.19,Belgium,4.18,Brouwerij 3 Fonteinen,6.8,Lambic - Fruit,Bottle 750ml,750,24.25,Lambic
Kweepeer Oogst 2021,18.19,Belgium,4.16,Brouwerij 3 Fonteinen,5.9,Lambic - Fruit,Bottle 750ml,750,24.25,Lambic
Pruim Mirabelle,18.19,Belgium,4.24,Brouwerij 3 Fonteinen,7.4,Lambic - Fruit,Bottle 750ml,750,24.25,Lambic
Aria,18.19,Switzerland,4.18,Chien Bleu,6.5,Farmhouse Ale - Saison,Bottle 750ml,750,24.25,Farmhouse Ale
Cédrat,18.19,Switzerland,4.2,Chien Bleu,6.0,Farmhouse Ale - Saison,Bottle 750ml,750,24.25,Farmhouse Ale
Crooked Stave Senor Cybies Cherries & Berries 2019,18.19,United States,4.02,Crooked Stave Artisan Beer Project,8.4,Sour - Fruited,Bottle 750ml,750,24.25,Sour
The Bruery Provisions with Chef Brooke: The Vine,18.19,United States,3.97,The Bruery Terreux,12.2,Grape Ale - Other,Bottle 750ml,750,24.25,Grape Ale
Dornfelder-Kriek,18.19,Belgium,4.06,Brouwerij 3 Fonteinen,6.0,Lambic - Gueuze,Bottle 750ml,750,24.25,Lambic
WILD#28 Blueberry Mix Fermentation Saison,9.1,Poland,4.01,Browar Stu Mostów,7.1,Wild Ale - Other,Bottle 375ml,375,24.27,Wild Ale
WILD#25 Riesling Mixed Fermentation Ale,9.1,Poland,3.98,Browar Stu Mostów,7.8,Wild Ale - Other,Bottle 375ml,375,24.27,Wild Ale
"Berry Hills  -  37,5cl",9.1,Italy,4.01,Siemàn,5.9,Sour - Fruited,Bottle 375ml,375,24.27,Sour
Brauerei Kemker Venn,18.2,Germany,3.98,Kemker Kultuur (Brauerei J. Kemker),6.0,Historical Beer - Gruit / Ancient Herbed Ale,Bottle 750ml,750,24.27,Historical Beer
WILD#26 Saturn Peach & Vanilla,9.1,Poland,3.99,Browar Stu Mostów,7.0,Wild Ale - Other,Bottle 375ml,375,24.27,Wild Ale
10th Anniversary Mixed Fermentation Pine Ale,9.1,Poland,3.91,Browar Stu Mostów,7.0,IPA - Sour,Bottle 375ml,375,24.27,IPA
Lustiger Peter,18.2,Germany,3.77,Schneeeule,4.5,Wild Ale - Other,Bottle 750ml,750,24.27,Wild Ale
À Tue-Tête Rouge,18.21,Switzerland,4.13,À tue-tête,7.6,Sour - Fruited,Bottle 750ml,750,24.28,Sour
Sako Gueuze Adelaar Elderflower,18.21,Belgium,3.33,Brouwerij-Stokerij Sako,6.5,Lambic - Gueuze,Bottle 750ml,750,24.28,Lambic
À Tue-Tête Noire,18.21,Switzerland,3.92,À tue-tête,7.5,Sour - Other,Bottle 750ml,750,24.28,Sour
Sako Gueuze Adelaar Spiced,18.21,Belgium,3.85,Brouwerij-Stokerij Sako,6.5,Lambic - Gueuze,Bottle 750ml,750,24.28,Lambic
Willibald/Escarpment Yeast Labs Terps West Coast IPA,11.49,Canada,3.71,Willibald Farm Brewery,6.5,Lager - Dortmunder / Export,473ml,473,24.29,Lager
La Bière Des Clans 2.0,11.49,Canada,4.35,Messorem,8.6,IPA - Imperial / Double New England / Hazy,473ml,473,24.29,IPA
Les Âmes S'Envolent : Au Crépuscule,11.49,Canada,4.23,Messorem,6.3,IPA - New England / Hazy,473ml,473,24.29,IPA
lACEd In Space,11.49,United States,4.29,Other Half Brewing Co.,8.0,IPA - Imperial / Double New England / Hazy,473ml,473,24.29,IPA
Double Dry Hopped Fort Point,11.49,United States,4.4,Trillium Brewing Company,6.6,Pale Ale - New England / Hazy,473ml,473,24.29,Pale Ale
Nevel Grondslag,18.22,Netherlands,3.61,Nevel Wild Ales,6.0,Wild Ale - Other,Bottle 750ml,750,24.29,Wild Ale
Black Gold (4th Anniversary),11.49,United States,,The Drowned Lands Brewery,10.5,Stout - American,473ml,473,24.29,Stout
Willibald Dreamy New England IPA,11.49,Canada,4.07,Willibald Farm Brewery,6.0,IPA - American,473ml,473,24.29,IPA
Christmas Cracker: Squeezy's Margarita - 2x,13.8,Scotland,3.37,Whitebox,19.0,Non-Alcoholic - Sour,Bottle 568ml,568,24.3,Non-Alcoholic
Christmas Cracker: Pocket Negroni - 2x,13.8,Scotland,3.37,Whitebox,21.8,Non-Alcoholic - Sour,Bottle 568ml,568,24.3,Non-Alcoholic
Sauvignon Sipper,11.5,Canada,4.11,Wood Brothers Brewing Co.,8.4,IPA - Imperial / Double New England / Hazy,473ml,473,24.31,IPA
It's Like Fishing With Dynamite Vol.2,11.5,Canada,4.2,Wood Brothers Brewing Co.,8.2,IPA - Imperial / Double New England / Hazy,473ml,473,24.31,IPA
Shark Punch Braaaaaaaains (canned: 24-07-24),11.5,United States,4.32,Drekker Brewing Company,6.5,Sour - Smoothie / Pastry,473ml,473,24.31,Sour
Jour & Nuit (Ethiopie),11.5,Canada,4.06,Brasserie du Bas-Canada,7.5,Stout - Coffee,473ml,473,24.31,Stout
August DIPA 2024 (canned: 24-07-24),11.5,Canada,4.35,Badlands Brewing Company,8.2,IPA - Imperial / Double,473ml,473,24.31,IPA
Nector,11.5,Canada,4.37,Wood Brothers Brewing Co.,8.4,IPA - Imperial / Double,473ml,473,24.31,IPA
Goofy Goober,11.5,United States,4.21,Spanish Marie Brewery,5.0,Sour - Smoothie / Pastry,473ml,473,24.31,Sour
You Ever Think About Dying?,11.5,United States,4.17,Spanish Marie Brewery,5.0,Sour - Fruited,473ml,473,24.31,Sour
Spot Hitting Yourself,11.5,United States,3.96,Spanish Marie Brewery,5.0,Sour - Fruited,473ml,473,24.31,Sour
Dessert Station Strawberry Shortcake,11.5,United States,4.16,Corporate Ladder Brewing Company,6.5,Gluten-Free,473ml,473,24.31,Gluten-Free
Temporalis #0021 (canned: 02-07-24),11.5,Canada,4.45,Messorem,10.5,IPA - Triple New England / Hazy,473ml,473,24.31,IPA
L' Arrosoir (canned: 11-07-24),11.5,Canada,4.29,Brasserie du Bas-Canada,8.0,IPA - Imperial / Double,473ml,473,24.31,IPA
District 96 / Equilibrium Stimulus Package,11.5,United States,4.34,District 96 Beer Factory/ Equilibrium Brewery,8.0,IPA - Imperial / Double New England / Hazy,473ml,473,24.31,IPA
Aqua Vitae,11.5,Canada,4.33,Brasserie du Bas-Canada,8.5,IPA - Imperial / Double,473ml,473,24.31,IPA
An 5 / Year 5 (canned: 01-08-24),11.5,Canada,4.43,Messorem,8.0,IPA - Imperial / Double New England / Hazy,473ml,473,24.31,IPA
Brume Du Littoral (canned: 21-08-24),11.5,Canada,4.14,Le Ketch,8.0,IPA - Imperial / Double New England / Hazy,473ml,473,24.31,IPA
Fictive (canned: 13-09-24),11.5,Canada,4.31,Brasserie du Bas-Canada,8.2,IPA - Imperial / Double,473ml,473,24.31,IPA
Dessert Station Blueberry Pie,11.5,United States,4.41,Corporate Ladder Brewing Company,6.5,Gluten-Free,473ml,473,24.31,Gluten-Free
Blinded By Fury,11.5,United States,3.66,Spanish Marie Brewery,5.0,Rauchbier,473ml,473,24.31,Rauchbier
Solvem Probler (canned: 27-06-24),11.5,Canada,4.2,Wood Brothers Brewing Co.,8.0,IPA - Imperial / Double New England / Hazy,473ml,473,24.31,IPA
Ticker Shock,11.5,United States,4.21,Other Half Brewing Co.,8.5,IPA - Imperial / Double New England / Hazy,473ml,473,24.31,IPA
Finback / Cerebral - Fields Of Tall Grass,11.5,United States,4.2,Finback Brewery,8.0,IPA - Imperial / Double,Can 473ml,473,24.31,IPA
Les Angles Morts,11.5,Canada,4.35,Messorem,10.0,IPA - Triple New England / Hazy,473ml,473,24.31,IPA
Double Dry Hopped Tiberius (Canned: 01-08-24),11.5,Canada,4.33,Brasserie du Bas-Canada,8.2,IPA - Imperial / Double,473ml,473,24.31,IPA
Bad Moon Rising 2024 (canned: 24-07-24),11.5,Canada,4.23,Third Moon Brewing Company,8.0,IPA - Imperial / Double New England / Hazy,473ml,473,24.31,IPA
Triple Tombe (canned: 27-08-24),11.5,Canada,4.4,Messorem,10.0,IPA - Triple,473ml,473,24.31,IPA
Turing Machine TDH Citra,11.5,United States,4.24,Spyglass Brewing Company,10.0,IPA - Triple New England / Hazy,473ml,473,24.31,IPA
Double Potato Spaghetti Town,11.5,United States,4.27,Other Half Brewing Co.,8.4,IPA - Imperial / Double New England / Hazy,473ml,473,24.31,IPA
Stacks In The Park,11.5,United States,4.26,BlackStack Brewing,9.7,IPA - Triple New England / Hazy,473ml,473,24.31,IPA
Double Alien Church (canned: 15-07-24),11.5,United States,4.32,Tired Hands Brewing Company,9.0,IPA - Imperial / Double,473ml,473,24.31,IPA
Temporalis #0022 (canned: 17-07-24),11.5,Canada,4.32,Messorem,10.3,IPA - Triple New England / Hazy,473ml,473,24.31,IPA
Crayon,11.5,Canada,4.37,Nano Cinco,9.6,IPA - Triple New England / Hazy,473ml,473,24.31,IPA
"Liquid Lollipop: Raspberry, Blueberry, Cheesecake",11.5,United States,3.98,Froth Brewing Co.,6.5,Sour - Fruited,473ml,473,24.31,Sour
Kills – Barrel Aged,11.5,Canada,3.82,Third Moon Brewing Company,5.2,Pilsner - Other,473ml,473,24.31,Pilsner
The Veil Broz Night Out⁴,11.5,United States,4.39,The Veil Brewing Co.,9.0,IPA - Imperial / Double New England / Hazy,473ml,473,24.31,IPA
"Just Fruit (Strawberry, Tangerine, Mango)",11.5,United States,4.47,Frequentem Brewing Co.,5.0,Sour - Fruited,473ml,473,24.31,Sour
Wood Brothers A Little Taste of the Glory,11.5,Canada,4.29,Wood Brothers Brewing Co.,8.8,IPA - Imperial / Double,473ml,473,24.31,IPA
October DIPA (2024),11.5,Canada,4.33,Badlands Brewing Company,8.2,IPA - Imperial / Double,473ml,473,24.31,IPA
Fitness Freak,11.5,United States,4.15,Hoof Hearted Brewing,14.0,Stout - Imperial / Double Coffee,473ml,473,24.31,Stout
Mortals Dance In Defiance of the Dark (2024),11.5,Canada,4.3,Third Moon Brewing Company,8.0,IPA - Imperial / Double New England / Hazy,473ml,473,24.31,IPA
Biere Extra-Forte / Extra Strong Beer,11.5,Canada,4.2,Brasserie du Bas-Canada,8.6,IPA - Imperial / Double,473ml,473,24.31,IPA
Brume Du Littoral – Aout 2024,11.5,Canada,4.22,Le Ketch,8.0,IPA - Imperial / Double New England / Hazy,473ml,473,24.31,IPA
Milkshake IPA (Double Extra Vanilla),11.5,United States,4.36,Tired Hands Brewing Company,9.2,IPA - Imperial / Double Milkshake,473ml,473,24.31,IPA
"Just Fruit (Peach, White Grape, Strawberry)",11.5,United States,4.54,Frequentem Brewing Co.,5.2,Sour - Fruited,473ml,473,24.31,Sour
Boo!,11.5,Canada,4.18,Badlands Brewing Company,8.2,IPA - Imperial / Double,473ml,473,24.31,IPA
Galactic Gusher,11.5,Canada,4.07,Wood Brothers Brewing Co.,8.0,IPA - Imperial / Double New England / Hazy,473ml,473,24.31,IPA
Popihn Sauvage Deviation (2023),18.25,France,,Popihn Sauvages,7.0,Wild Ale - Other,Bottle 750ml,750,24.33,Wild Ale
The Cherry Of My Eye,8.03,Estonia,3.82,Põhjala,10.0,Sour - Fruited,330ml,330,24.33,Sour
À Tue-Tête Surette 2023,18.25,Switzerland,4.05,À tue-tête,6.5,Sour - Other,Bottle 750ml,750,24.33,Sour
Aoltbeer 07-2021 Pinot Noir,18.25,Germany,3.9,Kemker Kultuur (Brauerei J. Kemker),7.0,Sour - Other,Bottle 750ml,750,24.33,Sour
Oude Kriek Cuvée René (2022),9.13,Belgium,3.72,Brouwerij Lindemans,7.0,Lambic - Kriek,Bottle 375ml,375,24.35,Lambic
Doom & Funk,18.26,Hungary,3.75,MadX,5.5,Wild Ale - American,Bottle 750ml,750,24.35,Wild Ale
DDH Cousin Shannon,11.52,United States,4.01,Living Häus Beer Company,6.5,IPA - American,473ml,473,24.36,IPA
King Stahlman,11.52,United States,3.87,Living Häus Beer Company,7.0,IPA - American,473ml,473,24.36,IPA
Cuvée Gewurzt,18.29,Canada,4.02,LTM - Les Trois Mousquetaires,6.9,Farmhouse Ale - Other,Bottle 750ml,750,24.39,Farmhouse Ale
Mettle,11.47,United States,4.33,Trillium Brewing Company,8.4,IPA - Imperial / Double New England / Hazy,Can 470ml,470,24.4,IPA
Gloed Barrel Aged Wild Ale Kersen & Zwarte Bessen,9.15,Netherlands,3.78,Nevel Wild Ales,5.8,Wild Ale - Other,Bottle 375ml,375,24.4,Wild Ale
Nevel Jubel,18.31,Netherlands,3.68,Nevel Wild Ales,5.9,Wild Ale - Other,Bottle 750ml,750,24.41,Wild Ale
Black Project Butcher,11.55,United States,4.15,Black Project Spontaneous & Wild Ales,7.1,Sour - Fruited,473ml,473,24.42,Sour
Maple Decadence,10.75,Portugal,4.07,Ophiussa Brewing Co.,14.0,Porter - Imperial / Double,Can 440ml,440,24.43,Porter
Sako Adelaar Kriek 2024,9.17,Belgium,3.76,Brouwerij-Stokerij Sako,6.5,Lambic - Kriek,Bottle 375ml,375,24.45,Lambic
Spontanbasil,18.34,Belgium,3.93,Brouwerij Lindemans/ Mikkeller,6.0,Lambic - Other,Bottle 750ml,750,24.45,Lambic
Optical Delusions,11.49,United States,4.28,Spyglass Brewing Company,8.3,IPA - Imperial / Double New England / Hazy,Can 470ml,470,24.45,IPA
Solvem Probler,11.49,Canada,4.2,Wood Brothers Brewing Co.,8.0,IPA - Imperial / Double New England / Hazy,Can 470ml,470,24.45,IPA
It's Like Fishing With Dynamite,11.49,Canada,4.33,Wood Brothers Brewing Co.,8.0,IPA - Imperial / Double,Can 470ml,470,24.45,IPA
110K+OT Batch 9,15.92,United States,4.18,Cigar City Brewing,9.8,Brown Ale - Imperial / Double,Bottle 650ml,650,24.49,Brown Ale
La Calavera / Cyclic Fast Won't Last,9.19,Spain,4.18,La Calavera,6.0,Farmhouse Ale - Saison,Bottle 375ml,375,24.51,Farmhouse Ale
Woo Boost,11.6,United States,3.99,Mikerphone Brewing,5.3,Sour - Fruited Berliner Weisse,473ml,473,24.52,Sour
August DIPA (2024),11.6,Canada,4.35,Badlands Brewing Company,8.2,IPA - Imperial / Double,473ml,473,24.52,IPA
Stacks On Stacks,11.6,United States,4.31,Other Half Brewing Co.,8.5,IPA - Imperial / Double New England / Hazy,473ml,473,24.52,IPA
Citra + Nelson,11.6,United States,4.26,Other Half Brewing Co.,8.5,IPA - Imperial / Double,473ml,473,24.52,IPA
Secousse,11.6,Canada,4.4,Brasserie du Bas-Canada,10.0,IPA - Triple,473ml,473,24.52,IPA
Noyau d'abricot,18.4,Switzerland,3.81,À tue-tête,6.5,Sour - Other,Bottle 750ml,750,24.53,Sour
Standing Beer,8.1,England,4.06,Mills Brewing,7.5,Farmhouse Ale - Other,Bottle 330ml,330,24.55,Farmhouse Ale
Tiramisu d'Occitanie,8.1,France,4.08,Fauve,12.0,Stout - Imperial / Double,330ml,330,24.55,Stout
Tartarus Alecto,10.8,England,3.62,Tartarus Beers,10.5,Stout - Imperial / Double,Can 440ml,440,24.55,Stout
Rudolf (Cellar Series),8.1,Estonia,4.16,Põhjala,12.0,Rye Wine,330ml,330,24.55,Rye Wine
Fruit World Famous Blueberry Goods Sour,8.1,Sweden,3.78,Omnipollo,6.0,Sour - Fruited,330ml,330,24.55,Sour
Overtone x Cloudwater Iron Sky,10.8,Scotland,3.99,Overtone Brewing Co,10.0,IPA - Triple New England / Hazy,Can 440ml,440,24.55,IPA
Overtone x Cloudwater - Iron Sky - TIPA,10.8,Scotland,3.99,Overtone Brewing Co,10.0,IPA - Triple New England / Hazy,Can 440ml,440,24.55,IPA
I've Got Friends In The Music Business Barrel Aged Imperial Mexican Stout 2023,8.1,Netherlands,4.23,Brouwerij Frontaal/ The Bruery,14.0,Stout - Imperial / Double,Can 330ml,330,24.55,Stout
Oh La La La – Barrel Aged Dry Cider with Sour Berrries and Honey ( 0.275 Liter ),6.75,Belgium,3.64,De Mederie - Ciders,8.0,Cider - Other Fruit,275ml,275,24.55,Cider
Basqueland x Arpus Bramble On,10.8,Spain,3.72,Basqueland Brewing,5.7,Sour - Fruited,Can 440ml,440,24.55,Sour
DDH Double Denim,10.8,England,4.12,Track Brewing Company,8.2,IPA - Imperial / Double New England / Hazy,Can 440ml,440,24.55,IPA
Track x Everywhere Streetside,10.8,England,4.18,Track Brewing Company,8.2,IPA - Imperial / Double New England / Hazy,Can 440ml,440,24.55,IPA
Seven Seas of Rye Wild Turkey BA,8.1,Estonia,4.1,Anderson's Craft Beer,13.5,Stout - Imperial / Double,330ml,330,24.55,Stout
Seven Seas of Rye Fiji Rum BA,8.1,Estonia,4.01,Anderson's Craft Beer,12.0,Stout - Imperial / Double,330ml,330,24.55,Stout
Wrath of the Tyrant,10.8,Scotland,4.07,Holy Goat Brewing,11.0,Stout - Imperial / Double,Can 440ml,440,24.55,Stout
Lionel Mesihoff,8.1,Estonia,4.2,Anderson's Craft Beer,8.0,Mead - Other,330ml,330,24.55,Mead
Kope-Niu Imperial Stout x Y Not Brewing,8.1,Denmark,3.89,Bad Seed Brewing,11.5,Stout - Imperial / Double,330ml,330,24.55,Stout
Don't Fear The Ferryman,10.8,England,4.09,Verdant Brewing Co,10.0,Stout - Imperial / Double,Can 440ml,440,24.55,Stout
Kong Island,10.8,England,4.07,Neon Raptor Brewing Co.,12.0,Stout - Imperial / Double Pastry,Can 440ml,440,24.55,Stout
Shady Priest,8.1,Belgium,3.91,Galea Craft Beers,11.5,Stout - Imperial / Double Pastry,330ml,330,24.55,Stout
Surmapatt,8.1,Estonia,4.07,Pühaste Brewery,12.0,Porter - Imperial / Double,330ml,330,24.55,Porter
Made of Stone,10.8,Scotland,4.13,Overtone Brewing Co,10.0,Stout - Imperial / Double,Can 440ml,440,24.55,Stout
Kees x Frontaal Pindakees XL,8.1,Netherlands,3.64,Brouwerij Kees,10.5,Stout - Pastry,Can 330ml,330,24.55,Stout
Feathered Friends,11.62,United States,3.88,Pipeworks Brewing Company,7.0,IPA - New England / Hazy,473ml,473,24.57,IPA
The Finest Doppelbock,11.62,United States,3.87,Pipeworks Brewing Company,7.4,Bock - Doppelbock,473ml,473,24.57,Bock
"Girardin, Framboise",9.1,Belgium,3.74,Brouwerij Girardin,5.0,Lambic - Framboise,Bottle 370ml,370,24.59,Lambic
Cuvée Armand & Gaston - 20/21 - Nr.17,18.45,Belgium,4.17,Brouwerij 3 Fonteinen,6.0,Lambic - Gueuze,Bottle 750ml,750,24.6,Lambic
Oud Beersel: Rhubarb Lambiek 2023,18.45,Belgium,3.9,Oud Beersel,6.5,Lambic - Fruit,Bottle 750ml,750,24.6,Lambic
Picture Pot,18.45,England,4.19,Mills Brewing,6.3,Sour - Other,Bottle 750ml,750,24.6,Sour
Kriekerik II,18.45,Estonia,3.73,Tanker Brewery,6.6,Sour - Fruited,Bottle 750ml,750,24.6,Sour
Stillings Street,16.0,United States,4.22,Trillium Brewing Company,7.2,IPA - New England / Hazy,Bottle 650ml,650,24.62,IPA
Double Dry Hop King Sue (2024),11.65,United States,4.36,Toppling Goliath Brewing Co.,7.8,IPA - Imperial / Double New England / Hazy,473ml,473,24.63,IPA
"Kemker Appel Wien 2021-03 - Medlar, elderberry & cherry",18.47,Germany,3.81,Kemker Kultuur (Brauerei J. Kemker),7.0,Cider - Dry,Bottle 750ml,750,24.63,Cider
Cidre Naturel,18.49,Germany,4.13,Treichler Wilde Weine,6.0,Cider - Traditional / Apfelwein,Bottle 750ml,750,24.65,Cider
Gouden Carolus Indulgence 2024 Margaretha,18.49,Belgium,3.54,Brouwerij Het Anker,8.5,Belgian Strong Dark Ale,Bottle 750ml,750,24.65,Belgian Strong Dark Ale
"Weiherer Bock Bourbon Style 0,75 L",18.5,Germany,3.61,Brauerei Kundmüller,8.4,Bock - Doppelbock,Bottle 750ml,750,24.67,Bock
A Saison Brambled,18.5,Canada,4.1,Trial & Ale Brewing Company,7.4,Farmhouse Ale - Saison,Bottle 750ml,750,24.67,Farmhouse Ale
Soue Ale Light – Wild Ale,9.25,Portugal,3.94,Wildery Brutal Blends,4.0,Wild Ale - Other,Bottle 375ml,375,24.67,Wild Ale
A Cordial Invitation,18.5,Canada,3.94,Trial & Ale Brewing Company,6.9,Sour - Fruited,Bottle 750ml,750,24.67,Sour
An Era of Sturm Und Drang,18.5,Canada,4.05,Trial & Ale Brewing Company,6.2,Sour - Fruited,Bottle 750ml,750,24.67,Sour
Gueuze Cuvée Héritage 2023,18.5,Belgium,4.07,Het Boerenerf Eylenbosch,6.7,Lambic - Gueuze,Bottle 750ml,750,24.67,Lambic
Mirabelle 2023,18.5,Belgium,4.09,Het Boerenerf Eylenbosch,7.1,Lambic - Fruit,Bottle 750ml,750,24.67,Lambic
Pescharina (Oogst 2023),18.5,Belgium,4.17,Het Boerenerf Eylenbosch,6.2,Lambic - Fruit,Bottle 750ml,750,24.67,Lambic
Oude Geuze,18.5,Belgium,3.99,Brouwerij Boon/ Mikkeller,6.6,Lambic - Gueuze,Bottle 750ml,750,24.67,Lambic
A Saison Apparent,18.5,Canada,4.01,Trial & Ale Brewing Company,7.4,Wild Ale - Other,Bottle 750ml,750,24.67,Wild Ale
Destihl Dosvidanya - Bourbon Ba,18.5,United States,4.18,DESTIHL Brewery,14.7,Stout - Russian Imperial,Bottle 750ml,750,24.67,Stout
Destihl Dosvidanya - Rye Whiskey Ba,18.5,United States,4.27,DESTIHL Brewery,13.6,Stout - Russian Imperial,Bottle 750ml,750,24.67,Stout
Martens Pils Bak,18.5,Belgium,2.85,Duvel Moortgat,40.0,Pilsner - German,Bottle 750ml,750,24.67,Pilsner
Framboise 2023,18.5,France,3.94,Popihn Sauvages,6.5,Wild Ale - Other,Bottle 750ml,750,24.67,Wild Ale
Oude Kriek,9.25,Belgium,3.8,Brouwerij De Troch,5.5,Lambic - Kriek,Bottle 375ml,375,24.67,Lambic
Form & Insight(2021),18.5,Denmark,4.1,Baghaven Brewing and Blending,9.1,Wild Ale - Other,Bottle 750ml,750,24.67,Wild Ale
Tilquin Gueuze a L'Ancienne,9.25,Belgium,4.14,Gueuzerie Tilquin,7.0,Lambic - Fruit,Bottle 375ml,375,24.67,Lambic
Special Lore,9.25,Scotland,4.05,Holy Goat Brewing,6.1,Sour - Fruited,Bottle 375ml,375,24.67,Sour
Sour Cherry,9.25,Norway,4.04,Lindheim Ølkompani,7.0,Wild Ale - Other,Bottle 375ml,375,24.67,Wild Ale
Viti Vini Vici #10,18.5,Canada,3.99,Brasserie Dunham,6.1,Farmhouse Ale - Saison,Bottle 750ml,750,24.67,Farmhouse Ale
The Light Behind It All,18.5,England,3.82,Cloudwater Brew Co.,7.2,Wild Ale - Other,Bottle 750ml,750,24.67,Wild Ale
Brauerei Kemker Hiärfst,18.5,Germany,3.9,Kemker Kultuur (Brauerei J. Kemker),6.0,Historical Beer - Gruit / Ancient Herbed Ale,Bottle 750ml,750,24.67,Historical Beer
Brauerei Kemker Summer,18.5,Germany,3.99,Kemker Kultuur (Brauerei J. Kemker),5.5,Sour - Fruited,Bottle 750ml,750,24.67,Sour
Biere Vivante Maceration De Muscat 2021,18.5,France,4.04,La Brasserie des Voirons / LUG,6.5,Sour - Fruited,Bottle 750ml,750,24.67,Sour
Pinetta Vespaiolo Ale,9.25,Netherlands,3.7,Oedipus Brewing,3.9,IPA - Session,Bottle 375ml,375,24.67,IPA
Cantaloupe express,18.5,Belgium,3.59,Brouwerij Alvinne/ MadX,6.9,Farmhouse Ale - Other,Bottle 750ml,750,24.67,Farmhouse Ale
Brauerei Kemker Frojaor,18.5,Germany,3.86,Kemker Kultuur (Brauerei J. Kemker),6.0,Historical Beer - Gruit / Ancient Herbed Ale,Bottle 750ml,750,24.67,Historical Beer
Sour Ale Strong – Wild Ale,9.25,Portugal,4.04,Wildery Brutal Blends,7.0,Wild Ale - Other,Bottle 375ml,375,24.67,Wild Ale
Alsacien - Quetsche (Oogst 2023),18.5,Belgium,3.94,Het Boerenerf Eylenbosch,6.0,Lambic - Fruit,Bottle 750ml,750,24.67,Lambic
Gewurztraminer,18.5,Belgium,4.04,Het Boerenerf Eylenbosch,8.76,Lambic - Fruit,Bottle 750ml,750,24.67,Lambic
Stakk,18.5,Norway,4.22,Lindheim Ølkompani,6.0,Sour - Fruited,Bottle 750ml,750,24.67,Sour
Riesling,18.5,Belgium,3.95,Het Boerenerf Eylenbosch,8.06,Lambic - Fruit,Bottle 750ml,750,24.67,Lambic
Van Sas Queen Barrel Aged,8.15,Netherlands,3.88,Familiebrouwerij Van Sas,10.1,Belgian Quadrupel,330ml,330,24.7,Belgian Quadrupel
IMPERIAL STOUT – Barrel Aged Blend #2,8.15,France,4.2,Popihn,12.0,Stout - Imperial / Double,330ml,330,24.7,Stout
Amorena edition 2024,8.15,France,4.06,La Débauche,14.0,Stout - Imperial / Double,330ml,330,24.7,Stout
Mash Test Yummies BA 2023,8.15,Denmark,4.22,To Øl,11.8,Stout - Imperial / Double Pastry,330ml,330,24.7,Stout
BARLEY W. – Whisky Tourbé BA 16 Mois,8.15,France,3.85,Popihn,10.0,Barleywine - Other,330ml,330,24.7,Barleywine
Rum Belize & Panama BA 18 months,8.15,France,4.16,Popihn,12.0,Stout - Imperial / Double,330ml,330,24.7,Stout
Otto's Jacket,11.69,United States,3.99,Cellarmaker Brewing Company,7.0,IPA - American,473ml,473,24.71,IPA
Morticia,11.69,United States,4.01,Barrier Brewing Company,10.1,Stout - Russian Imperial,473ml,473,24.71,Stout
DOK Blik Op Oneindig White Port BA,18.54,Belgium,3.87,Dok Brewing Company,16.0,Barleywine - English,Bottle 750ml,750,24.72,Barleywine
Horal Oude Geuze Mega Blend 2022,18.55,Belgium,3.94,Brouwerij Boon,7.0,Lambic - Gueuze,Bottle 750ml,750,24.73,Lambic
Aoltbeer 08-2021 Silvaner – Barrel Aged Sour Ale,18.55,Germany,4.06,Kemker Kultuur (Brauerei J. Kemker),7.0,Sour - Fruited,Bottle 750ml,750,24.73,Sour
Love Machine DIPA,11.7,Canada,4.06,Willibald Farm Brewery,8.2,IPA - Imperial / Double New England / Hazy,473ml,473,24.74,IPA
Stacks On Stacks DIPA,11.7,United States,4.31,Other Half Brewing Co.,8.5,IPA - Imperial / Double New England / Hazy,473ml,473,24.74,IPA
Jumpman Jumpman Jumpman,11.7,United States,4.1,Mikerphone Brewing,9.5,IPA - Triple,473ml,473,24.74,IPA
Barracuda,11.7,Canada,4.3,Brasserie du Bas-Canada,8.0,IPA - Imperial / Double,473ml,473,24.74,IPA
Mega Fruit CHP Cherry Pear,11.7,United States,4.21,Juicy Brewing Co,6.0,Sour - Smoothie / Pastry,473ml,473,24.74,Sour
SLUSHY XL Ninja Mantis,11.7,United States,3.84,450 North Brewing Company,5.3,Sour - Fruited,473ml,473,24.74,Sour
Amulet Sour IPA,11.7,United States,4.27,Hudson Valley Brewery,7.0,IPA - Sour,473ml,473,24.74,IPA
Mylar Dust DIPA,11.7,United States,4.27,Other Half Brewing Co.,8.5,IPA - Imperial / Double New England / Hazy,473ml,473,24.74,IPA
SLUSHY XL Electric Squirrel,11.7,United States,3.62,450 North Brewing Company,5.3,Sour - Smoothie / Pastry,473ml,473,24.74,Sour
Oppaque Motueka Nelson,11.7,United States,4.1,Juicy Brewing Co,8.0,IPA - Imperial / Double New England / Hazy,473ml,473,24.74,IPA
Barley Wine + RIS Bourbon BA Blend,8.17,France,4.12,Popihn,12.5,Strong Ale - Other,330ml,330,24.76,Strong Ale
Imperial Stout - Ex Erable BA 16,8.17,France,4.1,Popihn,12.0,Stout - Imperial / Double,330ml,330,24.76,Stout
Imperial Stout Whisky Irlandais BA 12,8.17,France,3.99,Popihn,12.0,Stout - Imperial / Double,330ml,330,24.76,Stout
Track / Range Brewing - Solara,10.9,England,4.36,Track Brewing Company,8.4,IPA - Imperial / Double,Can 440ml,440,24.77,IPA
Hawaiian King,9.29,United States,4.07,Foley Brothers Brewing,9.5,Stout - Imperial / Double,Bottle 375ml,375,24.77,Stout
Do We Live In A Society of Spectacle? - Citra,10.9,Sweden,4.17,Omnipollo,8.0,IPA - Imperial / Double New England / Hazy,Can 440ml,440,24.77,IPA
What Are Dreams Made Of?  DIPA,10.9,England,4.17,Verdant Brewing Co,8.4,IPA - Imperial / Double New England / Hazy,Can 440ml,440,24.77,IPA
Spritzy Blood Orange,9.29,United States,3.67,Tree House Brewing Company,3.1,Shandy / Radler,Bottle 375ml,375,24.77,Shandy / Radler
Spritzy Lemon,9.29,United States,3.68,Tree House Brewing Company,3.1,Shandy / Radler,Bottle 375ml,375,24.77,Shandy / Radler
Bistro Triple Berry Parfait,10.9,United States,4.26,Energy City Brewing,6.5,Sour - Fruited Berliner Weisse,Can 440ml,440,24.77,Sour
Retro Series: Soft DK,11.72,United States,3.95,Evil Twin Brewing,10.4,Stout - Imperial / Double,473ml,473,24.78,Stout
Pe-Kan,8.8,United States,4.02,Prairie Artisan Ales,11.5,Stout - Imperial / Double,355ml,355,24.79,Stout
Cleveland Cowboy,8.8,United States,3.86,Prairie Artisan Ales,7.9,Sour - Smoothie / Pastry,355ml,355,24.79,Sour
Oude Geuze Golden Blend (season 20|21) Blend No. 33 - 75cl,18.6,Belgium,4.32,Brouwerij 3 Fonteinen,7.2,Lambic - Gueuze,Bottle 750ml,750,24.8,Lambic
Gouden Carolus Cuvée van de Keizer Imperial Dark,18.6,Belgium,4.05,Brouwerij Het Anker,12.0,Belgian Strong Dark Ale,Bottle 750ml,750,24.8,Belgian Strong Dark Ale
Gueuzerie Tilquin -  Oude Gueuze Tilquin à l'ancienne,18.6,Belgium,4.0,Gueuzerie Tilquin,7.0,Lambic - Gueuze,Bottle 750ml,750,24.8,Lambic
"Golden Blend (season 21|22) Blend No. 55 - 37,5cl",9.3,Belgium,4.31,Brouwerij 3 Fonteinen,7.6,Lambic - Gueuze,Bottle 375ml,375,24.8,Lambic
Europa Wild Ale,9.3,Denmark,3.89,Observatoriet,5.3,Wild Ale - Other,Bottle 375ml,375,24.8,Wild Ale
Saison Anniversaire 2023,18.6,England,4.0,Burning Sky Brewery,6.5,Farmhouse Ale - Saison,Bottle 750ml,750,24.8,Farmhouse Ale
Glögglich,9.3,Denmark,3.69,To Øl,13.4,Red Ale - Imperial / Double,Bottle 375ml,375,24.8,Red Ale
Guava Gose Smack,8.81,United States,3.83,Noon Whistle Brewing,4.0,Sour - Fruited Gose,355ml,355,24.82,Sour
Dune,8.19,United States,4.06,Great Notion Brewing,7.2,IPA - New England / Hazy,330ml,330,24.82,IPA
Boon / Mikkeller Frederiksdal Oude Kriek Foeder Finish,9.31,Belgium,3.89,Brouwerij Boon,6.5,Lambic - Kriek,Bottle 375ml,375,24.83,Lambic
Vandange Rouge,18.62,Switzerland,4.09,À tue-tête,8.8,Sour - Fruited,Bottle 750ml,750,24.83,Sour
Boon / Mikkeller Frederiksdal Oude Kriek Barrel Finish,9.31,Belgium,3.76,Brouwerij Boon,6.5,Lambic - Kriek,Bottle 375ml,375,24.83,Lambic
Bloodless VII,11.75,United States,4.23,The Veil Brewing Co.,12.5,IPA - Quadruple,473ml,473,24.84,IPA
Turing Machine,11.75,United States,4.24,Spyglass Brewing Company,10.0,IPA - Triple New England / Hazy,473ml,473,24.84,IPA
JAF - NCCL Coconut Lime,11.75,United States,3.89,Juicy Brewing Co,6.0,IPA - Sour,473ml,473,24.84,IPA
Constellation,11.75,Canada,4.3,Brasserie du Bas-Canada,8.2,IPA - Imperial / Double,473ml,473,24.84,IPA
Triple Blood Dimmed Tide 2024,11.75,Canada,4.25,Third Moon Brewing Company,10.5,IPA - Triple New England / Hazy,473ml,473,24.84,IPA
Robert the Great,8.2,Belgium,3.95,De Struise Brouwers,10.5,Stout - Russian Imperial,330ml,330,24.85,Stout
Chardonnay – Nettle & Dandelion,8.2,England,3.82,Buxton Brewery,6.5,Farmhouse Ale - Saison,330ml,330,24.85,Farmhouse Ale
Abyss of Darkness Tomintoul Whisky BA,8.2,Belgium,4.08,Galea Craft Beers,12.5,Stout - Imperial / Double Pastry,330ml,330,24.85,Stout
Hive,8.2,Poland,4.04,PINTA Barrel Brewing,13.0,Mead - Braggot,330ml,330,24.85,Mead
De Koninck Oude Kriek,9.2,Belgium,3.74,Brouwerij Boon,5.2,Lambic - Kriek,Bottle 370ml,370,24.86,Lambic
Bereta / Pulfer Venom,8.21,Romania,4.13,Bereta Brewing Co.,10.0,Stout - Imperial / Double Pastry,330ml,330,24.88,Stout
Bereta / Nerdbrewing Trinary,8.21,Romania,4.12,Bereta Brewing Co.,10.6,Stout - Imperial / Double Pastry,330ml,330,24.88,Stout
Hot Tequila Time – Barrel Aged Imperial Stout,10.95,Finland,3.86,Salama Brewing Company,12.0,Stout - Imperial / Double,Can 440ml,440,24.89,Stout
Woest,9.35,Netherlands,3.6,Nevel Wild Ales,10.2,Barleywine - Other,Bottle 375ml,375,24.93,Barleywine
Vandenbroek: Fruity Watergeus 2021,9.35,Netherlands,4.09,Vandenbroek,6.0,Lambic - Fruit,Bottle 375ml,375,24.93,Lambic
Temporalis #0022,11.79,Canada,4.32,Messorem,10.3,IPA - Triple New England / Hazy,473ml,473,24.93,IPA
Pongelo,18.7,United States,3.82,Sour Cellars,6.4,Sour - Other,Bottle 750ml,750,24.93,Sour
Dieu du Ciel Aphrodite,8.5,Canada,3.96,Brasserie Dieu du Ciel!,6.5,Stout - American,Bottle 341ml,341,24.93,Stout
Search and Destroy (Destroyer),11.8,United States,3.94,Burley Oak Brewing Company,7.4,IPA - New England / Hazy,Can 473ml,473,24.95,IPA
DDH The All Seeing Eye DIPA,11.8,United States,4.34,Long Live Beerworks,8.4,IPA - Imperial / Double New England / Hazy,473ml,473,24.95,IPA
Pevec Saison,11.8,United States,3.77,3 Sons Brewing Co.,6.5,Farmhouse Ale - Saison,Can 473ml,473,24.95,Farmhouse Ale
Sour Scoop,11.8,United States,3.83,3 Sons Brewing Co.,8.0,Sour - Smoothie / Pastry,Can 473ml,473,24.95,Sour
Barn Science DIPA x Tin Barn Brewing,11.8,United States,4.04,Equilibrium Brewery,8.5,IPA - Imperial / Double,473ml,473,24.95,IPA
Moored Dirigible,11.8,United States,4.11,Hop Butcher For The World,6.5,IPA - New England / Hazy,Can 473ml,473,24.95,IPA
Prune,18.72,Switzerland,4.0,À tue-tête,5.6,Sour - Fruited,Bottle 750ml,750,24.96,Sour
Double Stack,10.99,United States,4.35,Great Notion Brewing,11.0,Stout - Imperial / Double Coffee,Can 440ml,440,24.98,Stout
Pinta Barrel Brewing Insights (2023),10.99,Poland,4.06,PINTA Barrel Brewing,12.0,Barleywine - Other,Can 440ml,440,24.98,Barleywine
Sticky Little Fingers,10.99,Norway,4.13,Amundsen Brewery,13.5,Stout - Imperial / Double Pastry,Can 440ml,440,24.98,Stout
Tartarus The Mackenzie Poltergeist,10.99,England,4.29,Tartarus Beers,14.1,Stout - Imperial / Double Pastry,Can 440ml,440,24.98,Stout
10yrs x Green Cheek,10.99,England,4.25,Verdant Brewing Co,8.4,IPA - Imperial / Double New England / Hazy,Can 440ml,440,24.98,IPA
Tilquin Gueuze 2019-2020,9.37,Belgium,4.08,Gueuzerie Tilquin,7.0,Lambic - Gueuze,Bottle 375ml,375,24.99,Lambic
Cidre 2021,18.74,Switzerland,3.42,Chien Bleu,6.3,Cider - Sweet,Bottle 750ml,750,24.99,Cider
Smokestack Series: Saison-Brett 2016,18.74,United States,3.76,Boulevard Brewing Co.,8.5,Farmhouse Ale - Saison,Bottle 750ml,750,24.99,Farmhouse Ale
