Beer_name,Price_euro,Origin,Rating,Brewery_df1,Percentage,Beer_type,Countenance,Countenance_per_litre,Volume_ml,Price_per_litter,beer_id,brewery_id,Brewery_df2,style,nbr_ratings,overall_score,style_score,avg,abv,avg_computed,zscore,nbr_matched_valid_ratings,avg_matched_valid_ratings
Störtebeker Hanse-Porter,2.19,Germany,3.11,Störtebeker Braumanufaktur,4.0,Porter - Other,500ml,"€ 4,38 per litre",500,4.38,56569,951,Störtebeker Braumanufaktur,Porter,258,9.0,1.0,2.45,4.0,2.436821705426357,-1.69327603244733,258,2.436821705426357
Schönramer Hell,2.75,Germany,3.58,Private Landbrauerei Schönram,5.0,Lager - Helles,500ml,"€ 5,50 per litre",500,5.5,17985,2818,Private Landbrauerei Schönram,Dortmunder/Helles,94,31.0,72.0,2.94,5.0,2.96063829787234,-0.7558537661732613,94,2.96063829787234
Störtebeker Bernstein-Weizen,2.85,Germany,3.43,Störtebeker Braumanufaktur,5.3,Wheat Beer - Hefeweizen,500ml,"€ 5,70 per litre",500,5.7,39881,951,Störtebeker Braumanufaktur,German Hefeweizen,359,45.0,75.0,3.13,5.3,3.136768802228412,,0,
Gaffel Kölsch,2.95,Germany,3.35,Privatbrauerei Gaffel Becker,4.8,Kölsch,500ml,"€ 5,90 per litre",500,5.9,1692,301,Privatbrauerei Gaffel Becker & Co.,Kölsch,1019,30.0,44.0,2.93,4.8,2.9378802747791952,-0.7203363195521605,1019,2.9378802747791952
Jandrain-Jandrenouille IV Saison,2.25,Belgium,3.64,Brasserie de Jandrain-Jandrenouille,6.5,Farmhouse Ale - Saison,Bottle 330ml,"€ 6,82 per litre",330,6.8181818181818175,79849,9051,Brasserie de Jandrain-Jandrenouille,Saison,502,95.0,93.0,3.66,6.5,3.6703187250996017,,0,
Jandrain-Jandrenouille V Cense,2.25,Belgium,3.53,Brasserie de Jandrain-Jandrenouille,7.0,Farmhouse Ale - Saison,330ml,"€ 6,82 per litre",330,6.8181818181818175,99366,9051,Brasserie de Jandrain-Jandrenouille,Belgian Ale,309,87.0,95.0,3.49,7.0,3.5009708737864083,0.2105047948656891,309,3.5009708737864083
Schönramer Hell,2.29,Germany,3.58,Private Landbrauerei Schönram,5.0,Lager - Helles,500ml,"€ 4,58 per litre",500,4.58,17985,2818,Private Landbrauerei Schönram,Dortmunder/Helles,94,31.0,72.0,2.94,5.0,2.96063829787234,-0.7558537661732613,94,2.96063829787234
Verzet Oud Bruin,3.12,Belgium,3.59,Brouwerij 't Verzet,6.0,Sour - Flanders Oud Bruin,330ml,"€ 9,45 per litre",330,9.454545454545457,182802,12773,Brouwerij t Verzet,Sour Red/Brown,315,94.0,69.0,3.62,6.0,3.6288888888888886,,0,
Val-Dieu Bière de Noël,6.95,Belgium,3.55,Brasserie de l'Abbaye du Val-Dieu,7.0,Winter Warmer,Bottle 750ml,"€ 9,27 per litre",750,9.266666666666667,12172,1496,Brasserie de lAbbaye du Val-Dieu,Belgian Ale,348,79.0,91.0,3.41,7.0,3.410344827586207,,0,
Val-Dieu Bière de Noël,2.95,Belgium,3.55,Brasserie de l'Abbaye du Val-Dieu,7.0,Winter Warmer,330ml,"€ 8,94 per litre",330,8.93939393939394,12172,1496,Brasserie de lAbbaye du Val-Dieu,Belgian Ale,348,79.0,91.0,3.41,7.0,3.410344827586207,,0,
Troubadour Westkust,2.7,Belgium,3.56,Brouwerij The Musketeers,8.6,IPA - Imperial / Double Black,Bottle 500ml,"€ 12,40 per litre",500,5.4,172328,11515,Brouwerij The Musketeers,Black IPA,538,97.0,95.0,3.71,9.2,3.718401486988848,,0,
Troubadour Magma,2.95,Belgium,3.68,Brouwerij The Musketeers,9.0,IPA - Belgian,330ml,"€ 8,94 per litre",330,8.93939393939394,119255,11515,Brouwerij The Musketeers,Imperial IPA,886,96.0,84.0,3.69,9.0,3.6992099322799104,,0,
Orval,3.5,Belgium,3.68,Brasserie d'Orval,6.2,Pale Ale - Belgian,330ml,"€ 11,97 per litre",330,10.606060606060606,835,132,Brasserie dOrval,Belgian Ale,4486,99.0,100.0,3.91,6.2,3.92753009362461,,0,
Schönramer Bayrisch Pale Ale,3.4,Germany,3.49,Private Landbrauerei Schönram,5.5,Pale Ale - American,330ml,"€ 10,30 per litre",330,10.303030303030305,170706,2818,Private Landbrauerei Schönram,American Pale Ale,134,53.0,47.0,3.23,5.5,3.232089552238806,-0.3502730665849538,134,3.232089552238806
Tegernseer Dunkel Export,4.6,Germany,3.54,Herzoglich Bayerisches Brauhaus Tegernsee,5.0,Lager - Munich Dunkel,500ml,"€ 9,20 per litre",500,9.2,16952,2843,Herzoglich Bayerisches Brauhaus Tegernsee,Dunkel/Tmavý,87,41.0,69.0,3.07,5.0,3.0758620689655176,,0,
Moinette Brune,3.4,Belgium,3.54,Brasserie Dupont,8.5,Belgian Strong Dark Ale,330ml,"€ 10,30 per litre",330,10.303030303030305,6161,808,Brasserie Dupont,Abbey Dubbel,724,91.0,97.0,3.56,8.5,3.564502762430939,,0,
Andechser Spezial Hell,2.29,Germany,3.52,Klosterbrauerei Andechs,5.9,Festbier,500ml,"€ 4,58 per litre",500,4.58,6280,190,Klosterbrauerei Andechs,Dortmunder/Helles,389,48.0,95.0,3.17,5.9,3.1804627249357327,,0,
Weihenstephaner Pils,2.45,Germany,3.57,Bayerische Staatsbrauerei Weihenstephan,5.1,Pilsner - German,500ml,"€ 4,90 per litre",500,4.9,30527,282,Bayerische Staatsbrauerei Weihenstephan,Pilsener,454,45.0,86.0,3.13,5.1,3.1306167400881058,,0,
Długi Weekend,2.3,Poland,3.33,Browar Za Miastem,5.0,Pilsner - German,Bottle 500ml,"€ 4,60 per litre",500,4.6,533966,30982,Browar Za Miastem,Pilsener,1,,,,5.0,3.9,,0,
Moinette Brune,2.7,Belgium,3.54,Brasserie Dupont,8.5,Belgian Strong Dark Ale,330ml,"€ 8,18 per litre",330,8.181818181818182,6161,808,Brasserie Dupont,Abbey Dubbel,724,91.0,97.0,3.56,8.5,3.564502762430939,,0,
Orval,2.95,Belgium,3.68,Brasserie d'Orval,6.2,Pale Ale - Belgian,330ml,"€ 8,94 per litre",330,8.93939393939394,835,132,Brasserie dOrval,Belgian Ale,4486,99.0,100.0,3.91,6.2,3.92753009362461,,0,
Störtebeker Roggen-Weizen,2.19,Germany,3.45,Störtebeker Braumanufaktur,5.4,Roggenbier,500ml,"€ 4,38 per litre",500,4.38,77357,951,Störtebeker Braumanufaktur,Specialty Grain,283,56.0,67.0,3.25,5.4,3.2583038869257948,,0,
Rogue Dead Guy Ale,4.9,United States,3.71,Rogue Ales,6.8,Bock - Hell / Maibock / Lentebock,473ml,"€ 19,66 per litre",473,10.35940803382664,589,96,Rogue Ales,Heller Bock,3837,87.0,99.0,3.5,6.5,3.5126922074537403,,0,
Schönramer Hell,4.15,Germany,3.58,Private Landbrauerei Schönram,5.0,Lager - Helles,500ml,"€ 8,30 per litre",500,8.3,17985,2818,Private Landbrauerei Schönram,Dortmunder/Helles,94,31.0,72.0,2.94,5.0,2.96063829787234,-0.7558537661732613,94,2.96063829787234
Schönramer Pils,4.15,Germany,?,Private Landbrauerei Schönram,5.0,Pilsner - German,500ml,"€ 8,30 per litre",500,8.3,16333,2818,Private Landbrauerei Schönram,Pilsener,205,48.0,90.0,3.18,5.0,3.1951219512195124,,0,
Bottle Logic Ocularity,9.5,United States,3.91,Bottle Logic Brewing,8.5,IPA - Imperial / Double,473ml,"€ 20,08 per litre",473,20.084566596194502,330750,18747,Bottle Logic Brewing,Imperial IPA,23,73.0,29.0,3.35,9.5,3.4173913043478263,,0,
Schönramer Pils,2.39,Germany,3.48,Private Landbrauerei Schönram,5.0,Pilsner - German,500ml,"€ 4,78 per litre",500,4.78,16333,2818,Private Landbrauerei Schönram,Pilsener,205,48.0,90.0,3.18,5.0,3.1951219512195124,,0,
Rothaus Hefeweizen,2.8,Germany,3.59,Badische Staatsbrauerei Rothaus,5.4,Wheat Beer - Hefeweizen,500ml,"€ 5,60 per litre",500,5.6,9284,1602,Badische Staatsbrauerei Rothaus,German Hefeweizen,272,63.0,94.0,3.29,5.4,3.2875,-0.1416483837694606,271,3.2863468634686352
Moinette Biologique,6.95,Belgium,3.61,Brasserie Dupont,7.5,Farmhouse Ale - Saison,Bottle 750ml,"€ 9,27 per litre",750,9.266666666666667,4680,808,Brasserie Dupont,Belgian Strong Ale,996,96.0,96.0,3.71,7.5,3.710140562248996,,0,
Ename Tripel,2.55,Belgium,3.55,Brouwerij Roman,8.5,Belgian Tripel,330ml,"€ 7,73 per litre",330,7.727272727272727,6400,953,Brouwerij Roman,Abbey Tripel,421,50.0,44.0,3.21,8.5,3.211401425178148,,0,
Witkap Pater Tripel,2.55,Belgium,3.48,Brouwerij Slaghmuylder,7.5,Belgian Tripel,330ml,"€ 7,73 per litre",330,7.727272727272727,5397,797,Brouwerij Slaghmuylder,Abbey Tripel,429,79.0,80.0,3.41,7.5,3.4114219114219115,0.1067773129121793,429,3.4114219114219115
Becher Bock,2.2,Germany,3.61,Becher Bräu,7.5,Bock - Single / Traditional,500ml,"€ 4,40 per litre",500,4.4,68264,5494,Becher-Bräu,Heller Bock,11,41.0,51.0,3.07,7.5,3.1090909090909093,,0,
Moeder Overste,2.85,Belgium,3.48,Brasserie Lefebvre,8.0,Belgian Tripel,330ml,"€ 8,64 per litre",330,8.636363636363637,6957,104,Brasserie Lefebvre,Abbey Tripel,305,68.0,62.0,3.33,8.0,3.335409836065573,,0,
Weltenburger Kloster Barock Dunkel,2.49,Germany,3.52,Klosterbrauerei Weltenburg,4.7,Lager - Munich Dunkel,500ml,"€ 4,98 per litre",500,4.98,4024,689,Klosterbrauerei Weltenburg,Dunkel/Tmavý,747,84.0,99.0,3.46,4.7,3.470548862115128,0.1882166918383038,747,3.470548862115128
Schönramer Bayrisch Pale Ale,2.89,Germany,3.49,Private Landbrauerei Schönram,5.5,Pale Ale - American,330ml,"€ 8,76 per litre",330,8.757575757575758,170706,2818,Private Landbrauerei Schönram,American Pale Ale,134,53.0,47.0,3.23,5.5,3.232089552238806,-0.3502730665849538,134,3.232089552238806
Schönramer Pils,2.39,Germany,3.48,Private Landbrauerei Schönram,5.0,Pilsner - German,330ml,"€ 7,24 per litre",330,7.242424242424242,16333,2818,Private Landbrauerei Schönram,Pilsener,205,48.0,90.0,3.18,5.0,3.1951219512195124,,0,
Weihenstephaner Hefeweissbier Dunkel,2.45,Germany,3.76,Bayerische Staatsbrauerei Weihenstephan,5.3,Wheat Beer - Dunkelweizen,500ml,"€ 4,90 per litre",500,4.9,4583,282,Bayerische Staatsbrauerei Weihenstephan,Dunkelweizen,1733,93.0,99.0,3.59,5.3,3.59728793998846,,0,
Veldensteiner Zwickl,1.6,Germany,3.33,Kaiser Bräu,5.4,Kellerbier / Zwickelbier,500ml,"€ 3,20 per litre",500,3.2,38448,2545,Kaiser Bräu,Zwickel/Keller/Landbier,189,40.0,61.0,3.05,5.4,3.052910052910053,,0,
Duvel Tripel Hop Citra,3.0,Belgium,3.68,Duvel Moortgat,9.5,IPA - Belgian,330ml,"€ 9,09 per litre",330,9.09090909090909,496011,247,Duvel Moortgat,Belgian Strong Ale,473,98.0,98.0,3.76,9.5,3.7824524312896406,,0,
Val-Dieu Blonde,2.2,Belgium,3.45,Brasserie de l'Abbaye du Val-Dieu,6.0,Belgian Blonde,330ml,"€ 6,67 per litre",330,6.666666666666667,24198,1496,Brasserie de lAbbaye du Val-Dieu,Belgian Ale,480,50.0,67.0,3.22,6.0,3.226458333333333,,0,
Orval,4.8,Belgium,3.68,Brasserie d'Orval,6.2,Pale Ale - Belgian,Bottle 330ml,"€ 14,55 per litre",330,14.545454545454543,835,132,Brasserie dOrval,Belgian Ale,4486,99.0,100.0,3.91,6.2,3.92753009362461,,0,
Orval,3.9,Belgium,3.68,Brasserie d'Orval,6.2,Pale Ale - Belgian,330ml,"€ 11,82 per litre",330,11.818181818181817,835,132,Brasserie dOrval,Belgian Ale,4486,99.0,100.0,3.91,6.2,3.92753009362461,,0,
Saison Dupont Biologique,3.5,Belgium,3.42,Brasserie Dupont,5.5,Farmhouse Ale - Saison,330ml,"€ 10,61 per litre",330,10.606060606060606,4679,808,Brasserie Dupont,Saison,585,88.0,79.0,3.5,5.5,3.5092307692307694,,0,
Störtebeker Nordik Porter,2.89,Germany,3.56,Störtebeker Braumanufaktur,9.1,Bock - Eisbock,500ml,"€ 5,78 per litre",500,5.78,462577,951,Störtebeker Braumanufaktur,Eisbock,24,94.0,88.0,3.64,9.1,3.75,0.4643586001615565,24,3.75
Nittenauer Pilsner,2.29,Germany,3.36,Brauhaus Nittenau,4.9,Pilsner - German,500ml,"€ 4,58 per litre",500,4.58,387698,8757,Brauhaus Nittenau,Pilsener,1,,,2.98,4.9,3.2,,0,
Sloeber,2.35,Belgium,3.41,Brouwerij Roman,7.5,Belgian Strong Golden Ale,330ml,"€ 7,12 per litre",330,7.121212121212121,6401,953,Brouwerij Roman,Belgian Strong Ale,368,44.0,27.0,3.11,7.5,3.107880434782609,,0,
Schimpf Bockbier,2.49,Germany,3.36,Kronenbrauerei Schimpf,7.2,Bock - Hell / Maibock / Lentebock,330ml,"€ 7,55 per litre",330,7.545454545454546,114729,4991,Kronenbrauerei Schimpf,Heller Bock,15,44.0,60.0,3.1,7.2,3.140000000000001,,0,
Schimpf Weihnachtsbier,2.39,Germany,3.32,Kronenbrauerei Schimpf,5.2,Lager - Winter,500ml,"€ 4,78 per litre",500,4.78,114114,4991,Kronenbrauerei Schimpf,Oktoberfest/Märzen,8,,,3.05,5.2,3.1125,,0,
Weihenstephaner Vitus,2.95,Germany,3.84,Bayerische Staatsbrauerei Weihenstephan,7.7,Bock - Weizenbock,500ml,"€ 5,90 per litre",500,5.9,70791,282,Bayerische Staatsbrauerei Weihenstephan,Weizen Bock,1872,98.0,99.0,3.76,7.7,3.7773504273504273,0.6962262600276231,1872,3.7773504273504273
Vedett Extra Ordinary IPA,2.55,Belgium,3.49,Duvel Moortgat,5.5,IPA - Belgian,330ml,"€ 7,73 per litre",330,7.727272727272727,253212,247,Duvel Moortgat,India Pale Ale (IPA),420,59.0,39.0,3.27,5.5,3.2721428571428577,,0,
Val-Dieu Grand Cru,3.95,Belgium,3.78,Brasserie de l'Abbaye du Val-Dieu,10.5,Belgian Quadrupel,330ml,"€ 11,97 per litre",330,11.969696969696969,59715,1496,Brasserie de lAbbaye du Val-Dieu,Belgian Strong Ale,618,97.0,97.0,3.75,10.5,3.767313915857605,0.6824188236774594,618,3.767313915857605
Val-Dieu Triple,3.95,Belgium,3.67,Brasserie de l'Abbaye du Val-Dieu,9.0,Belgian Tripel,330ml,"€ 11,97 per litre",330,11.969696969696969,8761,1496,Brasserie de lAbbaye du Val-Dieu,Abbey Tripel,735,90.0,93.0,3.53,9.0,3.542312925170068,0.3100455701879758,735,3.542312925170068
Val-Dieu Brune,3.5,Belgium,3.50,Brasserie de l'Abbaye du Val-Dieu,8.0,Belgian Dubbel,330ml,"€ 10,61 per litre",330,10.606060606060606,8762,1496,Brasserie de lAbbaye du Val-Dieu,Abbey Dubbel,598,86.0,94.0,3.48,8.0,3.4859531772575267,0.2220401921067151,598,3.4859531772575267
Zötler Gold,2.29,Germany,3.31,Privat-Brauerei Zötler,5.3,Lager - Dortmunder / Export,500ml,"€ 4,58 per litre",500,4.58,63380,2725,Privat-Brauerei Zötler,Dortmunder/Helles,75,20.0,39.0,2.76,5.1,2.748,,0,
Zötler Pils,2.29,Germany,3.31,Privat-Brauerei Zötler,4.9,Pilsner - German,500ml,"€ 4,58 per litre",500,4.58,58476,2725,Privat-Brauerei Zötler,Pilsener,44,26.0,50.0,2.87,4.7,2.863636363636364,-0.8482281174610126,44,2.863636363636364
Zötler Gold Alkoholfrei,2.29,Germany,2.93,Privat-Brauerei Zötler,0.2,Non-Alcoholic - Lager,500ml,"€ 4,58 per litre",500,4.58,343562,2725,Privat-Brauerei Zötler,Low Alcohol,9,,,2.09,0.2,1.7444444444444445,,0,
Abbaye des Rocs Brune,3.03,Belgium,3.64,Brasserie de l'Abbaye des Rocs,9.0,Belgian Strong Dark Ale,330ml,"€ 9,18 per litre",330,9.181818181818182,832,131,Brasserie de lAbbaye des Rocs,Belgian Strong Ale,1564,100.0,100.0,4.03,9.0,4.037020460358057,,0,
Val-Dieu Grand Cru,6.95,Belgium,3.78,Brasserie de l'Abbaye du Val-Dieu,10.5,Belgian Quadrupel,Bottle 750ml,"€ 9,27 per litre",750,9.266666666666667,59715,1496,Brasserie de lAbbaye du Val-Dieu,Belgian Strong Ale,618,97.0,97.0,3.75,10.5,3.767313915857605,0.6824188236774594,618,3.767313915857605
Budels Herfstbock,2.4,Netherlands,3.30,Budelse Brouwerij,6.5,Bock - Single / Traditional,330ml,"€ 7,27 per litre",330,7.272727272727272,12483,1684,Budelse Brouwerij,Dunkler Bock,106,44.0,61.0,3.11,6.5,3.1150943396226416,,0,
Tegernseer Pils,2.39,Germany,3.41,Herzoglich Bayerisches Brauhaus Tegernsee,5.0,Pilsner - German,330ml,"€ 7,24 per litre",330,7.242424242424242,86452,2843,Herzoglich Bayerisches Brauhaus Tegernsee,Pilsener,47,35.0,70.0,2.99,5.0,3.0042553191489367,-0.6467077552848856,47,3.0042553191489367
Orval,3.1,Belgium,3.68,Brasserie d'Orval,6.2,Pale Ale - Belgian,330ml,"€ 9,39 per litre",330,9.393939393939394,835,132,Brasserie dOrval,Belgian Ale,4486,99.0,100.0,3.91,6.2,3.92753009362461,,0,
Ename Pater,1.95,Belgium,3.45,Brouwerij Roman,5.5,Belgian Enkel / Patersbier,330ml,"€ 5,91 per litre",330,5.909090909090908,322880,953,Brouwerij Roman,Belgian Ale,49,62.0,81.0,3.29,5.5,3.318367346938776,,0,
Texels Bock,8.95,Netherlands,3.48,Texelse Bierbrouwerij,7.0,Bock - Single / Traditional,Bottle 750ml,"€ 11,93 per litre",750,11.933333333333332,17378,1995,Texelse Bierbrouwerij,Dunkler Bock,168,71.0,94.0,3.35,7.0,3.361904761904761,,0,
Weihenstephaner Korbinian,2.95,Germany,3.78,Bayerische Staatsbrauerei Weihenstephan,7.4,Bock - Doppelbock,500ml,"€ 5,90 per litre",500,5.9,7823,282,Bayerische Staatsbrauerei Weihenstephan,Doppelbock,1709,98.0,99.0,3.77,7.4,3.777296664716208,0.7044396684252344,1709,3.777296664716208
Tegernseer Hell,1.83,Germany,3.63,Herzoglich Bayerisches Brauhaus Tegernsee,4.8,Lager - Helles,500ml,"€ 3,66 per litre",500,3.66,17116,2843,Herzoglich Bayerisches Brauhaus Tegernsee,Dortmunder/Helles,277,35.0,80.0,2.99,4.8,3.0166064981949456,-0.6486090732774977,277,3.0166064981949456
Weißenoher Altfränkisch Klosterbier,1.5,Germany,3.43,Klosterbrauerei Weissenohe,5.1,Märzen,500ml,"€ 3,00 per litre",500,3.0,40459,3892,Klosterbrauerei Weißenohe,Oktoberfest/Märzen,145,49.0,89.0,3.2,5.1,3.211034482758621,,0,
Windhoek Lager,2.9,Namibia,3.04,Namibia Breweries,4.0,Lager - Pale,330ml,"€ 8,79 per litre",330,8.787878787878787,4622,793,Namibia Breweries,Pale Lager,442,5.0,52.0,2.15,4.0,2.181900452488688,,0,
Verzet Kameradski Balsamico,4.19,Belgium,3.63,Brouwerij 't Verzet,12.5,Stout - Russian Imperial,Bottle 330ml,"€ 12,70 per litre",330,12.696969696969695,472946,12773,Brouwerij t Verzet,Imperial Stout,36,99.0,84.0,3.83,13.5,3.9277777777777767,,0,
AleSmith IPA,10.2,United States,3.78,AleSmith Brewing Company,6.0,Pale Ale - American,473ml,"€ 21,56 per litre",473,21.56448202959831,14396,432,AleSmith Brewing Company,India Pale Ale (IPA),2366,100.0,100.0,4.08,7.25,4.084319526627219,,0,
Pinkus Hefe Weizen,2.75,Germany,3.42,Brauerei Pinkus Müller,5.0,Wheat Beer - Hefeweizen,500ml,"€ 5,50 per litre",500,5.5,4552,742,Brauerei Pinkus Müller,German Hefeweizen,600,28.0,36.0,2.9,5.0,2.9008333333333334,,0,
Nittenauer Festbier,2.19,Germany,3.42,Brauhaus Nittenau,5.7,Märzen,500ml,"€ 4,38 per litre",500,4.38,146875,8757,Brauhaus Nittenau,Oktoberfest/Märzen,12,31.0,44.0,2.93,5.7,2.933333333333333,,0,
Duvel,2.95,Belgium,3.72,Duvel Moortgat,8.5,Belgian Strong Golden Ale,330ml,"€ 8,94 per litre",330,8.93939393939394,1434,247,Duvel Moortgat,Belgian Strong Ale,4449,98.0,98.0,3.79,8.5,3.8105641717239824,,0,
Duvel Tripel Hop Citra,3.75,Belgium,3.68,Duvel Moortgat,9.5,IPA - Belgian,330ml,"€ 11,36 per litre",330,11.363636363636363,496011,247,Duvel Moortgat,Belgian Strong Ale,473,98.0,98.0,3.76,9.5,3.7824524312896406,,0,
Orval,3.59,Belgium,3.68,Brasserie d'Orval,6.2,Pale Ale - Belgian,330ml,"€ 10,88 per litre",330,10.878787878787875,835,132,Brasserie dOrval,Belgian Ale,4486,99.0,100.0,3.91,6.2,3.92753009362461,,0,
Gentse Strop,2.3,Belgium,3.46,Brouwerij Roman,6.9,Belgian Blonde,330ml,"€ 6,97 per litre",330,6.969696969696969,146019,953,Brouwerij Roman,Belgian Ale,220,52.0,70.0,3.23,6.9,3.24,,0,
Bayreuther Hefe-Weissbier,2.29,Germany,3.60,Bayreuther Bierbrauerei,5.3,Wheat Beer - Hefeweizen,500ml,"€ 4,58 per litre",500,4.58,213594,3742,Bayreuther Bierbrauerei,German Hefeweizen,58,50.0,88.0,3.21,5.2,3.2293103448275864,,0,
Bayreuther Hell,2.29,Germany,3.52,Bayreuther Bierbrauerei,4.9,Lager - Helles,500ml,"€ 4,58 per litre",500,4.58,24571,3742,Bayreuther Bierbrauerei,Dortmunder/Helles,165,22.0,46.0,2.82,4.9,2.8157575757575763,,0,
Bink Blond,2.35,Belgium,3.28,Brouwerij Kerkom,5.5,Belgian Blonde,330ml,"€ 7,12 per litre",330,7.121212121212121,10787,1810,Brouwerij Kerkom,Belgian Ale,362,65.0,83.0,3.31,5.5,3.3129834254143646,,0,
Orval,2.85,Belgium,3.68,Brasserie d'Orval,6.2,Pale Ale - Belgian,330ml,"€ 8,64 per litre",330,8.636363636363637,835,132,Brasserie dOrval,Belgian Ale,4486,99.0,100.0,3.91,6.2,3.92753009362461,,0,
Texels Skuumkoppe,1.9,Netherlands,3.62,Texelse Bierbrouwerij,6.0,Wheat Beer - Dunkelweizen,Bottle 300ml,"€ 6,33 per litre",300,6.333333333333333,23569,1995,Texelse Bierbrouwerij,Dunkelweizen,264,44.0,64.0,3.12,6.0,3.138636363636364,-0.4292250556278051,264,3.138636363636364
Verzet Golden Tricky,2.61,Belgium,3.47,Brouwerij 't Verzet,7.5,IPA - Belgian,Bottle 330ml,"€ 7,91 per litre",330,7.909090909090908,248776,12773,Brouwerij t Verzet,India Pale Ale (IPA),148,86.0,74.0,3.48,7.5,3.5,,0,
La Rulles Estivale,8.58,Belgium,3.52,Brasserie Artisanale de Rulles,5.2,Farmhouse Ale - Saison,Bottle 750ml,"€ 11,44 per litre",750,11.44,48719,1896,Brasserie Artisanale de Rulles,Belgian Ale,621,95.0,99.0,3.65,5.2,3.660869565217391,,0,
Bayreuther Hell,2.0,Germany,3.52,Bayreuther Bierbrauerei,4.9,Lager - Helles,500ml,"€ 4,00 per litre",500,4.0,24571,3742,Bayreuther Bierbrauerei,Dortmunder/Helles,165,22.0,46.0,2.82,4.9,2.8157575757575763,,0,
Störtebeker Roggen-Weizen,3.5,Germany,3.45,Störtebeker Braumanufaktur,5.4,Roggenbier,500ml,"€ 7,00 per litre",500,7.0,77357,951,Störtebeker Braumanufaktur,Specialty Grain,283,56.0,67.0,3.25,5.4,3.2583038869257948,,0,
Schneider Weisse Original,2.9,Germany,3.66,Schneider Weisse G. Schneider & Sohn,5.4,Wheat Beer - Hefeweizen,330ml,"€ 8,79 per litre",330,8.787878787878787,1762,313,Schneider Weisse G. Schneider & Sohn GmbH,German Hefeweizen,2172,92.0,100.0,3.58,5.4,3.58609576427256,,0,
Troubadour Blond,2.5,Belgium,3.48,Brouwerij The Musketeers,6.5,Belgian Blonde,330ml,"€ 7,58 per litre",330,7.575757575757575,7571,11515,Brouwerij The Musketeers,Belgian Ale,679,78.0,91.0,3.4,6.5,3.401325478645066,,0,
Pinta Modern Drinking,3.46,Poland,3.66,Browar PINTA,6.5,IPA - American,500ml,"€ 6,92 per litre",500,6.92,379286,12742,Browar PINTA,India Pale Ale (IPA),352,97.0,97.0,3.72,6.4,3.7474431818181815,,0,
Pinta Pierwsza Pomoc,2.89,Poland,3.24,Browar PINTA,4.3,Pilsner - Other,500ml,"€ 5,78 per litre",500,5.78,147325,12742,Browar PINTA,Czech Pilsner (Světlý),244,45.0,82.0,3.14,4.1,3.1274590163934426,,0,
Westmalle Dubbel,3.9,Belgium,3.69,Brouwerij der Trappisten van Westmalle,7.0,Belgian Dubbel,330ml,"€ 11,82 per litre",330,11.818181818181817,2205,379,Brouwerij der Trappisten van Westmalle,Abbey Dubbel,3080,99.0,100.0,3.84,7.0,3.845357142857144,,0,
Gaffel Kölsch,2.29,Germany,3.35,Privatbrauerei Gaffel Becker,4.8,Kölsch,500ml,"€ 4,58 per litre",500,4.58,1692,301,Privatbrauerei Gaffel Becker & Co.,Kölsch,1019,30.0,44.0,2.93,4.8,2.9378802747791952,-0.7203363195521605,1019,2.9378802747791952
Duvel,2.82,Belgium,3.72,Duvel Moortgat,8.5,Belgian Strong Golden Ale,330ml,"€ 8,55 per litre",330,8.545454545454545,1434,247,Duvel Moortgat,Belgian Strong Ale,4449,98.0,98.0,3.79,8.5,3.8105641717239824,,0,
De la Senne Zinnebir,2.77,Belgium,3.40,Brasserie de la Senne,5.8,Pale Ale - Belgian,Bottle 330ml,"€ 8,39 per litre",330,8.393939393939394,40467,5322,Brasserie de la Senne,Belgian Ale,778,89.0,96.0,3.52,6.0,3.5264781491002566,,0,
Lindenhardter Landbier,2.1,Germany,3.48,Brauerei Kürzdörfer,5.0,Lager - Munich Dunkel,500ml,"€ 4,20 per litre",500,4.2,38252,5082,Brauerei Kürzdörfer,Zwickel/Keller/Landbier,19,57.0,91.0,3.24,5.0,3.3052631578947365,,0,
Andechser Weissbier Hell,2.85,Germany,3.71,Klosterbrauerei Andechs,5.5,Wheat Beer - Hefeweizen,500ml,"€ 5,70 per litre",500,5.7,6002,190,Klosterbrauerei Andechs,German Hefeweizen,679,95.0,100.0,3.65,5.5,3.6589101620029454,,0,
The Garden India Pale Ale,3.2,Croatia,3.77,The Garden Brewery,6.0,IPA - Milkshake,330ml,"€ 9,70 per litre",330,9.696969696969695,456060,27384,The Garden Brewery,India Pale Ale (IPA),37,80.0,62.0,3.42,6.5,3.472972972972973,,0,
The Garden Pale Ale,3.2,Croatia,3.57,The Garden Brewery,4.8,Pale Ale - American,330ml,"€ 9,70 per litre",330,9.696969696969695,451239,27384,The Garden Brewery,American Pale Ale,35,61.0,55.0,3.28,5.1,3.3171428571428567,,0,
Duvel,4.0,Belgium,3.72,Duvel Moortgat,8.5,Belgian Strong Golden Ale,330ml,"€ 12,12 per litre",330,12.12121212121212,1434,247,Duvel Moortgat,Belgian Strong Ale,4449,98.0,98.0,3.79,8.5,3.8105641717239824,,0,
Texels Skuumkoppe,8.99,Netherlands,3.62,Texelse Bierbrouwerij,6.0,Wheat Beer - Dunkelweizen,Can 440ml,"€ 14,75 per litre",440,20.431818181818183,23569,1995,Texelse Bierbrouwerij,Dunkelweizen,264,44.0,64.0,3.12,6.0,3.138636363636364,-0.4292250556278051,264,3.138636363636364
Westmalle Tripel,3.54,Belgium,3.81,Brouwerij der Trappisten van Westmalle,9.5,Belgian Tripel,330ml,"€ 10,73 per litre",330,10.727272727272728,2204,379,Brouwerij der Trappisten van Westmalle,Abbey Tripel,3467,99.0,100.0,3.85,9.5,3.8692817998269393,,0,
Duvel,3.32,Belgium,3.72,Duvel Moortgat,8.5,Belgian Strong Golden Ale,330ml,"€ 10,06 per litre",330,10.06060606060606,1434,247,Duvel Moortgat,Belgian Strong Ale,4449,98.0,98.0,3.79,8.5,3.8105641717239824,,0,
Moinette Blonde,3.42,Belgium,3.56,Brasserie Dupont,8.5,Belgian Strong Golden Ale,330ml,"€ 10,36 per litre",330,10.363636363636363,6162,808,Brasserie Dupont,Belgian Strong Ale,950,97.0,97.0,3.73,8.5,3.7423157894736847,,0,
Val-Dieu Triple,7.5,Belgium,3.67,Brasserie de l'Abbaye du Val-Dieu,9.0,Belgian Tripel,Bottle 750ml,"€ 10,00 per litre",750,10.0,8761,1496,Brasserie de lAbbaye du Val-Dieu,Abbey Tripel,735,90.0,93.0,3.53,9.0,3.542312925170068,0.3100455701879758,735,3.542312925170068
Blaugies La Moneuse,5.61,Belgium,3.74,Brasserie de Blaugies,8.0,Farmhouse Ale - Saison,Bottle 375ml,"€ 14,96 per litre",375,14.96,9351,1613,Brasserie de Blaugies,Saison,602,97.0,96.0,3.71,8.0,3.7152823920265785,0.5876271904534486,602,3.7152823920265785
Pinta A Ja Pale Ale,2.92,Poland,3.50,Browar PINTA,5.0,Pale Ale - American,500ml,"€ 5,84 per litre",500,5.84,299538,12742,Browar PINTA,American Pale Ale,297,80.0,82.0,3.42,4.5,3.43030303030303,-0.0501166259639992,297,3.43030303030303
Störtebeker Baltik-Lager,2.29,Germany,3.33,Störtebeker Braumanufaktur,5.5,Märzen,500ml,"€ 4,58 per litre",500,4.58,397923,951,Störtebeker Braumanufaktur,Zwickel/Keller/Landbier,36,36.0,48.0,3.0,5.5,3.016666666666666,-0.916072630162176,36,3.016666666666666
De Cam Oude Lambiek,12.04,Belgium,3.86,Geuzestekerij De Cam,6.5,Lambic - Traditional,Bottle 750ml,"€ 16,05 per litre",750,16.05333333333333,31842,2519,Geuzestekerij De Cam,Lambic Style - Unblended,503,99.0,96.0,3.85,5.0,3.8612326043737566,,0,
Troubadour Westkust,2.75,Belgium,3.56,Brouwerij The Musketeers,8.5,IPA - Imperial / Double Black,Bottle 750ml,"€ 21,32 per litre",750,3.6666666666666665,172328,11515,Brouwerij The Musketeers,Black IPA,538,97.0,95.0,3.71,9.2,3.718401486988848,,0,
Tegernseer Spezial,4.7,Germany,3.60,Herzoglich Bayerisches Brauhaus Tegernsee,5.6,Lager - Dortmunder / Export,500ml,"€ 9,40 per litre",500,9.4,20566,2843,Herzoglich Bayerisches Brauhaus Tegernsee,Dortmunder/Helles,227,29.0,67.0,2.92,5.6,2.9237885462555067,-0.7437151221958773,227,2.9237885462555067
Val-Dieu Triple,2.75,Belgium,3.67,Brasserie de l'Abbaye du Val-Dieu,9.0,Belgian Tripel,330ml,"€ 8,33 per litre",330,8.333333333333332,8761,1496,Brasserie de lAbbaye du Val-Dieu,Abbey Tripel,735,90.0,93.0,3.53,9.0,3.542312925170068,0.3100455701879758,735,3.542312925170068
Tegernseer 1806 Max I. Joseph Jubiläums Export,4.6,Germany,3.61,Herzoglich Bayerisches Brauhaus Tegernsee,5.2,Lager - Dortmunder / Export,500ml,"€ 9,20 per litre",500,9.2,62978,2843,Herzoglich Bayerisches Brauhaus Tegernsee,Dortmunder/Helles,83,38.0,85.0,3.03,5.2,3.0337349397590363,-0.5698289577995781,83,3.0337349397590363
Weihenstephaner Hefeweissbier,2.3,Germany,3.78,Bayerische Staatsbrauerei Weihenstephan,5.4,Wheat Beer - Hefeweizen,500ml,"€ 4,60 per litre",500,4.6,1156,282,Bayerische Staatsbrauerei Weihenstephan,German Hefeweizen,3250,98.0,100.0,3.82,5.4,3.848307692307692,,0,
Westmalle Tripel,7.99,Belgium,3.81,Brouwerij der Trappisten van Westmalle,9.5,Belgian Tripel,Bottle 750ml,"€ 10,65 per litre",750,10.653333333333334,2204,379,Brouwerij der Trappisten van Westmalle,Abbey Tripel,3467,99.0,100.0,3.85,9.5,3.8692817998269393,,0,
Nittenauer Export,2.29,Germany,3.47,Brauhaus Nittenau,5.5,Lager - Dortmunder / Export,500ml,"€ 4,58 per litre",500,4.58,110633,8757,Brauhaus Nittenau,Dortmunder/Helles,1,,,2.86,5.6,3.5,,0,
De la Senne Taras Boulba,4.0,Belgium,3.35,Brasserie de la Senne,4.5,Belgian Blonde,330ml,"€ 12,12 per litre",330,12.12121212121212,56185,5322,Brasserie de la Senne,Belgian Ale,1045,88.0,96.0,3.5,4.5,3.5138755980861243,0.2239401319784678,1045,3.5138755980861243
Val-Dieu Brune,7.5,Belgium,3.50,Brasserie de l'Abbaye du Val-Dieu,8.0,Belgian Dubbel,Bottle 750ml,"€ 10,00 per litre",750,10.0,8762,1496,Brasserie de lAbbaye du Val-Dieu,Abbey Dubbel,598,86.0,94.0,3.48,8.0,3.4859531772575267,0.2220401921067151,598,3.4859531772575267
Val-Dieu Blonde,7.5,Belgium,3.45,Brasserie de l'Abbaye du Val-Dieu,6.0,Belgian Blonde,Bottle 750ml,"€ 10,00 per litre",750,10.0,24198,1496,Brasserie de lAbbaye du Val-Dieu,Belgian Ale,480,50.0,67.0,3.22,6.0,3.226458333333333,,0,
Orval,3.39,Belgium,3.68,Brasserie d'Orval,6.2,Pale Ale - Belgian,330ml,"€ 10,27 per litre",330,10.272727272727272,835,132,Brasserie dOrval,Belgian Ale,4486,99.0,100.0,3.91,6.2,3.92753009362461,,0,
Duvel,1.99,Belgium,3.72,Duvel Moortgat,8.5,Belgian Strong Golden Ale,330ml,"€ 6,03 per litre",330,6.03030303030303,1434,247,Duvel Moortgat,Belgian Strong Ale,4449,98.0,98.0,3.79,8.5,3.8105641717239824,,0,
Texels Vuurbaak,2.7,Netherlands,3.46,Texelse Bierbrouwerij,5.5,Red Ale - Irish,300ml,"€ 9,00 per litre",300,9.000000000000002,265183,1995,Texelse Bierbrouwerij,Irish Ale,67,59.0,94.0,3.27,5.5,3.2955223880597013,-0.2989749218877041,67,3.2955223880597013
Veldensteiner Rotbier,2.1,Germany,3.28,Kaiser Bräu,5.4,Lager - Rotbier,500ml,"€ 4,20 per litre",500,4.2,496628,2545,Kaiser Bräu,Amber Lager/Vienna,12,46.0,93.0,3.15,5.4,3.225,,0,
Giesinger Untergiesinger Erhellung,2.39,Germany,3.58,Giesinger Bräu,5.3,Kellerbier / Zwickelbier,500ml,"€ 4,78 per litre",500,4.78,76315,8125,Giesinger Bräu,Zwickel/Keller/Landbier,75,23.0,27.0,2.84,5.3,2.8346666666666667,,0,
De Eeuwige Jeugd Lellebel,2.6,Netherlands,3.57,Brouwerij de Eeuwige Jeugd,5.7,Blonde / Golden Ale - Other,330ml,"€ 7,88 per litre",330,7.878787878787879,507709,28294,Brouwerij De Eeuwige Jeugd,Belgian Ale,4,,,3.05,5.7,3.1750000000000003,,0,
De Eeuwige Jeugd Gladjanus,2.55,Netherlands,3.50,Brouwerij de Eeuwige Jeugd,5.2,IPA - White / Wheat,330ml,"€ 7,73 per litre",330,7.727272727272727,442224,28294,Brouwerij De Eeuwige Jeugd,Wheat Ale,16,50.0,79.0,3.2,4.6,3.2687500000000003,,0,
Toetëlèr Blond,2.9,Belgium,3.36,Brouwerij Den Toetëlèr,7.3,Belgian Blonde,330ml,"€ 14,24 per litre",330,8.787878787878787,507558,12610,Brouwerij Den Toetëlèr,Belgian Ale,7,,,3.01,7.3,3.0571428571428565,,0,
Troubadour Magma,2.8,Belgium,3.68,Brouwerij The Musketeers,8.5,IPA - Belgian,Bottle 330ml,"€ 8,48 per litre",330,8.484848484848484,119255,11515,Brouwerij The Musketeers,Imperial IPA,886,96.0,84.0,3.69,9.0,3.6992099322799104,,0,
Westmalle Tripel,2.6,Belgium,3.81,Brouwerij der Trappisten van Westmalle,9.5,Belgian Tripel,Bottle 330ml,"€ 7,88 per litre",330,7.878787878787879,2204,379,Brouwerij der Trappisten van Westmalle,Abbey Tripel,3467,99.0,100.0,3.85,9.5,3.8692817998269393,,0,
Westmalle Dubbel,2.05,Belgium,3.69,Brouwerij der Trappisten van Westmalle,7.0,Belgian Dubbel,330ml,"€ 6,21 per litre",330,6.212121212121211,2205,379,Brouwerij der Trappisten van Westmalle,Abbey Dubbel,3080,99.0,100.0,3.84,7.0,3.845357142857144,,0,
Vedett Extra White,1.9,Belgium,3.51,Duvel Moortgat,4.7,Wheat Beer - Witbier / Blanche,330ml,"€ 5,76 per litre",330,5.757575757575757,91232,247,Duvel Moortgat,Witbier,551,40.0,50.0,3.07,4.7,3.077313974591652,,0,
Val-Dieu Brune,2.35,Belgium,3.50,Brasserie de l'Abbaye du Val-Dieu,8.0,Belgian Dubbel,330ml,"€ 7,12 per litre",330,7.121212121212121,8762,1496,Brasserie de lAbbaye du Val-Dieu,Abbey Dubbel,598,86.0,94.0,3.48,8.0,3.4859531772575267,0.2220401921067151,598,3.4859531772575267
Gentse Strop,2.95,Belgium,3.46,Brouwerij Roman,6.9,Belgian Blonde,330ml,"€ 8,94 per litre",330,8.93939393939394,146019,953,Brouwerij Roman,Belgian Ale,220,52.0,70.0,3.23,6.9,3.24,,0,
Troubadour Magma,7.95,Belgium,3.68,Brouwerij The Musketeers,9.0,IPA - Belgian,Bottle 750ml,"€ 10,60 per litre",750,10.6,119255,11515,Brouwerij The Musketeers,Imperial IPA,886,96.0,84.0,3.69,9.0,3.6992099322799104,,0,
Orval,4.7,Belgium,3.68,Brasserie d'Orval,6.2,Pale Ale - Belgian,Bottle 330ml,"€ 14,24 per litre",330,14.242424242424242,835,132,Brasserie dOrval,Belgian Ale,4486,99.0,100.0,3.91,6.2,3.92753009362461,,0,
Abbaye des Rocs Triple Impériale,2.59,Belgium,3.66,Brasserie de l'Abbaye des Rocs,9.0,Belgian Strong Dark Ale,330ml,"€ 7,85 per litre",330,7.848484848484848,40722,131,Brasserie de lAbbaye des Rocs,Belgian Strong Ale,908,99.0,99.0,3.9,10.0,3.902312775330397,,0,
Othmar Blond,2.95,Netherlands,3.47,Ootmarsummer Bierbrouwerij Heupink & Co,6.5,Blonde / Golden Ale - Other,330ml,"€ 8,94 per litre",330,8.93939393939394,338130,13698,Ootmarsummer Bierbrouwerij Heupink & Co,Heller Bock,10,39.0,48.0,3.04,6.5,3.08,,0,
Beyerd Speciaal Blond,2.49,Netherlands,3.45,Brouwerij De Beyerd,6.9,Blonde / Golden Ale - Other,330ml,"€ 7,55 per litre",330,7.545454545454546,355887,5766,Bierbrouwerij De Beyerd,Golden Ale/Blond Ale,2,,,2.97,6.0,3.05,,0,
Beyerd Hefe Weisse,2.65,Netherlands,3.44,Brouwerij De Beyerd,5.5,Wheat Beer - Hefeweizen,330ml,"€ 8,03 per litre",330,8.03030303030303,48870,5766,Bierbrouwerij De Beyerd,German Hefeweizen,18,39.0,50.0,3.01,5.5,3.033333333333333,,0,
Aldersbacher Urhell,2.19,Germany,3.45,Brauerei Aldersbach,5.1,Lager - Helles,500ml,"€ 4,38 per litre",500,4.38,17776,3024,Brauerei Aldersbacher,Dortmunder/Helles,34,27.0,59.0,2.89,5.1,2.8852941176470583,,0,
The Garden Citrus IPA,3.39,Croatia,3.61,The Garden Brewery,7.2,IPA - Fruited,330ml,"€ 10,27 per litre",330,10.272727272727272,436592,27384,The Garden Brewery,India Pale Ale (IPA),42,78.0,56.0,3.4,7.2,3.4428571428571426,,0,
Giesinger Feines Pilschen,1.49,Germany,3.48,Giesinger Bräu,5.5,Pilsner - German,330ml,"€ 4,52 per litre",330,4.515151515151515,79299,8125,Giesinger Bräu,Pilsener,17,34.0,67.0,2.97,5.0,2.976470588235294,,0,
Moinette Biologique,3.99,Belgium,3.61,Brasserie Dupont,7.5,Farmhouse Ale - Saison,330ml,"€ 12,09 per litre",330,12.090909090909092,4680,808,Brasserie Dupont,Belgian Strong Ale,996,96.0,96.0,3.71,7.5,3.710140562248996,,0,
Duvel,2.99,Belgium,3.72,Duvel Moortgat,8.5,Belgian Strong Golden Ale,330ml,"€ 9,06 per litre",330,9.06060606060606,1434,247,Duvel Moortgat,Belgian Strong Ale,4449,98.0,98.0,3.79,8.5,3.8105641717239824,,0,
Moinette Biologique,3.6,Belgium,3.61,Brasserie Dupont,7.5,Farmhouse Ale - Saison,330ml,"€ 10,91 per litre",330,10.909090909090908,4680,808,Brasserie Dupont,Belgian Strong Ale,996,96.0,96.0,3.71,7.5,3.710140562248996,,0,
Strieper The Uplifting Triple Decker Flying Apparatus,3.6,Netherlands,3.51,Strieper Craft Beer Company,8.5,Belgian Tripel,330ml,"€ 10,91 per litre",330,10.909090909090908,524648,29623,Strieper Craft Beer Company,Abbey Tripel,2,,,2.88,8.5,2.8,,0,
Strieper The Incredible Double Zen Boosting Chill Machine,3.5,Netherlands,3.31,Strieper Craft Beer Company,6.8,Belgian Dubbel,330ml,"€ 10,61 per litre",330,10.606060606060606,472230,29623,Strieper Craft Beer Company,Abbey Dubbel,1,,,2.94,6.8,3.0,,0,
Saison Dupont Biologique,2.3,Belgium,3.61,Brasserie Dupont,7.5,Farmhouse Ale - Saison,330ml,"€ 14,24 per litre",330,6.969696969696969,4679,808,Brasserie Dupont,Saison,585,88.0,79.0,3.5,5.5,3.5092307692307694,,0,
Westmalle Tripel,5.7,Belgium,3.81,Brouwerij der Trappisten van Westmalle,9.5,Belgian Tripel,330ml,"€ 17,27 per litre",330,17.272727272727273,2204,379,Brouwerij der Trappisten van Westmalle,Abbey Tripel,3467,99.0,100.0,3.85,9.5,3.8692817998269393,,0,
Val-Dieu Grand Cru,7.5,Belgium,3.78,Brasserie de l'Abbaye du Val-Dieu,10.5,Belgian Quadrupel,Bottle 750ml,"€ 10,00 per litre",750,10.0,59715,1496,Brasserie de lAbbaye du Val-Dieu,Belgian Strong Ale,618,97.0,97.0,3.75,10.5,3.767313915857605,0.6824188236774594,618,3.767313915857605
Jandrain-Jandrenouille III Gravity,2.25,Belgium,3.52,Brasserie de Jandrain-Jandrenouille,7.5,Belgian Strong Golden Ale,330ml,"€ 6,82 per litre",330,6.8181818181818175,519985,9051,Brasserie de Jandrain-Jandrenouille,Belgian Ale,3,,,3.19,7.5,3.533333333333333,,0,
De la Senne Bruxellensis,3.23,Belgium,3.32,Brasserie de la Senne,6.5,Brett Beer,Bottle 330ml,"€ 9,79 per litre",330,9.787878787878787,426608,5322,Brasserie de la Senne,Belgian Ale,141,98.0,100.0,3.79,6.5,3.82127659574468,,0,
Val-Dieu Grand Cru,3.5,Belgium,3.78,Brasserie de l'Abbaye du Val-Dieu,10.5,Belgian Quadrupel,330ml,"€ 10,61 per litre",330,10.606060606060606,59715,1496,Brasserie de lAbbaye du Val-Dieu,Belgian Strong Ale,618,97.0,97.0,3.75,10.5,3.767313915857605,0.6824188236774594,618,3.767313915857605
Sloeber,3.05,Belgium,3.41,Brouwerij Roman,7.5,Belgian Strong Golden Ale,330ml,"€ 9,24 per litre",330,9.242424242424242,6401,953,Brouwerij Roman,Belgian Strong Ale,368,44.0,27.0,3.11,7.5,3.107880434782609,,0,
Papegaei,9.5,Belgium,3.60,Brouwerij Verstraete,8.0,Belgian Strong Golden Ale,Bottle 750ml,"€ 12,67 per litre",750,12.666666666666666,105495,15384,Brouwerij Verstraete,Belgian Strong Ale,172,72.0,56.0,3.35,8.0,3.3802325581395354,-0.0234613653616927,172,3.3802325581395354
Budels Goudblond,2.1,Netherlands,3.16,Budelse Brouwerij,6.0,Blonde / Golden Ale - Other,300ml,"€ 7,00 per litre",300,7.000000000000001,115535,1684,Budelse Brouwerij,Golden Ale/Blond Ale,153,19.0,22.0,2.75,6.0,2.739869281045752,-0.965987366819736,153,2.739869281045752
Budels Honing,2.1,Netherlands,3.15,Budelse Brouwerij,4.5,Honey Beer,300ml,"€ 7,00 per litre",300,7.000000000000001,22706,1684,Budelse Brouwerij,Pale Lager,117,6.0,69.0,2.26,4.5,2.235897435897436,,0,
Budels Zware Dobber,3.6,Netherlands,3.32,Budelse Brouwerij,8.5,Belgian Tripel,300ml,"€ 12,00 per litre",300,12.0,114974,1684,Budelse Brouwerij,Heller Bock,76,33.0,38.0,2.96,8.5,2.96578947368421,-0.6838524002426916,76,2.96578947368421
Budels Kolos,2.75,Netherlands,3.24,Budelse Brouwerij,7.5,Belgian Strong Golden Ale,300ml,"€ 9,17 per litre",300,9.166666666666668,115536,1684,Budelse Brouwerij,Belgian Strong Ale,108,39.0,16.0,3.03,7.5,3.028703703703704,-0.554164943375494,108,3.028703703703704
Val-Dieu Grand Cru,2.6,Belgium,3.78,Brasserie de l'Abbaye du Val-Dieu,10.5,Belgian Quadrupel,330ml,"€ 7,88 per litre",330,7.878787878787879,59715,1496,Brasserie de lAbbaye du Val-Dieu,Belgian Strong Ale,618,97.0,97.0,3.75,10.5,3.767313915857605,0.6824188236774594,618,3.767313915857605
Ename Dubbel,2.2,Belgium,3.35,Brouwerij Roman,6.6,Belgian Dubbel,330ml,"€ 6,67 per litre",330,6.666666666666667,5196,953,Brouwerij Roman,Abbey Dubbel,271,47.0,44.0,3.15,6.5,3.1487084870848707,,0,
Becher Jean Paul Bier,1.9,Germany,3.19,Becher Bräu,5.5,Lager - Munich Dunkel,330ml,"€ 5,76 per litre",330,5.757575757575757,298696,5494,Becher-Bräu,Dunkel/Tmavý,3,,,2.76,5.5,2.566666666666667,,0,
Troubadour Imperial Stout,3.1,Belgium,3.64,Brouwerij The Musketeers,9.0,Stout - Belgian,330ml,"€ 9,39 per litre",330,9.393939393939394,171235,11515,Brouwerij The Musketeers,Imperial Stout,382,94.0,46.0,3.62,9.0,3.635078534031413,,0,
Duvel Tripel Hop Citra,3.69,Belgium,3.68,Duvel Moortgat,9.5,IPA - Belgian,330ml,"€ 11,18 per litre",330,11.181818181818182,496011,247,Duvel Moortgat,Belgian Strong Ale,473,98.0,98.0,3.76,9.5,3.7824524312896406,,0,
Moinette Blonde,2.7,Belgium,3.56,Brasserie Dupont,8.5,Belgian Strong Golden Ale,Bottle 750ml,"€ 11,33 per litre",750,3.6,6162,808,Brasserie Dupont,Belgian Strong Ale,950,97.0,97.0,3.73,8.5,3.7423157894736847,,0,
Abbaye des Rocs Brune,2.35,Belgium,3.64,Brasserie de l'Abbaye des Rocs,9.0,Belgian Strong Dark Ale,330ml,"€ 7,12 per litre",330,7.121212121212121,832,131,Brasserie de lAbbaye des Rocs,Belgian Strong Ale,1564,100.0,100.0,4.03,9.0,4.037020460358057,,0,
Moinette Blonde,2.95,Belgium,3.56,Brasserie Dupont,8.5,Belgian Strong Golden Ale,330ml,"€ 8,94 per litre",330,8.93939393939394,6162,808,Brasserie Dupont,Belgian Strong Ale,950,97.0,97.0,3.73,8.5,3.7423157894736847,,0,
Witkap Pater Tripel,3.3,Belgium,3.48,Brouwerij Slaghmuylder,7.5,Belgian Tripel,330ml,"€ 10,00 per litre",330,9.999999999999998,5397,797,Brouwerij Slaghmuylder,Abbey Tripel,429,79.0,80.0,3.41,7.5,3.4114219114219115,0.1067773129121793,429,3.4114219114219115
Vedett Extra White,2.2,Belgium,3.51,Duvel Moortgat,4.7,Wheat Beer - Witbier / Blanche,330ml,"€ 6,67 per litre",330,6.666666666666667,91232,247,Duvel Moortgat,Witbier,551,40.0,50.0,3.07,4.7,3.077313974591652,,0,
Toetëlèr Amber Tripel,2.45,Belgium,3.41,Brouwerij Den Toetëlèr,8.5,Belgian Tripel,330ml,"€ 7,42 per litre",330,7.424242424242425,169526,12610,Brouwerij Den Toetëlèr,Abbey Tripel,36,45.0,30.0,3.11,8.5,3.1305555555555564,-0.4980445682229619,36,3.1305555555555564
Toetëlèr Speculaas,2.51,Belgium,3.09,Brouwerij Den Toetëlèr,8.5,Spiced / Herbed Beer,330ml,"€ 7,61 per litre",330,7.606060606060605,193872,12610,Brouwerij Den Toetëlèr,Spice/Herb/Vegetable,31,37.0,44.0,3.01,8.5,3.02258064516129,-0.7188630584598509,31,3.02258064516129
Verzet Rebel Local,2.63,Belgium,3.45,Brouwerij 't Verzet,8.0,Belgian Tripel,330ml,"€ 7,97 per litre",330,7.969696969696969,142793,12773,Brouwerij t Verzet,India Pale Ale (IPA),180,67.0,45.0,3.32,8.5,3.3272222222222227,,0,
Duvel,3.29,Belgium,3.72,Duvel Moortgat,6.66,Belgian Strong Golden Ale,330ml,"€ 9,97 per litre",330,9.969696969696969,1434,247,Duvel Moortgat,Belgian Strong Ale,4449,98.0,98.0,3.79,8.5,3.8105641717239824,,0,
Verzet Moose Blues,2.61,Belgium,3.37,Brouwerij 't Verzet,7.5,Belgian Strong Dark Ale,330ml,"€ 7,91 per litre",330,7.909090909090908,159593,12773,Brouwerij t Verzet,Belgian Strong Ale,118,48.0,36.0,3.18,7.5,3.1838983050847456,,0,
Westmalle Dubbel,4.3,Belgium,3.69,Brouwerij der Trappisten van Westmalle,7.0,Belgian Dubbel,330ml,"€ 13,03 per litre",330,13.03030303030303,2205,379,Brouwerij der Trappisten van Westmalle,Abbey Dubbel,3080,99.0,100.0,3.84,7.0,3.845357142857144,,0,
Toetëlèr Amber Tripel,2.2,Belgium,3.41,Brouwerij Den Toetëlèr,8.5,Belgian Tripel,330ml,"€ 6,67 per litre",330,6.666666666666667,169526,12610,Brouwerij Den Toetëlèr,Abbey Tripel,36,45.0,30.0,3.11,8.5,3.1305555555555564,-0.4980445682229619,36,3.1305555555555564
Blaugies La Moneuse,7.27,Belgium,3.74,Brasserie de Blaugies,8.0,Farmhouse Ale - Saison,Bottle 750ml,"€ 9,69 per litre",750,9.693333333333332,9351,1613,Brasserie de Blaugies,Saison,602,97.0,96.0,3.71,8.0,3.7152823920265785,0.5876271904534486,602,3.7152823920265785
Cuvée De Ranke,10.3,Belgium,3.93,Brouwerij De Ranke,7.0,Sour - Other,Bottle 750ml,"€ 13,73 per litre",750,13.733333333333334,70647,6167,Brouwerij De Ranke,Sour/Wild Ale,669,99.0,98.0,3.9,7.0,3.908669656203288,0.9254671263528704,669,3.908669656203288
Struise Black Albert,4.5,Belgium,4.10,De Struise Brouwers,13.0,Stout - Belgian,330ml,"€ 13,64 per litre",330,13.636363636363637,77305,9244,De Struise Brouwers,Imperial Stout,1628,100.0,99.0,4.13,13.0,4.131941031941032,,0,
Westmalle Tripel,7.95,Belgium,3.81,Brouwerij der Trappisten van Westmalle,9.5,Belgian Tripel,Bottle 750ml,"€ 10,60 per litre",750,10.6,2204,379,Brouwerij der Trappisten van Westmalle,Abbey Tripel,3467,99.0,100.0,3.85,9.5,3.8692817998269393,,0,
Saison Dupont Biologique,4.95,Belgium,3.42,Brasserie Dupont,5.5,Farmhouse Ale - Saison,Bottle 750ml,"€ 6,60 per litre",750,6.6000000000000005,4679,808,Brasserie Dupont,Saison,585,88.0,79.0,3.5,5.5,3.5092307692307694,,0,
Westmalle Tripel,5.3,Belgium,3.81,Brouwerij der Trappisten van Westmalle,9.5,Belgian Tripel,Bottle 330ml,"€ 16,06 per litre",330,16.06060606060606,2204,379,Brouwerij der Trappisten van Westmalle,Abbey Tripel,3467,99.0,100.0,3.85,9.5,3.8692817998269393,,0,
Texels Goudkoppe,2.55,Netherlands,3.50,Texelse Bierbrouwerij,6.0,Belgian Blonde,300ml,"€ 8,50 per litre",300,8.5,87265,1995,Texelse Bierbrouwerij,Belgian Ale,132,43.0,47.0,3.1,6.0,3.1060606060606064,-0.474052183457998,132,3.1060606060606064
Papegaei,3.14,Belgium,3.60,Brouwerij Verstraete,8.0,Belgian Strong Golden Ale,Bottle 750ml,"€ 33,20 per litre",750,4.1866666666666665,105495,15384,Brouwerij Verstraete,Belgian Strong Ale,172,72.0,56.0,3.35,8.0,3.3802325581395354,-0.0234613653616927,172,3.3802325581395354
Orval,4.5,Belgium,3.68,Brasserie d'Orval,6.2,Pale Ale - Belgian,330ml,"€ 13,64 per litre",330,13.636363636363637,835,132,Brasserie dOrval,Belgian Ale,4486,99.0,100.0,3.91,6.2,3.92753009362461,,0,
Val-Dieu Grand Cru,8.2,Belgium,3.78,Brasserie de l'Abbaye du Val-Dieu,10.5,Belgian Quadrupel,Bottle 750ml,"€ 10,93 per litre",750,10.933333333333332,59715,1496,Brasserie de lAbbaye du Val-Dieu,Belgian Strong Ale,618,97.0,97.0,3.75,10.5,3.767313915857605,0.6824188236774594,618,3.767313915857605
Val-Dieu Triple,7.2,Belgium,3.67,Brasserie de l'Abbaye du Val-Dieu,9.0,Belgian Tripel,Bottle 750ml,"€ 9,60 per litre",750,9.6,8761,1496,Brasserie de lAbbaye du Val-Dieu,Abbey Tripel,735,90.0,93.0,3.53,9.0,3.542312925170068,0.3100455701879758,735,3.542312925170068
De la Senne Taras Boulba,2.53,Belgium,3.35,Brasserie de la Senne,4.5,Belgian Blonde,330ml,"€ 7,67 per litre",330,7.666666666666666,56185,5322,Brasserie de la Senne,Belgian Ale,1045,88.0,96.0,3.5,4.5,3.5138755980861243,0.2239401319784678,1045,3.5138755980861243
De la Senne Jambe-de-Bois,2.97,Belgium,3.56,Brasserie de la Senne,8.0,Belgian Tripel,330ml,"€ 9,00 per litre",330,9.0,90886,5322,Brasserie de la Senne,Abbey Tripel,521,93.0,95.0,3.6,8.0,3.604606525911709,,0,
Adriaen Brouwer Audenaerds Bruyn,1.9,Belgium,3.18,Brouwerij Roman,5.0,Brown Ale - Belgian,Can 440ml,"€ 17,50 per litre",440,4.318181818181818,29620,953,Brouwerij Roman,Sour Red/Brown,122,24.0,3.0,2.84,5.0,2.8352459016393445,,0,
Jandrain-Jandrenouille VI Wheat,2.25,Belgium,3.52,Brasserie de Jandrain-Jandrenouille,6.0,Wheat Beer - Witbier / Blanche,330ml,"€ 6,82 per litre",330,6.8181818181818175,125488,9051,Brasserie de Jandrain-Jandrenouille,Wheat Ale,246,92.0,99.0,3.57,6.0,3.5886178861788616,,0,
Westmalle Dubbel,2.89,Belgium,3.69,Brouwerij der Trappisten van Westmalle,7.0,Belgian Dubbel,330ml,"€ 8,76 per litre",330,8.757575757575758,2205,379,Brouwerij der Trappisten van Westmalle,Abbey Dubbel,3080,99.0,100.0,3.84,7.0,3.845357142857144,,0,
Westmalle Tripel,2.59,Belgium,3.81,Brouwerij der Trappisten van Westmalle,9.5,Belgian Tripel,330ml,"€ 7,85 per litre",330,7.848484848484848,2204,379,Brouwerij der Trappisten van Westmalle,Abbey Tripel,3467,99.0,100.0,3.85,9.5,3.8692817998269393,,0,
Steenbrugge Blond,2.4,Belgium,3.41,Brouwerij Palm,6.5,Belgian Blonde,330ml,"€ 7,27 per litre",330,7.272727272727272,85695,670,Brouwerij Palm,Belgian Ale,296,43.0,48.0,3.11,6.5,3.108108108108108,,0,
Val-Dieu Triple,3.6,Belgium,3.67,Brasserie de l'Abbaye du Val-Dieu,9.0,Belgian Tripel,330ml,"€ 10,91 per litre",330,10.909090909090908,8761,1496,Brasserie de lAbbaye du Val-Dieu,Abbey Tripel,735,90.0,93.0,3.53,9.0,3.542312925170068,0.3100455701879758,735,3.542312925170068
Moinette Blonde,6.0,Belgium,3.56,Brasserie Dupont,8.5,Belgian Strong Golden Ale,Bottle 750ml,"€ 8,00 per litre",750,8.0,6162,808,Brasserie Dupont,Belgian Strong Ale,950,97.0,97.0,3.73,8.5,3.7423157894736847,,0,
Vedett Extra Ordinary IPA,2.7,Belgium,3.49,Duvel Moortgat,5.5,IPA - Belgian,330ml,"€ 8,18 per litre",330,8.181818181818182,253212,247,Duvel Moortgat,India Pale Ale (IPA),420,59.0,39.0,3.27,5.5,3.2721428571428577,,0,
Val-Dieu Grand Cru,3.0,Belgium,3.78,Brasserie de l'Abbaye du Val-Dieu,10.5,Belgian Quadrupel,330ml,"€ 9,09 per litre",330,9.09090909090909,59715,1496,Brasserie de lAbbaye du Val-Dieu,Belgian Strong Ale,618,97.0,97.0,3.75,10.5,3.767313915857605,0.6824188236774594,618,3.767313915857605
Westmalle Dubbel,5.99,Belgium,3.69,Brouwerij der Trappisten van Westmalle,7.0,Belgian Dubbel,Bottle 750ml,"€ 7,99 per litre",750,7.986666666666667,2205,379,Brouwerij der Trappisten van Westmalle,Abbey Dubbel,3080,99.0,100.0,3.84,7.0,3.845357142857144,,0,
Duvel,2.45,Belgium,3.72,Duvel Moortgat,6.66,Belgian Strong Golden Ale,330ml,"€ 7,42 per litre",330,7.424242424242425,1434,247,Duvel Moortgat,Belgian Strong Ale,4449,98.0,98.0,3.79,8.5,3.8105641717239824,,0,
Val-Dieu Blonde,6.2,Belgium,3.45,Brasserie de l'Abbaye du Val-Dieu,6.0,Belgian Blonde,Bottle 750ml,"€ 8,27 per litre",750,8.266666666666667,24198,1496,Brasserie de lAbbaye du Val-Dieu,Belgian Ale,480,50.0,67.0,3.22,6.0,3.226458333333333,,0,
Westmalle Tripel,3.49,Belgium,3.81,Brouwerij der Trappisten van Westmalle,9.5,Belgian Tripel,330ml,"€ 10,58 per litre",330,10.575757575757576,2204,379,Brouwerij der Trappisten van Westmalle,Abbey Tripel,3467,99.0,100.0,3.85,9.5,3.8692817998269393,,0,
Duvel,6.9,Belgium,3.72,Duvel Moortgat,8.5,Belgian Strong Golden Ale,Bottle 750ml,"€ 9,20 per litre",750,9.2,1434,247,Duvel Moortgat,Belgian Strong Ale,4449,98.0,98.0,3.79,8.5,3.8105641717239824,,0,
Duvel,5.5,Belgium,3.72,Duvel Moortgat,8.5,Belgian Strong Golden Ale,Bottle 750ml,"€ 7,33 per litre",750,7.333333333333333,1434,247,Duvel Moortgat,Belgian Strong Ale,4449,98.0,98.0,3.79,8.5,3.8105641717239824,,0,
Val-Dieu Brune,3.2,Belgium,3.50,Brasserie de l'Abbaye du Val-Dieu,8.0,Belgian Dubbel,330ml,"€ 9,70 per litre",330,9.696969696969695,8762,1496,Brasserie de lAbbaye du Val-Dieu,Abbey Dubbel,598,86.0,94.0,3.48,8.0,3.4859531772575267,0.2220401921067151,598,3.4859531772575267
Verzet Super NoAH,2.13,Belgium,3.29,Brouwerij 't Verzet,4.9,Belgian Blonde,Bottle 330ml,"€ 6,45 per litre",330,6.454545454545454,172331,12773,Brouwerij t Verzet,Belgian Ale,141,67.0,85.0,3.32,4.9,3.3304964539007096,,0,
Westmalle Dubbel,2.14,Belgium,3.69,Brouwerij der Trappisten van Westmalle,7.0,Belgian Dubbel,330ml,"€ 6,48 per litre",330,6.484848484848485,2205,379,Brouwerij der Trappisten van Westmalle,Abbey Dubbel,3080,99.0,100.0,3.84,7.0,3.845357142857144,,0,
Duvel,2.5,Belgium,3.72,Duvel Moortgat,8.5,Belgian Strong Golden Ale,330ml,"€ 7,58 per litre",330,7.575757575757575,1434,247,Duvel Moortgat,Belgian Strong Ale,4449,98.0,98.0,3.79,8.5,3.8105641717239824,,0,
Hof Ten Dormaal Sloe,4.67,Belgium,3.66,Brouwerij Hof ten Dormaal,6.2,Sour - Fruited,330ml,"€ 14,15 per litre",330,14.15151515151515,414892,10535,Brouwerij Hof Ten Dormaal,Sour/Wild Ale,42,64.0,23.0,3.3,6.0,3.3309523809523816,,0,
