Beer_name,Price_euro,Origin,Rating,Brewery_df1,Percentage,Beer_type,Countenance,Volume_ml,Price_per_litter,Beer_type_general,beer_id,brewery_id,Brewery_df2,style,nbr_ratings,overall_score,style_score,avg,abv,avg_computed,zscore,nbr_matched_valid_ratings,avg_matched_valid_ratings
Weißenoher Altfränkisch Klosterbier,1.5,Germany,3.43,Klosterbrauerei Weissenohe,5.1,Märzen,500ml,500,3.0,Märzen,40459,3892,Klosterbrauerei Weißenohe,Oktoberfest/Märzen,145,49.0,89.0,3.2,5.1,3.211034482758621,,0,
Veldensteiner Zwickl,1.6,Germany,3.33,Kaiser Bräu,5.4,Kellerbier / Zwickelbier,500ml,500,3.2,Kellerbier / Zwickelbier,38448,2545,Kaiser Bräu,Zwickel/Keller/Landbier,189,40.0,61.0,3.05,5.4,3.052910052910053,,0,
Veltins Pilsener,1.1,Germany,3.18,Brauerei VELTINS,4.8,Pilsner - German,330ml,330,3.33,Pilsner,4040,693,Brauerei C.& A. Veltins,Pilsener,773,19.0,43.0,2.77,4.8,2.769469598965072,-1.013737223367779,772,2.769041450777202
Moinette Blonde,2.7,Belgium,3.56,Brasserie Dupont,8.5,Belgian Strong Golden Ale,Bottle 750ml,750,3.6,Belgian Strong Golden Ale,6162,808,Brasserie Dupont,Belgian Strong Ale,950,97.0,97.0,3.73,8.5,3.7423157894736847,,0,
Augustiner Edelstoff,1.83,Germany,3.62,Augustiner-Bräu München,5.6,Lager - Dortmunder / Export,500ml,500,3.66,Lager,9605,777,Augustiner-Bräu,Dortmunder/Helles,817,41.0,88.0,3.07,5.6,3.097674418604651,,0,
Tegernseer Hell,1.83,Germany,3.63,Herzoglich Bayerisches Brauhaus Tegernsee,4.8,Lager - Helles,500ml,500,3.66,Lager,17116,2843,Herzoglich Bayerisches Brauhaus Tegernsee,Dortmunder/Helles,277,35.0,80.0,2.99,4.8,3.0166064981949456,-0.6486090732774977,277,3.0166064981949456
Troubadour Westkust,2.75,Belgium,3.56,Brouwerij The Musketeers,8.5,IPA - Imperial / Double Black,Bottle 750ml,750,3.67,IPA,172328,11515,Brouwerij The Musketeers,Black IPA,538,97.0,95.0,3.71,9.2,3.718401486988848,,0,
Kuchlbauer Turmweisse,1.9,Germany,3.59,Weissbierbrauer Kuchlbauer,5.9,Wheat Beer - Hefeweizen,500ml,500,3.8,Wheat Beer,126549,3251,Brauerei zum Kuchlbauer,German Hefeweizen,152,65.0,94.0,3.3,5.9,3.324342105263157,,0,
Huppendorfer Vollbier,1.9,Germany,3.55,Brauerei Gasthof Grasser,5.0,Kellerbier / Zwickelbier,500ml,500,3.8,Kellerbier / Zwickelbier,29781,3890,Brauerei Grasser Huppendorfer,Zwickel/Keller/Landbier,143,48.0,84.0,3.17,5.0,3.1888111888111887,,0,
Fässla Lagerbier,1.9,Germany,3.43,Privatbrauerei Fässla Bamberg,5.5,Lager - Amber / Red,500ml,500,3.8,Lager,10604,1949,Brauerei Fässla,Dortmunder/Helles,150,47.0,95.0,3.16,5.5,3.170666666666667,-0.3404106101247154,150,3.170666666666667
Weiherer Zwickerla Hell,1.9,Germany,3.49,Brauerei Kundmüller,4.9,Kellerbier / Zwickelbier,500ml,500,3.8,Kellerbier / Zwickelbier,432511,1822,Brauerei-Gasthof Kundmüller,Zwickel/Keller/Landbier,19,40.0,63.0,3.06,4.9,3.0894736842105264,-0.7802847240740113,19,3.0894736842105264
Huppendorfer Pils,1.9,Germany,3.35,Brauerei Gasthof Grasser,4.9,Pilsner - German,500ml,500,3.8,Pilsner,35812,3890,Brauerei Grasser Huppendorfer,Pilsener,36,49.0,90.0,3.19,4.9,3.219444444444444,,0,
Huppendorfer Zwickel,1.9,Germany,3.51,Brauerei Gasthof Grasser,4.9,Kellerbier / Zwickelbier,500ml,500,3.8,Kellerbier / Zwickelbier,61127,3890,Brauerei Grasser Huppendorfer,Zwickel/Keller/Landbier,51,56.0,91.0,3.24,4.6,3.268627450980392,,0,
Weiherer Lager,1.9,Germany,3.39,Brauerei Kundmüller,4.7,Lager - Helles,500ml,500,3.8,Lager,36117,1822,Brauerei-Gasthof Kundmüller,Dortmunder/Helles,75,49.0,96.0,3.2,4.7,3.2106666666666666,,0,
Spaten Oktoberfestbier,1.99,Germany,3.56,Spaten-Franziskaner-Löwenbräu-Gruppe,5.9,Festbier,500ml,500,3.98,Festbier,27599,175,Spaten-Franziskaner-Bräu &#40;InBev&#41;,Oktoberfest/Märzen,535,37.0,58.0,3.02,5.9,3.0252336448598127,,0,
Fässla Zwergla,2.0,Germany,3.44,Privatbrauerei Fässla Bamberg,6.0,Lager - Munich Dunkel,500ml,500,4.0,Lager,10606,1949,Brauerei Fässla,Dunkel/Tmavý,191,45.0,81.0,3.13,6.0,3.136125654450262,-0.3770517847004164,191,3.136125654450262
Bayreuther Hell,2.0,Germany,3.52,Bayreuther Bierbrauerei,4.9,Lager - Helles,500ml,500,4.0,Lager,24571,3742,Bayreuther Bierbrauerei,Dortmunder/Helles,165,22.0,46.0,2.82,4.9,2.8157575757575763,,0,
Mager Dunkel,2.0,Germany,3.34,Brauerei Mager Pottenstein,5.1,Lager - Munich Dunkel,500ml,500,4.0,Lager,14318,1566,Brauerei Mager,Dunkel/Tmavý,46,47.0,84.0,3.15,5.0,3.169565217391304,,0,
Mager Ur-Hell,2.0,Germany,3.55,Brauerei Gasthof Grasser,5.0,Kellerbier / Zwickelbier,500ml,500,4.0,Kellerbier / Zwickelbier,79154,1566,Brauerei Mager,Dortmunder/Helles,44,63.0,98.0,3.29,4.9,3.3204545454545453,,0,
Kuchlbauer Weisse,2.0,Germany,3.61,Weissbierbrauer Kuchlbauer,5.2,Wheat Beer - Hefeweizen,500ml,500,4.0,Wheat Beer,19968,3251,Brauerei zum Kuchlbauer,German Hefeweizen,180,43.0,68.0,3.09,5.2,3.0983333333333336,,0,
Mager Märzen,2.0,Germany,3.29,Brauerei Mager Pottenstein,5.1,Märzen,500ml,500,4.0,Märzen,88299,1566,Brauerei Mager,Oktoberfest/Märzen,33,31.0,41.0,2.9,5.1,2.903030303030304,,0,
Papegaei,3.14,Belgium,3.6,Brouwerij Verstraete,8.0,Belgian Strong Golden Ale,Bottle 750ml,750,4.19,Belgian Strong Golden Ale,105495,15384,Brouwerij Verstraete,Belgian Strong Ale,172,72.0,56.0,3.35,8.0,3.3802325581395354,-0.0234613653616927,172,3.3802325581395354
Hönig Bockbier Hell,2.1,Germany,3.5,Brauerei Hönig Tiefenellern,7.2,Bock - Hell / Maibock / Lentebock,500ml,500,4.2,Bock,31247,3791,Brauerei Hönig,Heller Bock,23,50.0,84.0,3.2,7.2,3.247826086956522,-0.1783176426676083,23,3.247826086956522
Veldensteiner Rotbier,2.1,Germany,3.28,Kaiser Bräu,5.4,Lager - Rotbier,500ml,500,4.2,Lager,496628,2545,Kaiser Bräu,Amber Lager/Vienna,12,46.0,93.0,3.15,5.4,3.225,,0,
Weiherer Pils,2.1,Germany,3.37,Brauerei Kundmüller,4.7,Pilsner - German,500ml,500,4.2,Pilsner,36063,1822,Brauerei-Gasthof Kundmüller,Pilsener,50,56.0,93.0,3.25,4.7,3.27,-0.1828573110652935,50,3.27
Lindenhardter Landbier,2.1,Germany,3.48,Brauerei Kürzdörfer,5.0,Lager - Munich Dunkel,500ml,500,4.2,Lager,38252,5082,Brauerei Kürzdörfer,Zwickel/Keller/Landbier,19,57.0,91.0,3.24,5.0,3.3052631578947365,,0,
Weiherer Rauch,2.1,Germany,3.39,Brauerei Kundmüller,5.3,Rauchbier,500ml,500,4.2,Rauchbier,36062,1822,Brauerei-Gasthof Kundmüller,Smoked,203,70.0,57.0,3.34,5.3,3.345320197044335,-0.0522803937371127,203,3.345320197044335
Ammerndorfer Keller Trunk,2.1,Germany,3.42,Dorn-Bräu Privatbrauerei Ammerndorf,4.9,Kellerbier / Zwickelbier,500ml,500,4.2,Kellerbier / Zwickelbier,163997,8303,Dorn-Bräu Ammerndorf,Zwickel/Keller/Landbier,35,35.0,46.0,2.97,4.9,2.9800000000000004,,0,
Langbräu Festbier,2.1,Germany,3.43,Lang Bräu Freyung,5.5,Festbier,500ml,500,4.2,Festbier,146942,9044,Lang Bräu Reisbach,Oktoberfest/Märzen,1,,,2.62,5.6,1.8,,0,
Ammerndorfer Spezial,2.1,Germany,3.44,Dorn-Bräu Privatbrauerei Ammerndorf,5.3,Märzen,500ml,500,4.2,Märzen,69503,8303,Dorn-Bräu Ammerndorf,Zwickel/Keller/Landbier,41,42.0,69.0,3.08,5.3,3.0926829268292684,,0,
Weiherer Keller,2.1,Germany,3.46,Brauerei Kundmüller,4.9,Kellerbier / Zwickelbier,500ml,500,4.2,Kellerbier / Zwickelbier,91056,1822,Brauerei-Gasthof Kundmüller,Zwickel/Keller/Landbier,106,64.0,94.0,3.3,4.9,3.3103773584905665,-0.1704407994236046,106,3.3103773584905665
Ammerndorfer Landbier Dunkel,2.1,Germany,3.45,Dorn-Bräu Privatbrauerei Ammerndorf,5.6,Lager - Munich Dunkel,500ml,500,4.2,Lager,69157,8303,Dorn-Bräu Ammerndorf,Dunkel/Tmavý,44,48.0,87.0,3.18,5.6,3.2,,0,
Hütten Dunkel,2.1,Germany,3.24,Brauerei Hütten Trassl,5.2,Lager - Munich Dunkel,500ml,500,4.2,Lager,94650,8948,Brauerei Hütten,Dunkel/Tmavý,18,35.0,49.0,2.97,4.9,2.983333333333334,,0,
DAB Export,1.4,Germany,3.46,Dortmunder Bergmann Brauerei,5.0,Lager - Dortmunder / Export,330ml,330,4.24,Lager,4751,822,Dortmunder Actien Brauerei &#40;Oetker Group&#41;,Dortmunder/Helles,255,13.0,19.0,2.62,5.0,2.621960784313725,,0,
Adriaen Brouwer Audenaerds Bruyn,1.9,Belgium,3.18,Brouwerij Roman,5.0,Brown Ale - Belgian,Can 440ml,440,4.32,Brown Ale,29620,953,Brouwerij Roman,Sour Red/Brown,122,24.0,3.0,2.84,5.0,2.8352459016393445,,0,
Nittenauer Festbier,2.19,Germany,3.42,Brauhaus Nittenau,5.7,Märzen,500ml,500,4.38,Märzen,146875,8757,Brauhaus Nittenau,Oktoberfest/Märzen,12,31.0,44.0,2.93,5.7,2.933333333333333,,0,
Störtebeker Hanse-Porter,2.19,Germany,3.11,Störtebeker Braumanufaktur,4.0,Porter - Other,500ml,500,4.38,Porter,56569,951,Störtebeker Braumanufaktur,Porter,258,9.0,1.0,2.45,4.0,2.436821705426357,-1.69327603244733,258,2.436821705426357
Früh Kölsch,2.19,Germany,3.32,Cölner Hofbräu Früh,4.8,Kölsch,500ml,500,4.38,Kölsch,7777,1312,Cölner Hofbräu P. Josef Früh,Kölsch,794,31.0,46.0,2.95,4.8,2.9599496221662465,,0,
Störtebeker Roggen-Weizen,2.19,Germany,3.45,Störtebeker Braumanufaktur,5.4,Roggenbier,500ml,500,4.38,Roggenbier,77357,951,Störtebeker Braumanufaktur,Specialty Grain,283,56.0,67.0,3.25,5.4,3.2583038869257948,,0,
Aldersbacher Urhell,2.19,Germany,3.45,Brauerei Aldersbach,5.1,Lager - Helles,500ml,500,4.38,Lager,17776,3024,Brauerei Aldersbacher,Dortmunder/Helles,34,27.0,59.0,2.89,5.1,2.8852941176470583,,0,
Becher Bock,2.2,Germany,3.61,Becher Bräu,7.5,Bock - Single / Traditional,500ml,500,4.4,Bock,68264,5494,Becher-Bräu,Heller Bock,11,41.0,51.0,3.07,7.5,3.1090909090909093,,0,
Huppendorfer Weihnachtsfestbier,2.2,Germany,3.52,Brauerei Gasthof Grasser,5.5,Festbier,500ml,500,4.4,Festbier,44439,3890,Brauerei Grasser Huppendorfer,Oktoberfest/Märzen,28,32.0,46.0,2.95,5.5,2.9571428571428564,,0,
Pfister Öko-Landbier,2.2,Germany,2.81,Brauerei Gasthof Pfister,4.9,Non-Alcoholic - Other,500ml,500,4.4,Non-Alcoholic,47799,5986,Brauerei Pfister,Zwickel/Keller/Landbier,35,47.0,80.0,3.12,4.9,3.14,,0,
Giesinger Feines Pilschen,1.49,Germany,3.48,Giesinger Bräu,5.5,Pilsner - German,330ml,330,4.52,Pilsner,79299,8125,Giesinger Bräu,Pilsener,17,34.0,67.0,2.97,5.0,2.976470588235294,,0,
König Ludwig Dunkel,1.5,Germany,3.4,König Ludwig Schlossbrauerei Kaltenberg,5.1,Lager - Munich Dunkel,330ml,330,4.55,Lager,1155,1099,Schloßbrauerei Kaltenberg &#40;Warsteiner&#41;,Dunkel/Tmavý,530,45.0,82.0,3.13,5.1,3.1349056603773584,,0,
Gaffel Kölsch,2.29,Germany,3.35,Privatbrauerei Gaffel Becker,4.8,Kölsch,500ml,500,4.58,Kölsch,1692,301,Privatbrauerei Gaffel Becker & Co.,Kölsch,1019,30.0,44.0,2.93,4.8,2.9378802747791952,-0.7203363195521605,1019,2.9378802747791952
Andechser Spezial Hell,2.29,Germany,3.52,Klosterbrauerei Andechs,5.9,Festbier,500ml,500,4.58,Festbier,6280,190,Klosterbrauerei Andechs,Dortmunder/Helles,389,48.0,95.0,3.17,5.9,3.1804627249357327,,0,
Bayreuther Hefe-Weissbier,2.29,Germany,3.6,Bayreuther Bierbrauerei,5.3,Wheat Beer - Hefeweizen,500ml,500,4.58,Wheat Beer,213594,3742,Bayreuther Bierbrauerei,German Hefeweizen,58,50.0,88.0,3.21,5.2,3.2293103448275864,,0,
Schönramer Hell,2.29,Germany,3.58,Private Landbrauerei Schönram,5.0,Lager - Helles,500ml,500,4.58,Lager,17985,2818,Private Landbrauerei Schönram,Dortmunder/Helles,94,31.0,72.0,2.94,5.0,2.96063829787234,-0.7558537661732613,94,2.96063829787234
Nittenauer Pilsner,2.29,Germany,3.36,Brauhaus Nittenau,4.9,Pilsner - German,500ml,500,4.58,Pilsner,387698,8757,Brauhaus Nittenau,Pilsener,1,,,2.98,4.9,3.2,,0,
Nittenauer Export,2.29,Germany,3.47,Brauhaus Nittenau,5.5,Lager - Dortmunder / Export,500ml,500,4.58,Lager,110633,8757,Brauhaus Nittenau,Dortmunder/Helles,1,,,2.86,5.6,3.5,,0,
Zötler Gold,2.29,Germany,3.31,Privat-Brauerei Zötler,5.3,Lager - Dortmunder / Export,500ml,500,4.58,Lager,63380,2725,Privat-Brauerei Zötler,Dortmunder/Helles,75,20.0,39.0,2.76,5.1,2.748,,0,
Zötler Gold Alkoholfrei,2.29,Germany,2.93,Privat-Brauerei Zötler,0.2,Non-Alcoholic - Lager,500ml,500,4.58,Non-Alcoholic,343562,2725,Privat-Brauerei Zötler,Low Alcohol,9,,,2.09,0.2,1.7444444444444445,,0,
Störtebeker Baltik-Lager,2.29,Germany,3.33,Störtebeker Braumanufaktur,5.5,Märzen,500ml,500,4.58,Märzen,397923,951,Störtebeker Braumanufaktur,Zwickel/Keller/Landbier,36,36.0,48.0,3.0,5.5,3.016666666666666,-0.916072630162176,36,3.016666666666666
Zötler Pils,2.29,Germany,3.31,Privat-Brauerei Zötler,4.9,Pilsner - German,500ml,500,4.58,Pilsner,58476,2725,Privat-Brauerei Zötler,Pilsener,44,26.0,50.0,2.87,4.7,2.863636363636364,-0.8482281174610126,44,2.863636363636364
Długi Weekend,2.3,Poland,3.33,Browar Za Miastem,5.0,Pilsner - German,Bottle 500ml,500,4.6,Pilsner,533966,30982,Browar Za Miastem,Pilsener,1,,,,5.0,3.9,,0,
Fässla Bambergator,2.3,Germany,3.5,Privatbrauerei Fässla Bamberg,8.5,Bock - Doppelbock,500ml,500,4.6,Bock,10607,1949,Brauerei Fässla,Doppelbock,101,48.0,42.0,3.17,8.5,3.1841584158415843,-0.2920046889245306,101,3.1841584158415843
Weiherer Weizenbock,2.3,Germany,3.63,Brauerei Kundmüller,6.8,Bock - Weizenbock,500ml,500,4.6,Bock,262960,1822,Brauerei-Gasthof Kundmüller,Weizen Bock,63,59.0,47.0,3.27,6.8,3.2888888888888896,-0.2554842520188199,63,3.2888888888888896
Weihenstephaner Hefeweissbier,2.3,Germany,3.78,Bayerische Staatsbrauerei Weihenstephan,5.4,Wheat Beer - Hefeweizen,500ml,500,4.6,Wheat Beer,1156,282,Bayerische Staatsbrauerei Weihenstephan,German Hefeweizen,3250,98.0,100.0,3.82,5.4,3.848307692307692,,0,
Hopf Dunkle Weiße,2.33,Germany,3.53,Weißbierbrauerei Hopf,5.3,Wheat Beer - Dunkelweizen,500ml,500,4.66,Wheat Beer,12314,2285,Weißbierbrauerei Hopf &#40;Schörghuber&#41;,Dunkelweizen,197,46.0,70.0,3.14,5.0,3.141116751269036,,0,
Schimpf Weihnachtsbier,2.39,Germany,3.32,Kronenbrauerei Schimpf,5.2,Lager - Winter,500ml,500,4.78,Lager,114114,4991,Kronenbrauerei Schimpf,Oktoberfest/Märzen,8,,,3.05,5.2,3.1125,,0,
Giesinger Untergiesinger Erhellung,2.39,Germany,3.58,Giesinger Bräu,5.3,Kellerbier / Zwickelbier,500ml,500,4.78,Kellerbier / Zwickelbier,76315,8125,Giesinger Bräu,Zwickel/Keller/Landbier,75,23.0,27.0,2.84,5.3,2.8346666666666667,,0,
Hopf Die Alkoholfreie,2.39,Germany,3.15,Weißbierbrauerei Hopf,0.5,Non-Alcoholic - Wheat,500ml,500,4.78,Non-Alcoholic,78799,2285,Weißbierbrauerei Hopf &#40;Schörghuber&#41;,Low Alcohol,25,6.0,72.0,2.23,,2.132,,0,
Augustiner Dunkel,2.39,Germany,3.6,Augustiner-Bräu München,5.6,Lager - Munich Dunkel,500ml,500,4.78,Lager,9603,777,Augustiner-Bräu,Dunkel/Tmavý,362,64.0,95.0,3.3,5.6,3.319337016574585,,0,
Schönramer Pils,2.39,Germany,3.48,Private Landbrauerei Schönram,5.0,Pilsner - German,500ml,500,4.78,Pilsner,16333,2818,Private Landbrauerei Schönram,Pilsener,205,48.0,90.0,3.18,5.0,3.1951219512195124,,0,
Weihenstephaner Pils,2.45,Germany,3.57,Bayerische Staatsbrauerei Weihenstephan,5.1,Pilsner - German,500ml,500,4.9,Pilsner,30527,282,Bayerische Staatsbrauerei Weihenstephan,Pilsener,454,45.0,86.0,3.13,5.1,3.1306167400881058,,0,
Weihenstephaner Hefeweissbier Dunkel,2.45,Germany,3.76,Bayerische Staatsbrauerei Weihenstephan,5.3,Wheat Beer - Dunkelweizen,500ml,500,4.9,Wheat Beer,4583,282,Bayerische Staatsbrauerei Weihenstephan,Dunkelweizen,1733,93.0,99.0,3.59,5.3,3.59728793998846,,0,
Weltenburger Kloster Barock Dunkel,2.49,Germany,3.52,Klosterbrauerei Weltenburg,4.7,Lager - Munich Dunkel,500ml,500,4.98,Lager,4024,689,Klosterbrauerei Weltenburg,Dunkel/Tmavý,747,84.0,99.0,3.46,4.7,3.470548862115128,0.1882166918383038,747,3.470548862115128
Augustiner Lagerbier Hell,2.5,Germany,3.64,Augustiner-Bräu München,5.2,Lager - Helles,500ml,500,5.0,Lager,9604,777,Augustiner-Bräu,Dortmunder/Helles,660,42.0,89.0,3.08,5.2,3.147424242424243,,0,
Weiherer Summer Ale,2.6,Germany,3.51,Brauerei Kundmüller,5.2,Pale Ale - Other,500ml,500,5.2,Pale Ale,526005,1822,Brauerei-Gasthof Kundmüller,American Pale Ale,2,,,2.79,5.2,2.55,,0,
Weiherer Grünhopfen-Pils,2.6,Germany,3.61,Brauerei Kundmüller,4.9,Pilsner - German,500ml,500,5.2,Pilsner,472361,1822,Brauerei-Gasthof Kundmüller,Pilsener,1,,,3.02,,3.4,,0,
Troubadour Westkust,2.7,Belgium,3.56,Brouwerij The Musketeers,8.6,IPA - Imperial / Double Black,Bottle 500ml,500,5.4,IPA,172328,11515,Brouwerij The Musketeers,Black IPA,538,97.0,95.0,3.71,9.2,3.718401486988848,,0,
Pauwel Kwak,1.79,Belgium,3.76,Brouwerij Bosteels,8.4,Pale Ale - Belgian,330ml,330,5.42,Pale Ale,3658,632,Brouwerij Bosteels (AB-InBev),Belgian Strong Ale,2420,92.0,90.0,3.58,8.4,3.5951239669421486,,0,
Pinkus Hefe Weizen,2.75,Germany,3.42,Brauerei Pinkus Müller,5.0,Wheat Beer - Hefeweizen,500ml,500,5.5,Wheat Beer,4552,742,Brauerei Pinkus Müller,German Hefeweizen,600,28.0,36.0,2.9,5.0,2.9008333333333334,,0,
Rothaus Hefeweizen,2.8,Germany,3.59,Badische Staatsbrauerei Rothaus,5.4,Wheat Beer - Hefeweizen,500ml,500,5.6,Wheat Beer,9284,1602,Badische Staatsbrauerei Rothaus,German Hefeweizen,272,63.0,94.0,3.29,5.4,3.2875,-0.1416483837694606,271,3.2863468634686352
Störtebeker Bernstein-Weizen,2.85,Germany,3.43,Störtebeker Braumanufaktur,5.3,Wheat Beer - Hefeweizen,500ml,500,5.7,Wheat Beer,39881,951,Störtebeker Braumanufaktur,German Hefeweizen,359,45.0,75.0,3.13,5.3,3.136768802228412,,0,
Andechser Weissbier Hell,2.85,Germany,3.71,Klosterbrauerei Andechs,5.5,Wheat Beer - Hefeweizen,500ml,500,5.7,Wheat Beer,6002,190,Klosterbrauerei Andechs,German Hefeweizen,679,95.0,100.0,3.65,5.5,3.6589101620029454,,0,
Becher Jean Paul Bier,1.9,Germany,3.19,Becher Bräu,5.5,Lager - Munich Dunkel,330ml,330,5.76,Lager,298696,5494,Becher-Bräu,Dunkel/Tmavý,3,,,2.76,5.5,2.566666666666667,,0,
Vedett Extra White,1.9,Belgium,3.51,Duvel Moortgat,4.7,Wheat Beer - Witbier / Blanche,330ml,330,5.76,Wheat Beer,91232,247,Duvel Moortgat,Witbier,551,40.0,50.0,3.07,4.7,3.077313974591652,,0,
Pinta Pierwsza Pomoc,2.89,Poland,3.24,Browar PINTA,4.3,Pilsner - Other,500ml,500,5.78,Pilsner,147325,12742,Browar PINTA,Czech Pilsner (Světlý),244,45.0,82.0,3.14,4.1,3.1274590163934426,,0,
Störtebeker Nordik Porter,2.89,Germany,3.56,Störtebeker Braumanufaktur,9.1,Bock - Eisbock,500ml,500,5.78,Bock,462577,951,Störtebeker Braumanufaktur,Eisbock,24,94.0,88.0,3.64,9.1,3.75,0.4643586001615565,24,3.75
Pinta A Ja Pale Ale,2.92,Poland,3.5,Browar PINTA,5.0,Pale Ale - American,500ml,500,5.84,Pale Ale,299538,12742,Browar PINTA,American Pale Ale,297,80.0,82.0,3.42,4.5,3.43030303030303,-0.0501166259639992,297,3.43030303030303
Weihenstephaner Vitus,2.95,Germany,3.84,Bayerische Staatsbrauerei Weihenstephan,7.7,Bock - Weizenbock,500ml,500,5.9,Bock,70791,282,Bayerische Staatsbrauerei Weihenstephan,Weizen Bock,1872,98.0,99.0,3.76,7.7,3.7773504273504273,0.6962262600276231,1872,3.7773504273504273
Weihenstephaner Korbinian,2.95,Germany,3.78,Bayerische Staatsbrauerei Weihenstephan,7.4,Bock - Doppelbock,500ml,500,5.9,Bock,7823,282,Bayerische Staatsbrauerei Weihenstephan,Doppelbock,1709,98.0,99.0,3.77,7.4,3.777296664716208,0.7044396684252344,1709,3.777296664716208
Ename Pater,1.95,Belgium,3.45,Brouwerij Roman,5.5,Belgian Enkel / Patersbier,330ml,330,5.91,Belgian Enkel / Patersbier,322880,953,Brouwerij Roman,Belgian Ale,49,62.0,81.0,3.29,5.5,3.318367346938776,,0,
St. Louis Premium Kriek,1.95,Belgium,3.4,Kasteel Brouwerij Vanhonsebrouck,4.0,Lambic - Kriek,330ml,330,5.91,Lambic,16858,956,Brouwerij Van Honsebrouck,Lambic Style - Fruit,343,38.0,22.0,3.03,3.2,3.034402332361517,,0,
Maisel & Friends IPA,1.95,Germany,3.48,Brauerei Gebr. Maisel,6.3,IPA - American,330ml,330,5.91,IPA,413629,778,Brauerei Gebr. Maisel Bayreuth,India Pale Ale (IPA),89,58.0,38.0,3.26,6.3,3.274157303370787,,0,
Zillertal Weißbier Dunkel,3.0,Austria,3.43,Zillertal Bier,5.0,Wheat Beer - Dunkelweizen,500ml,500,6.0,Wheat Beer,124750,4012,Zillertal,Dunkelweizen,28,30.0,30.0,2.92,5.0,2.9250000000000003,,0,
Zillertal Märzen,3.0,Austria,3.29,Zillertal Bier,5.1,Märzen,500ml,500,6.0,Märzen,27093,4012,Zillertal,Oktoberfest/Märzen,53,16.0,15.0,2.69,5.0,2.6773584905660384,,0,
Pinta Bawarka,3.0,Poland,3.47,Browar PINTA,5.7,Wheat Beer - Hefeweizen,500ml,500,6.0,Wheat Beer,517053,5333,Browar na Jurze,German Hefeweizen,46,88.0,99.0,3.51,6.1,3.5630434782608686,,0,
Zillertal Weißbier Hell,3.0,Austria,3.55,Zillertal Bier,5.0,Wheat Beer - Hefeweizen,500ml,500,6.0,Wheat Beer,70095,4012,Zillertal,German Hefeweizen,51,34.0,45.0,2.98,5.0,2.9823529411764707,,0,
Flensburger Winterbock,1.99,Germany,3.36,Flensburger Brauerei Emil Petersen,7.0,Bock - Single / Traditional,330ml,330,6.03,Bock,39590,299,Flensburger Brauerei,Heller Bock,231,29.0,30.0,2.9,7.0,2.9034632034632035,,0,
Peroni Nastro Azzurro,1.99,Italy,3.17,Birra Peroni,5.1,Lager - Pale,330ml,330,6.03,Lager,3029,511,Birra Peroni Industriale (SABMiller),Premium Lager,1455,5.0,6.0,2.14,5.1,2.15319587628866,,0,
San Miguel Especial,1.99,Spain,3.14,Grupo Mahou-San Miguel,4.5,Lager - Pale,330ml,330,6.03,Lager,13626,1897,San Miguel Spain (Grupo Mahou-San Miguel),Pale Lager,472,4.0,49.0,2.12,5.4,2.130084745762712,,0,
Duvel,1.99,Belgium,3.72,Duvel Moortgat,8.5,Belgian Strong Golden Ale,330ml,330,6.03,Belgian Strong Golden Ale,1434,247,Duvel Moortgat,Belgian Strong Ale,4449,98.0,98.0,3.79,8.5,3.8105641717239824,,0,
Corona Extra,2.19,Mexico,3.13,Grupo Modelo,4.6,Lager - Mexican,355ml,355,6.17,Lager,742,119,Grupo Modelo (Corona),Pale Lager,3650,1.0,12.0,1.71,4.5,1.7545205479452055,,0,
Kuchlbauer Aloysius,3.1,Germany,3.56,Weissbierbrauer Kuchlbauer,7.2,Bock - Weizenbock,500ml,500,6.2,Bock,19969,3251,Brauerei zum Kuchlbauer,Weizen Bock,134,74.0,68.0,3.37,7.2,3.3776119402985074,,0,
Westmalle Dubbel,2.05,Belgium,3.69,Brouwerij der Trappisten van Westmalle,7.0,Belgian Dubbel,330ml,330,6.21,Belgian Dubbel,2205,379,Brouwerij der Trappisten van Westmalle,Abbey Dubbel,3080,99.0,100.0,3.84,7.0,3.845357142857144,,0,
Texels Skuumkoppe,1.9,Netherlands,3.62,Texelse Bierbrouwerij,6.0,Wheat Beer - Dunkelweizen,Bottle 300ml,300,6.33,Wheat Beer,23569,1995,Texelse Bierbrouwerij,Dunkelweizen,264,44.0,64.0,3.12,6.0,3.138636363636364,-0.4292250556278051,264,3.138636363636364
Zillertal Schwarzes,2.1,Austria,3.33,Zillertal Bier,5.2,Schwarzbier,330ml,330,6.36,Schwarzbier,40667,4012,Zillertal,Schwarzbier,52,22.0,20.0,2.81,5.2,2.8019230769230763,,0,
Verzet Super NoAH,2.13,Belgium,3.29,Brouwerij 't Verzet,4.9,Belgian Blonde,Bottle 330ml,330,6.45,Belgian Blonde,172331,12773,Brouwerij t Verzet,Belgian Ale,141,67.0,85.0,3.32,4.9,3.3304964539007096,,0,
Pinta Atak Chmielu,3.26,Poland,3.55,Browar PINTA,6.1,IPA - American,500ml,500,6.52,IPA,142432,5333,Browar na Jurze,India Pale Ale (IPA),515,93.0,91.0,3.6,6.1,3.6310679611650487,0.3407151730885356,515,3.6310679611650487
Petrus Blond,2.15,Belgium,3.35,Brouwerij De Brabandere,6.5,Belgian Blonde,330ml,330,6.52,Belgian Blonde,9317,380,De Brabandere,Belgian Ale,570,42.0,46.0,3.09,6.6,3.0861403508771934,-0.5365311234626784,570,3.0861403508771934
Saison Dupont Biologique,4.95,Belgium,3.42,Brasserie Dupont,5.5,Farmhouse Ale - Saison,Bottle 750ml,750,6.6,Farmhouse Ale,4679,808,Brasserie Dupont,Saison,585,88.0,79.0,3.5,5.5,3.5092307692307694,,0,
Maisel & Friends Pale Ale,2.19,Germany,3.56,Brauerei Gebr. Maisel,5.2,Pale Ale - American,330ml,330,6.64,Pale Ale,252899,778,Brauerei Gebr. Maisel Bayreuth,American Pale Ale,250,64.0,59.0,3.3,5.2,3.3147999999999995,,0,
Val-Dieu Blonde,2.2,Belgium,3.45,Brasserie de l'Abbaye du Val-Dieu,6.0,Belgian Blonde,330ml,330,6.67,Belgian Blonde,24198,1496,Brasserie de lAbbaye du Val-Dieu,Belgian Ale,480,50.0,67.0,3.22,6.0,3.226458333333333,,0,
Kasteel Rouge,2.2,Belgium,3.58,Kasteel Brouwerij Vanhonsebrouck,8.0,Fruit Beer,330ml,330,6.67,Fruit Beer,9010,956,Brouwerij Van Honsebrouck,Fruit Beer,1247,85.0,96.0,3.47,8.0,3.488291900561346,0.1938496389052512,1247,3.488291900561346
Toetëlèr Amber Tripel,2.2,Belgium,3.41,Brouwerij Den Toetëlèr,8.5,Belgian Tripel,330ml,330,6.67,Belgian Tripel,169526,12610,Brouwerij Den Toetëlèr,Abbey Tripel,36,45.0,30.0,3.11,8.5,3.1305555555555564,-0.4980445682229619,36,3.1305555555555564
Ename Dubbel,2.2,Belgium,3.35,Brouwerij Roman,6.6,Belgian Dubbel,330ml,330,6.67,Belgian Dubbel,5196,953,Brouwerij Roman,Abbey Dubbel,271,47.0,44.0,3.15,6.5,3.1487084870848707,,0,
Jandrain-Jandrenouille III Gravity,2.25,Belgium,3.52,Brasserie de Jandrain-Jandrenouille,7.5,Belgian Strong Golden Ale,330ml,330,6.82,Belgian Strong Golden Ale,519985,9051,Brasserie de Jandrain-Jandrenouille,Belgian Ale,3,,,3.19,7.5,3.533333333333333,,0,
Jandrain-Jandrenouille V Cense,2.25,Belgium,3.53,Brasserie de Jandrain-Jandrenouille,7.0,Farmhouse Ale - Saison,330ml,330,6.82,Farmhouse Ale,99366,9051,Brasserie de Jandrain-Jandrenouille,Belgian Ale,309,87.0,95.0,3.49,7.0,3.5009708737864083,0.2105047948656891,309,3.5009708737864083
Jandrain-Jandrenouille IV Saison,2.25,Belgium,3.64,Brasserie de Jandrain-Jandrenouille,6.5,Farmhouse Ale - Saison,Bottle 330ml,330,6.82,Farmhouse Ale,79849,9051,Brasserie de Jandrain-Jandrenouille,Saison,502,95.0,93.0,3.66,6.5,3.6703187250996017,,0,
Jandrain-Jandrenouille VI Wheat,2.25,Belgium,3.52,Brasserie de Jandrain-Jandrenouille,6.0,Wheat Beer - Witbier / Blanche,330ml,330,6.82,Wheat Beer,125488,9051,Brasserie de Jandrain-Jandrenouille,Wheat Ale,246,92.0,99.0,3.57,6.0,3.5886178861788616,,0,
Pinta Modern Drinking,3.46,Poland,3.66,Browar PINTA,6.5,IPA - American,500ml,500,6.92,IPA,379286,12742,Browar PINTA,India Pale Ale (IPA),352,97.0,97.0,3.72,6.4,3.7474431818181815,,0,
Gentse Strop,2.3,Belgium,3.46,Brouwerij Roman,6.9,Belgian Blonde,330ml,330,6.97,Belgian Blonde,146019,953,Brouwerij Roman,Belgian Ale,220,52.0,70.0,3.23,6.9,3.24,,0,
Triporteur From Hell,2.3,Belgium,3.41,BOMBrewery,6.6,Brown Ale - Belgian,330ml,330,6.97,Brown Ale,175234,14632,BOMBrouwerij,Belgian Ale,218,70.0,87.0,3.34,6.66,3.35,,0,
Saison Dupont Biologique,2.3,Belgium,3.61,Brasserie Dupont,7.5,Farmhouse Ale - Saison,330ml,330,6.97,Farmhouse Ale,4679,808,Brasserie Dupont,Saison,585,88.0,79.0,3.5,5.5,3.5092307692307694,,0,
Vleteren Alt,2.3,Belgium,3.49,Deca Brouwerij,8.0,Belgian Dubbel,330ml,330,6.97,Belgian Dubbel,10677,1708,Deca Services,Belgian Strong Ale,180,76.0,64.0,3.39,8.0,3.3988888888888886,,0,
Budels Goudblond,2.1,Netherlands,3.16,Budelse Brouwerij,6.0,Blonde / Golden Ale - Other,300ml,300,7.0,Blonde / Golden Ale,115535,1684,Budelse Brouwerij,Golden Ale/Blond Ale,153,19.0,22.0,2.75,6.0,2.739869281045752,-0.965987366819736,153,2.739869281045752
Budels Honing,2.1,Netherlands,3.15,Budelse Brouwerij,4.5,Honey Beer,300ml,300,7.0,Honey Beer,22706,1684,Budelse Brouwerij,Pale Lager,117,6.0,69.0,2.26,4.5,2.235897435897436,,0,
Sloeber,2.35,Belgium,3.41,Brouwerij Roman,7.5,Belgian Strong Golden Ale,330ml,330,7.12,Belgian Strong Golden Ale,6401,953,Brouwerij Roman,Belgian Strong Ale,368,44.0,27.0,3.11,7.5,3.107880434782609,,0,
Abbaye des Rocs Brune,2.35,Belgium,3.64,Brasserie de l'Abbaye des Rocs,9.0,Belgian Strong Dark Ale,330ml,330,7.12,Belgian Strong Dark Ale,832,131,Brasserie de lAbbaye des Rocs,Belgian Strong Ale,1564,100.0,100.0,4.03,9.0,4.037020460358057,,0,
Val-Dieu Brune,2.35,Belgium,3.5,Brasserie de l'Abbaye du Val-Dieu,8.0,Belgian Dubbel,330ml,330,7.12,Belgian Dubbel,8762,1496,Brasserie de lAbbaye du Val-Dieu,Abbey Dubbel,598,86.0,94.0,3.48,8.0,3.4859531772575267,0.2220401921067151,598,3.4859531772575267
Tripel Karmeliet,2.35,Belgium,3.99,Brouwerij Bosteels,8.4,Belgian Tripel,330ml,330,7.12,Belgian Tripel,5368,632,Brouwerij Bosteels (AB-InBev),Abbey Tripel,3442,99.0,100.0,3.93,8.4,3.9431435212086,,0,
Bink Blond,2.35,Belgium,3.28,Brouwerij Kerkom,5.5,Belgian Blonde,330ml,330,7.12,Belgian Blonde,10787,1810,Brouwerij Kerkom,Belgian Ale,362,65.0,83.0,3.31,5.5,3.3129834254143646,,0,
Tegernseer Pils,2.39,Germany,3.41,Herzoglich Bayerisches Brauhaus Tegernsee,5.0,Pilsner - German,330ml,330,7.24,Pilsner,86452,2843,Herzoglich Bayerisches Brauhaus Tegernsee,Pilsener,47,35.0,70.0,2.99,5.0,3.0042553191489367,-0.6467077552848856,47,3.0042553191489367
Triporteur Full Moon 12,2.4,Belgium,3.76,BOMBrewery,10.2,Belgian Quadrupel,330ml,330,7.27,Belgian Quadrupel,304055,14632,BOMBrouwerij,Abt/Quadrupel,117,92.0,65.0,3.57,10.2,3.5931623931623933,,0,
Chouffe Bok 6666,2.4,Belgium,3.48,Brasserie d'Achouffe,6.66,Bock - Single / Traditional,330ml,330,7.27,Bock,1618,285,Brasserie dAchouffe  (Duvel-Moortgat),Dunkler Bock,279,75.0,95.0,3.38,6.5,3.3655913978494625,,0,
La Chouffe,2.4,Belgium,3.82,Brasserie d'Achouffe,8.0,Belgian Strong Golden Ale,330ml,330,7.27,Belgian Strong Golden Ale,1614,285,Brasserie dAchouffe  (Duvel-Moortgat),Belgian Strong Ale,2468,97.0,98.0,3.76,8.0,3.762074554294976,,0,
Van Honsebrouck Filou,2.4,Belgium,3.53,Kasteel Brouwerij Vanhonsebrouck,8.5,Belgian Tripel,330ml,330,7.27,Belgian Tripel,284930,956,Brouwerij Van Honsebrouck,Abbey Tripel,159,44.0,32.0,3.12,8.5,3.122012578616352,-0.6140233908770016,159,3.122012578616352
Steenbrugge Blond,2.4,Belgium,3.41,Brouwerij Palm,6.5,Belgian Blonde,330ml,330,7.27,Belgian Blonde,85695,670,Brouwerij Palm,Belgian Ale,296,43.0,48.0,3.11,6.5,3.108108108108108,,0,
Budels Herfstbock,2.4,Netherlands,3.3,Budelse Brouwerij,6.5,Bock - Single / Traditional,330ml,330,7.27,Bock,12483,1684,Budelse Brouwerij,Dunkler Bock,106,44.0,61.0,3.11,6.5,3.1150943396226416,,0,
Gentse Strop,2.45,Belgium,3.56,Brouwerij Van Steenberge,8.0,Belgian Tripel,330ml,330,7.42,Belgian Tripel,146019,953,Brouwerij Roman,Belgian Ale,220,52.0,70.0,3.23,6.9,3.24,,0,
Duvel,2.45,Belgium,3.72,Duvel Moortgat,6.66,Belgian Strong Golden Ale,330ml,330,7.42,Belgian Strong Golden Ale,1434,247,Duvel Moortgat,Belgian Strong Ale,4449,98.0,98.0,3.79,8.5,3.8105641717239824,,0,
Oakham Citra,3.71,England,3.62,Oakham Ales,4.6,IPA - Session,500ml,500,7.42,IPA,116128,1100,Oakham,American Pale Ale,597,93.0,96.0,3.59,4.2,3.6068676716917927,,0,
Beyerd Speciaal Blond,2.49,Netherlands,3.45,Brouwerij De Beyerd,6.9,Blonde / Golden Ale - Other,330ml,330,7.55,Blonde / Golden Ale,355887,5766,Bierbrouwerij De Beyerd,Golden Ale/Blond Ale,2,,,2.97,6.0,3.05,,0,
Schimpf Bockbier,2.49,Germany,3.36,Kronenbrauerei Schimpf,7.2,Bock - Hell / Maibock / Lentebock,330ml,330,7.55,Bock,114729,4991,Kronenbrauerei Schimpf,Heller Bock,15,44.0,60.0,3.1,7.2,3.140000000000001,,0,
Pater Lieven Wit,2.49,Belgium,3.33,Brouwerij Van Den Bossche,4.5,Wheat Beer - Witbier / Blanche,330ml,330,7.55,Wheat Beer,44657,1476,Van Den Bossche,Witbier,122,47.0,69.0,3.16,4.5,3.1786885245901644,,0,
Troubadour Blond,2.5,Belgium,3.48,Brouwerij The Musketeers,6.5,Belgian Blonde,330ml,330,7.58,Belgian Blonde,7571,11515,Brouwerij The Musketeers,Belgian Ale,679,78.0,91.0,3.4,6.5,3.401325478645066,,0,
Paljas Blond,2.5,Belgium,3.37,Brouwerij Henricus,6.0,Belgian Blonde,330ml,330,7.58,Belgian Blonde,200112,13490,Brouwerij Anders!,Belgian Ale,137,57.0,76.0,3.25,6.0,3.2737226277372264,,0,
Triporteur From Heaven,2.5,Belgium,3.55,BOMBrewery,6.2,Belgian Blonde,330ml,330,7.58,Belgian Blonde,175233,14632,BOMBrouwerij,Golden Ale/Blond Ale,211,76.0,98.0,3.38,6.2,3.3919431279620853,,0,
Bacchus Vlaams Oud Bruin,2.85,Belgium,3.57,Kasteel Brouwerij Vanhonsebrouck,4.5,Sour - Flanders Oud Bruin,Bottle 375ml,375,7.6,Sour,6105,956,Brouwerij Van Honsebrouck,Sour Red/Brown,691,65.0,30.0,3.31,4.5,3.310709117221418,,0,
Toetëlèr Speculaas,2.51,Belgium,3.09,Brouwerij Den Toetëlèr,8.5,Spiced / Herbed Beer,330ml,330,7.61,Spiced / Herbed Beer,193872,12610,Brouwerij Den Toetëlèr,Spice/Herb/Vegetable,31,37.0,44.0,3.01,8.5,3.02258064516129,-0.7188630584598509,31,3.02258064516129
De la Senne Taras Boulba,2.53,Belgium,3.35,Brasserie de la Senne,4.5,Belgian Blonde,330ml,330,7.67,Belgian Blonde,56185,5322,Brasserie de la Senne,Belgian Ale,1045,88.0,96.0,3.5,4.5,3.5138755980861243,0.2239401319784678,1045,3.5138755980861243
Zillertal Gauder Bock,3.85,Austria,3.4,Zillertal Bier,7.8,Bock - Hell / Maibock / Lentebock,500ml,500,7.7,Bock,77217,4012,Zillertal,Heller Bock,25,31.0,30.0,2.87,7.8,2.8999999999999995,,0,
Paljas Saison,2.55,Belgium,3.42,Brouwerij Henricus,6.0,Farmhouse Ale - Saison,330ml,330,7.73,Farmhouse Ale,328563,13490,Brouwerij Anders!,Saison,104,81.0,66.0,3.43,6.0,3.448076923076924,,0,
Witkap Pater Tripel,2.55,Belgium,3.48,Brouwerij Slaghmuylder,7.5,Belgian Tripel,330ml,330,7.73,Belgian Tripel,5397,797,Brouwerij Slaghmuylder,Abbey Tripel,429,79.0,80.0,3.41,7.5,3.4114219114219115,0.1067773129121793,429,3.4114219114219115
Vedett Extra Ordinary IPA,2.55,Belgium,3.49,Duvel Moortgat,5.5,IPA - Belgian,330ml,330,7.73,IPA,253212,247,Duvel Moortgat,India Pale Ale (IPA),420,59.0,39.0,3.27,5.5,3.2721428571428577,,0,
Ename Tripel,2.55,Belgium,3.55,Brouwerij Roman,8.5,Belgian Tripel,330ml,330,7.73,Belgian Tripel,6400,953,Brouwerij Roman,Abbey Tripel,421,50.0,44.0,3.21,8.5,3.211401425178148,,0,
Blanche,2.55,Belgium,3.43,Brouwerij Corsendonk,4.8,Wheat Beer - Witbier / Blanche,330ml,330,7.73,Wheat Beer,527915,1188,Brouwerij Strubbe,Witbier,1,,,3.09,5.5,3.7,,0,
De Eeuwige Jeugd Gladjanus,2.55,Netherlands,3.5,Brouwerij de Eeuwige Jeugd,5.2,IPA - White / Wheat,330ml,330,7.73,IPA,442224,28294,Brouwerij De Eeuwige Jeugd,Wheat Ale,16,50.0,79.0,3.2,4.6,3.2687500000000003,,0,
Abbaye des Rocs Triple Impériale,2.59,Belgium,3.66,Brasserie de l'Abbaye des Rocs,9.0,Belgian Strong Dark Ale,330ml,330,7.85,Belgian Strong Dark Ale,40722,131,Brasserie de lAbbaye des Rocs,Belgian Strong Ale,908,99.0,99.0,3.9,10.0,3.902312775330397,,0,
Westmalle Tripel,2.59,Belgium,3.81,Brouwerij der Trappisten van Westmalle,9.5,Belgian Tripel,330ml,330,7.85,Belgian Tripel,2204,379,Brouwerij der Trappisten van Westmalle,Abbey Tripel,3467,99.0,100.0,3.85,9.5,3.8692817998269393,,0,
Wolf 8,2.6,Belgium,3.48,Brouwerij Wolf,8.5,Belgian Strong Dark Ale,330ml,330,7.88,Belgian Strong Dark Ale,100994,1718,Brouwerij Het Anker,Belgian Strong Ale,58,73.0,57.0,3.36,8.2,3.372413793103448,,0,
Val-Dieu Grand Cru,2.6,Belgium,3.78,Brasserie de l'Abbaye du Val-Dieu,10.5,Belgian Quadrupel,330ml,330,7.88,Belgian Quadrupel,59715,1496,Brasserie de lAbbaye du Val-Dieu,Belgian Strong Ale,618,97.0,97.0,3.75,10.5,3.767313915857605,0.6824188236774594,618,3.767313915857605
De Eeuwige Jeugd Lellebel,2.6,Netherlands,3.57,Brouwerij de Eeuwige Jeugd,5.7,Blonde / Golden Ale - Other,330ml,330,7.88,Blonde / Golden Ale,507709,28294,Brouwerij De Eeuwige Jeugd,Belgian Ale,4,,,3.05,5.7,3.1750000000000003,,0,
Hapkin,2.6,Belgium,3.5,Brouwerij Alken-Maes,8.5,Belgian Strong Golden Ale,330ml,330,7.88,Belgian Strong Golden Ale,3966,6372,Brouwerijen Alken-Maes (Heineken),Belgian Strong Ale,373,68.0,50.0,3.32,8.5,3.3252010723860588,,0,
St. Austell Mena Dhu,3.95,England,3.69,St Austell Brewery,6.0,Stout - English,500ml,500,7.9,Stout,381114,1033,St. Austell,Stout,49,78.0,71.0,3.4,4.5,3.4469387755102043,,0,
Verzet Golden Tricky,2.61,Belgium,3.47,Brouwerij 't Verzet,7.5,IPA - Belgian,Bottle 330ml,330,7.91,IPA,248776,12773,Brouwerij t Verzet,India Pale Ale (IPA),148,86.0,74.0,3.48,7.5,3.5,,0,
Verzet Moose Blues,2.61,Belgium,3.37,Brouwerij 't Verzet,7.5,Belgian Strong Dark Ale,330ml,330,7.91,Belgian Strong Dark Ale,159593,12773,Brouwerij t Verzet,Belgian Strong Ale,118,48.0,36.0,3.18,7.5,3.1838983050847456,,0,
Vicaris Quinto,2.62,Belgium,3.29,Brouwerij Dilewyns,5.0,Belgian Blonde,330ml,330,7.94,Belgian Blonde,145365,12880,Dilewyns,Belgian Ale,147,56.0,75.0,3.25,5.0,3.266666666666667,-0.284674110094113,147,3.266666666666667
Verzet Rebel Local,2.63,Belgium,3.45,Brouwerij 't Verzet,8.0,Belgian Tripel,330ml,330,7.97,Belgian Tripel,142793,12773,Brouwerij t Verzet,India Pale Ale (IPA),180,67.0,45.0,3.32,8.5,3.3272222222222227,,0,
Beyerd Hefe Weisse,2.65,Netherlands,3.44,Brouwerij De Beyerd,5.5,Wheat Beer - Hefeweizen,330ml,330,8.03,Wheat Beer,48870,5766,Bierbrouwerij De Beyerd,German Hefeweizen,18,39.0,50.0,3.01,5.5,3.033333333333333,,0,
Petrus Tripel,2.65,Belgium,3.46,Brouwerij De Brabandere,7.5,Belgian Tripel,330ml,330,8.03,Belgian Tripel,6773,380,De Brabandere,Abbey Tripel,874,56.0,48.0,3.25,7.5,3.2480549199084665,,0,
Mc Chouffe,6.1,Belgium,3.64,Brasserie d'Achouffe,8.0,Belgian Strong Dark Ale,Bottle 750ml,750,8.13,Belgian Strong Dark Ale,1615,285,Brasserie dAchouffe  (Duvel-Moortgat),Belgian Strong Ale,1619,94.0,93.0,3.64,8.0,3.641568869672637,,0,
Moinette Brune,2.7,Belgium,3.54,Brasserie Dupont,8.5,Belgian Strong Dark Ale,330ml,330,8.18,Belgian Strong Dark Ale,6161,808,Brasserie Dupont,Abbey Dubbel,724,91.0,97.0,3.56,8.5,3.564502762430939,,0,
Arrogant Bastard Ale,3.9,United States,3.68,Arrogant Consortia,7.2,Strong Ale - American,Can 475ml,475,8.21,Strong Ale,1315,28443,Arrogant Brewing,American Strong Ale ,4269,99.0,98.0,3.88,7.2,3.8931365659405017,,0,
Old Man Ale,4.11,England,3.54,Coniston Brewing Company,4.8,Old / Stock Ale,500ml,500,8.22,Old / Stock Ale,217689,1889,Dark Horse Brewing Company,Old Ale,1,,,2.93,,4.0,,0,
Satan Black,2.75,Belgium,3.4,Brouwerij De Block,8.0,Belgian Strong Dark Ale,330ml,330,8.33,Belgian Strong Dark Ale,273961,74,De Block Brouwerij,Belgian Strong Ale,27,44.0,27.0,3.11,8.0,3.1259259259259267,,0,
Val-Dieu Triple,2.75,Belgium,3.67,Brasserie de l'Abbaye du Val-Dieu,9.0,Belgian Tripel,330ml,330,8.33,Belgian Tripel,8761,1496,Brasserie de lAbbaye du Val-Dieu,Abbey Tripel,735,90.0,93.0,3.53,9.0,3.542312925170068,0.3100455701879758,735,3.542312925170068
De la Senne Zinnebir,2.77,Belgium,3.4,Brasserie de la Senne,5.8,Pale Ale - Belgian,Bottle 330ml,330,8.39,Pale Ale,40467,5322,Brasserie de la Senne,Belgian Ale,778,89.0,96.0,3.52,6.0,3.5264781491002566,,0,
Marble Mild,4.2,England,3.64,Marble Beers Ltd,4.1,Mild - Dark,500ml,500,8.4,Mild,72848,2785,Marble,Mild Ale,6,,,3.0,4.0,3.25,,0,
India Pale Ale,4.2,England,3.38,Fuller's Brewery,5.3,IPA - English,500ml,500,8.4,IPA,484561,30226,Wesley Brewery,India Pale Ale (IPA),0,,,,5.7,,,0,
Pale Ale,2.99,United States,3.62,Sierra Nevada Brewing Co.,5.6,Pale Ale - American,Can 355ml,355,8.42,Pale Ale,493741,30602,Robin Hood Brewing Co,American Pale Ale,2,,,2.93,4.5,2.95,,0,
Pater Lieven Blond,2.79,Belgium,3.37,Brouwerij Van Den Bossche,6.5,Belgian Blonde,330ml,330,8.45,Belgian Blonde,9414,1476,Van Den Bossche,Belgian Ale,206,45.0,50.0,3.13,6.5,3.127184466019417,-0.3979832133128169,206,3.127184466019417
Vicaris Tripel,2.8,Belgium,3.55,Brouwerij Dilewyns,8.5,Belgian Tripel,330ml,330,8.48,Belgian Tripel,52987,12880,Dilewyns,Abbey Tripel,259,81.0,83.0,3.42,8.5,3.4347490347490344,,0,
Troubadour Magma,2.8,Belgium,3.68,Brouwerij The Musketeers,8.5,IPA - Belgian,Bottle 330ml,330,8.48,IPA,119255,11515,Brouwerij The Musketeers,Imperial IPA,886,96.0,84.0,3.69,9.0,3.6992099322799104,,0,
Texels Goudkoppe,2.55,Netherlands,3.5,Texelse Bierbrouwerij,6.0,Belgian Blonde,300ml,300,8.5,Belgian Blonde,87265,1995,Texelse Bierbrouwerij,Belgian Ale,132,43.0,47.0,3.1,6.0,3.1060606060606064,-0.474052183457998,132,3.1060606060606064
Orval,2.85,Belgium,3.68,Brasserie d'Orval,6.2,Pale Ale - Belgian,330ml,330,8.64,Pale Ale,835,132,Brasserie dOrval,Belgian Ale,4486,99.0,100.0,3.91,6.2,3.92753009362461,,0,
Moeder Overste,2.85,Belgium,3.48,Brasserie Lefebvre,8.0,Belgian Tripel,330ml,330,8.64,Belgian Tripel,6957,104,Brasserie Lefebvre,Abbey Tripel,305,68.0,62.0,3.33,8.0,3.335409836065573,,0,
Satan Red,2.85,Belgium,3.37,Brouwerij De Block,8.0,Red Ale - Other,330ml,330,8.64,Red Ale,402,74,De Block Brouwerij,Belgian Strong Ale,503,45.0,29.0,3.13,8.0,3.128230616302187,,0,
Schönramer Bayrisch Pale Ale,2.89,Germany,3.49,Private Landbrauerei Schönram,5.5,Pale Ale - American,330ml,330,8.76,Pale Ale,170706,2818,Private Landbrauerei Schönram,American Pale Ale,134,53.0,47.0,3.23,5.5,3.232089552238806,-0.3502730665849538,134,3.232089552238806
Schneider Weisse Original,2.9,Germany,3.66,Schneider Weisse G. Schneider & Sohn,5.4,Wheat Beer - Hefeweizen,330ml,330,8.79,Wheat Beer,1762,313,Schneider Weisse G. Schneider & Sohn GmbH,German Hefeweizen,2172,92.0,100.0,3.58,5.4,3.58609576427256,,0,
Toetëlèr Blond,2.9,Belgium,3.36,Brouwerij Den Toetëlèr,7.3,Belgian Blonde,330ml,330,8.79,Belgian Blonde,507558,12610,Brouwerij Den Toetëlèr,Belgian Ale,7,,,3.01,7.3,3.0571428571428565,,0,
Windhoek Lager,2.9,Namibia,3.04,Namibia Breweries,4.0,Lager - Pale,330ml,330,8.79,Lager,4622,793,Namibia Breweries,Pale Lager,442,5.0,52.0,2.15,4.0,2.181900452488688,,0,
Flensburger Radler,2.9,Germany,3.05,Flensburger Brauerei Emil Petersen,3.0,Shandy / Radler,330ml,330,8.79,Shandy / Radler,48459,299,Flensburger Brauerei,Radler/Shandy,81,1.0,9.0,1.73,2.4,1.6864197530864191,,0,
Othmar Blond,2.95,Netherlands,3.47,Ootmarsummer Bierbrouwerij Heupink & Co,6.5,Blonde / Golden Ale - Other,330ml,330,8.94,Blonde / Golden Ale,338130,13698,Ootmarsummer Bierbrouwerij Heupink & Co,Heller Bock,10,39.0,48.0,3.04,6.5,3.08,,0,
Troubadour Magma,2.95,Belgium,3.68,Brouwerij The Musketeers,9.0,IPA - Belgian,330ml,330,8.94,IPA,119255,11515,Brouwerij The Musketeers,Imperial IPA,886,96.0,84.0,3.69,9.0,3.6992099322799104,,0,
Val-Dieu Bière de Noël,2.95,Belgium,3.55,Brasserie de l'Abbaye du Val-Dieu,7.0,Winter Warmer,330ml,330,8.94,Winter Warmer,12172,1496,Brasserie de lAbbaye du Val-Dieu,Belgian Ale,348,79.0,91.0,3.41,7.0,3.410344827586207,,0,
Texels Vuurbaak,2.7,Netherlands,3.46,Texelse Bierbrouwerij,5.5,Red Ale - Irish,300ml,300,9.0,Red Ale,265183,1995,Texelse Bierbrouwerij,Irish Ale,67,59.0,94.0,3.27,5.5,3.2955223880597013,-0.2989749218877041,67,3.2955223880597013
De la Senne Jambe-de-Bois,2.97,Belgium,3.56,Brasserie de la Senne,8.0,Belgian Tripel,330ml,330,9.0,Belgian Tripel,90886,5322,Brasserie de la Senne,Abbey Tripel,521,93.0,95.0,3.6,8.0,3.604606525911709,,0,
Petrus Dubbel,2.99,Belgium,3.32,Brouwerij De Brabandere,7.0,Belgian Dubbel,330ml,330,9.06,Belgian Dubbel,50688,380,De Brabandere,Abbey Dubbel,681,76.0,86.0,3.38,6.5,3.388546255506608,,0,
Duvel Tripel Hop Citra,3.0,Belgium,3.68,Duvel Moortgat,9.5,IPA - Belgian,330ml,330,9.09,IPA,496011,247,Duvel Moortgat,Belgian Strong Ale,473,98.0,98.0,3.76,9.5,3.7824524312896406,,0,
Budels Kolos,2.75,Netherlands,3.24,Budelse Brouwerij,7.5,Belgian Strong Golden Ale,300ml,300,9.17,Belgian Strong Golden Ale,115536,1684,Budelse Brouwerij,Belgian Strong Ale,108,39.0,16.0,3.03,7.5,3.028703703703704,-0.554164943375494,108,3.028703703703704
Tegernseer 1806 Max I. Joseph Jubiläums Export,4.6,Germany,3.61,Herzoglich Bayerisches Brauhaus Tegernsee,5.2,Lager - Dortmunder / Export,500ml,500,9.2,Lager,62978,2843,Herzoglich Bayerisches Brauhaus Tegernsee,Dortmunder/Helles,83,38.0,85.0,3.03,5.2,3.0337349397590363,-0.5698289577995781,83,3.0337349397590363
Tegernseer Dunkel Export,4.6,Germany,3.54,Herzoglich Bayerisches Brauhaus Tegernsee,5.0,Lager - Munich Dunkel,500ml,500,9.2,Lager,16952,2843,Herzoglich Bayerisches Brauhaus Tegernsee,Dunkel/Tmavý,87,41.0,69.0,3.07,5.0,3.0758620689655176,,0,
Satan Gold,3.05,Belgium,3.42,Brouwerij De Block,8.0,Belgian Strong Golden Ale,330ml,330,9.24,Belgian Strong Golden Ale,5385,74,De Block Brouwerij,Belgian Strong Ale,457,41.0,21.0,3.07,8.0,3.076805251641137,,0,
Jessenhofke RSRV,3.05,Belgium,3.43,Biologische Brouwerij Jessenhofke,10.0,Belgian Quadrupel,330ml,330,9.24,Belgian Quadrupel,200192,14724,Jessenhofke,Abt/Quadrupel,79,77.0,35.0,3.39,10.0,3.4177215189873413,,0,
Moinette Biologique,6.95,Belgium,3.61,Brasserie Dupont,7.5,Farmhouse Ale - Saison,Bottle 750ml,750,9.27,Farmhouse Ale,4680,808,Brasserie Dupont,Belgian Strong Ale,996,96.0,96.0,3.71,7.5,3.710140562248996,,0,
Vicaris Generaal,3.1,Belgium,3.48,Brouwerij Dilewyns,8.5,Belgian Strong Dark Ale,330ml,330,9.39,Belgian Strong Dark Ale,52986,12880,Dilewyns,Abbey Dubbel,336,94.0,98.0,3.63,8.5,3.6458333333333335,,0,
Troubadour Imperial Stout,3.1,Belgium,3.64,Brouwerij The Musketeers,9.0,Stout - Belgian,330ml,330,9.39,Stout,171235,11515,Brouwerij The Musketeers,Imperial Stout,382,94.0,46.0,3.62,9.0,3.635078534031413,,0,
Tegernseer Spezial,4.7,Germany,3.6,Herzoglich Bayerisches Brauhaus Tegernsee,5.6,Lager - Dortmunder / Export,500ml,500,9.4,Lager,20566,2843,Herzoglich Bayerisches Brauhaus Tegernsee,Dortmunder/Helles,227,29.0,67.0,2.92,5.6,2.9237885462555067,-0.7437151221958773,227,2.9237885462555067
Augustiner Weissbier,4.7,Germany,3.67,Augustiner-Bräu München,5.4,Wheat Beer - Hefeweizen,500ml,500,9.4,Wheat Beer,10130,777,Augustiner-Bräu,German Hefeweizen,375,58.0,92.0,3.26,5.4,3.2728,,0,
Verzet Oud Bruin,3.12,Belgium,3.59,Brouwerij 't Verzet,6.0,Sour - Flanders Oud Bruin,330ml,330,9.45,Sour,182802,12773,Brouwerij t Verzet,Sour Red/Brown,315,94.0,69.0,3.62,6.0,3.6288888888888886,,0,
Blaugies / Hill Farmstead La Vermontoise,7.27,Belgium,3.8,Brasserie de Blaugies/ Hill Farmstead Brewery,6.0,Farmhouse Ale - Saison,Bottle 750ml,750,9.69,Farmhouse Ale,201329,1613,Brasserie de Blaugies,Saison,610,97.0,96.0,3.73,6.0,3.732622950819672,0.5498705938298921,610,3.732622950819672
Blaugies La Moneuse,7.27,Belgium,3.74,Brasserie de Blaugies,8.0,Farmhouse Ale - Saison,Bottle 750ml,750,9.69,Farmhouse Ale,9351,1613,Brasserie de Blaugies,Saison,602,97.0,96.0,3.71,8.0,3.7152823920265785,0.5876271904534486,602,3.7152823920265785
The Garden India Pale Ale,3.2,Croatia,3.77,The Garden Brewery,6.0,IPA - Milkshake,330ml,330,9.7,IPA,456060,27384,The Garden Brewery,India Pale Ale (IPA),37,80.0,62.0,3.42,6.5,3.472972972972973,,0,
The Garden Pale Ale,3.2,Croatia,3.57,The Garden Brewery,4.8,Pale Ale - American,330ml,330,9.7,Pale Ale,451239,27384,The Garden Brewery,American Pale Ale,35,61.0,55.0,3.28,5.1,3.3171428571428567,,0,
Gruut Amber Ale,3.2,Belgium,3.33,Gentse Gruut Stadsbrouwerij,6.6,Historical Beer - Gruit / Ancient Herbed Ale,330ml,330,9.7,Historical Beer,88501,9592,Gentse Stadsbrouwerij Gruut,Traditional Ale,208,42.0,45.0,3.08,6.6,3.0870192307692315,,0,
Eem Tierig,3.2,Netherlands,3.38,Brouwerij Eembier,6.7,IPA - Other,330ml,330,9.7,IPA,453765,10972,Bierbrouwerij de Eem,India Pale Ale (IPA),76,74.0,49.0,3.37,6.5,3.388157894736842,,0,
De la Senne Bruxellensis,3.23,Belgium,3.32,Brasserie de la Senne,6.5,Brett Beer,Bottle 330ml,330,9.79,Brett Beer,426608,5322,Brasserie de la Senne,Belgian Ale,141,98.0,100.0,3.79,6.5,3.82127659574468,,0,
Pater Lieven Tripel,3.25,Belgium,3.5,Brouwerij Van Den Bossche,8.0,Belgian Tripel,330ml,330,9.85,Belgian Tripel,8670,1476,Van Den Bossche,Abbey Tripel,368,72.0,71.0,3.36,8.0,3.362228260869565,0.0108654613121742,368,3.362228260869565
Bacchus Kriekenbier,3.25,Belgium,3.69,Kasteel Brouwerij Vanhonsebrouck,5.8,Sour - Flanders Oud Bruin,330ml,330,9.85,Sour,82497,956,Brouwerij Van Honsebrouck,Sour Red/Brown,313,49.0,17.0,3.2,5.8,3.197444089456869,,0,
Petrus Aged Pale,3.3,Belgium,3.58,Brouwerij De Brabandere,7.3,Sour - Other,330ml,330,10.0,Sour,10325,380,De Brabandere,Sour/Wild Ale,1582,93.0,65.0,3.61,7.3,3.606573957016436,,0,
The Garden Citrus IPA,3.39,Croatia,3.61,The Garden Brewery,7.2,IPA - Fruited,330ml,330,10.27,IPA,436592,27384,The Garden Brewery,India Pale Ale (IPA),42,78.0,56.0,3.4,7.2,3.4428571428571426,,0,
Gruut Inferno,3.4,Belgium,3.52,Gentse Gruut Stadsbrouwerij,9.0,Historical Beer - Gruit / Ancient Herbed Ale,330ml,330,10.3,Historical Beer,139910,9592,Gentse Stadsbrouwerij Gruut,Belgian Strong Ale,164,43.0,24.0,3.1,8.5,3.101829268292684,,0,
Rogue Dead Guy Ale,4.9,United States,3.71,Rogue Ales,6.8,Bock - Hell / Maibock / Lentebock,473ml,473,10.36,Bock,589,96,Rogue Ales,Heller Bock,3837,87.0,99.0,3.5,6.5,3.5126922074537403,,0,
Strieper The Incredible Double Zen Boosting Chill Machine,3.5,Netherlands,3.31,Strieper Craft Beer Company,6.8,Belgian Dubbel,330ml,330,10.61,Belgian Dubbel,472230,29623,Strieper Craft Beer Company,Abbey Dubbel,1,,,2.94,6.8,3.0,,0,
Bacchus Frambozenbier,3.55,Belgium,3.65,Kasteel Brouwerij Vanhonsebrouck,5.0,Sour - Flanders Oud Bruin,330ml,330,10.76,Sour,82483,956,Brouwerij Van Honsebrouck,Sour Red/Brown,342,50.0,19.0,3.21,5.0,3.2219298245614034,,0,
Strieper The Uplifting Triple Decker Flying Apparatus,3.6,Netherlands,3.51,Strieper Craft Beer Company,8.5,Belgian Tripel,330ml,330,10.91,Belgian Tripel,524648,29623,Strieper Craft Beer Company,Abbey Tripel,2,,,2.88,8.5,2.8,,0,
Insel-Brauerei Baltic Dubbel,3.69,Germany,3.34,Rügener Insel-Brauerei,8.5,Belgian Dubbel,330ml,330,11.18,Belgian Dubbel,359727,24206,Rügener Insel-Brauerei GmbH,Abbey Dubbel,98,43.0,38.0,3.11,8.5,3.11530612244898,-0.7136835766217936,98,3.11530612244898
Insel-Brauerei Baltic Stout,3.69,Germany,3.33,Rügener Insel-Brauerei,7.5,Stout - Imperial / Double,330ml,330,11.18,Stout,362760,24206,Rügener Insel-Brauerei GmbH,Foreign Stout,98,54.0,30.0,3.24,7.5,3.251020408163265,-0.4386669694833214,98,3.251020408163265
Insel-Brauerei Insel Saison,3.69,Germany,3.41,Rügener Insel-Brauerei,5.6,Farmhouse Ale - Saison,330ml,330,11.18,Farmhouse Ale,359083,24206,Rügener Insel-Brauerei GmbH,Saison,63,42.0,14.0,3.08,5.5,3.0999999999999988,-0.7263812396424191,63,3.0999999999999988
Insel-Brauerei Baltic Ale,3.69,Germany,3.42,Rügener Insel-Brauerei,7.5,Belgian Strong Golden Ale,330ml,330,11.18,Belgian Strong Golden Ale,358346,24206,Rügener Insel-Brauerei GmbH,Belgian Strong Ale,90,39.0,18.0,3.05,7.5,3.055555555555556,-0.8042580396461528,90,3.055555555555556
Insel-Brauerei Baltic Tripel,3.69,Germany,3.57,Rügener Insel-Brauerei,9.5,Belgian Tripel,330ml,330,11.18,Belgian Tripel,362761,24206,Rügener Insel-Brauerei GmbH,Abbey Tripel,93,47.0,40.0,3.17,9.5,3.1752688172043007,-0.6096146933564901,93,3.1752688172043007
Flensburger Edles Helles,3.7,Germany,3.32,Flensburger Brauerei Emil Petersen,5.4,Lager - Helles,330ml,330,11.21,Lager,195665,299,Flensburger Brauerei,Dortmunder/Helles,70,18.0,36.0,2.74,5.4,2.731428571428572,,0,
La Rulles Estivale,8.58,Belgium,3.52,Brasserie Artisanale de Rulles,5.2,Farmhouse Ale - Saison,Bottle 750ml,750,11.44,Farmhouse Ale,48719,1896,Brasserie Artisanale de Rulles,Belgian Ale,621,95.0,99.0,3.65,5.2,3.660869565217391,,0,
Insel-Brauerei Insel Kreide,3.79,Germany,3.37,Rügener Insel-Brauerei,5.6,Bière de Champagne / Bière Brut,330ml,330,11.48,Bière de Champagne / Bière Brut,358350,24206,Rügener Insel-Brauerei GmbH,Witbier,72,41.0,52.0,3.08,5.5,3.0861111111111112,-0.7473373326805414,72,3.0861111111111112
Flensburger Gold,3.8,Germany,3.22,Flensburger Brauerei Emil Petersen,4.8,Lager - Helles,330ml,330,11.52,Lager,44426,299,Flensburger Brauerei,Dortmunder/Helles,351,8.0,5.0,2.39,4.8,2.386609686609687,,0,
Moonshine Pale Ale,5.1,England,3.57,Abbeydale Brewery,4.3,Pale Ale - English,Can 440ml,440,11.59,Pale Ale,241131,4784,Moonshine Brewery,Golden Ale/Blond Ale,3,,,2.94,3.9,2.966666666666667,,0,
Texels Bock,8.95,Netherlands,3.48,Texelse Bierbrouwerij,7.0,Bock - Single / Traditional,Bottle 750ml,750,11.93,Bock,17378,1995,Texelse Bierbrouwerij,Dunkler Bock,168,71.0,94.0,3.35,7.0,3.361904761904761,,0,
St. Louis Premium Kriek,2.99,Belgium,3.5,Kasteel Brouwerij Vanhonsebrouck,3.2,Lambic - Kriek,Bottle 250ml,250,11.96,Lambic,16858,956,Brouwerij Van Honsebrouck,Lambic Style - Fruit,343,38.0,22.0,3.03,3.2,3.034402332361517,,0,
Eem Potig,3.95,Netherlands,3.37,Brouwerij Eembier,7.5,Stout - Other,330ml,330,11.97,Stout,456277,10972,Bierbrouwerij de Eem,Stout,58,81.0,73.0,3.41,7.5,3.4413793103448285,,0,
Budels Zware Dobber,3.6,Netherlands,3.32,Budelse Brouwerij,8.5,Belgian Tripel,300ml,300,12.0,Belgian Tripel,114974,1684,Budelse Brouwerij,Heller Bock,76,33.0,38.0,2.96,8.5,2.96578947368421,-0.6838524002426916,76,2.96578947368421
Verzet Kameradski Balsamico,4.19,Belgium,3.63,Brouwerij 't Verzet,12.5,Stout - Russian Imperial,Bottle 330ml,330,12.7,Stout,472946,12773,Brouwerij t Verzet,Imperial Stout,36,99.0,84.0,3.83,13.5,3.9277777777777767,,0,
Bière de Noël,4.2,France,3.44,Brasserie Galibot,6.4,Lager - Winter,330ml,330,12.73,Lager,8198,365,Brasseurs RJ,Pale Lager,1,,,0.0,6.0,3.6,,0,
Bière de Noël,4.2,France,3.44,Brasserie Galibot,6.4,Lager - Winter,330ml,330,12.73,Lager,198169,15936,Petite Brasserie Picarde,Amber Ale,0,,,,8.0,,,0,
Grimbergen Winter,4.2,Belgium,3.44,Brouwerij Alken-Maes,6.5,Winter Ale,330ml,330,12.73,Winter Ale,186557,6372,Brouwerijen Alken-Maes (Heineken),Belgian Ale,128,42.0,46.0,3.09,6.5,3.09453125,,0,
Aphrodite,6.4,Canada,3.96,Brasserie Dieu du Ciel!,6.5,Stout - American,473ml,473,13.53,Stout,109210,668,Brasserie des Fagnes,Belgian Strong Ale,5,,,2.9,7.5,2.88,,0,
Struise Black Albert,4.5,Belgium,4.1,De Struise Brouwers,13.0,Stout - Belgian,330ml,330,13.64,Stout,77305,9244,De Struise Brouwers,Imperial Stout,1628,100.0,99.0,4.13,13.0,4.131941031941032,,0,
Cuvée De Ranke,10.3,Belgium,3.93,Brouwerij De Ranke,7.0,Sour - Other,Bottle 750ml,750,13.73,Sour,70647,6167,Brouwerij De Ranke,Sour/Wild Ale,669,99.0,98.0,3.9,7.0,3.908669656203288,0.9254671263528704,669,3.908669656203288
Hof Ten Dormaal Sloe,4.67,Belgium,3.66,Brouwerij Hof ten Dormaal,6.2,Sour - Fruited,330ml,330,14.15,Sour,414892,10535,Brouwerij Hof Ten Dormaal,Sour/Wild Ale,42,64.0,23.0,3.3,6.0,3.3309523809523816,,0,
St. Louis Premium Framboise,3.59,Belgium,3.73,Kasteel Brouwerij Vanhonsebrouck,2.8,Lambic - Framboise,Bottle 250ml,250,14.36,Lambic,28152,956,Brouwerij Van Honsebrouck,Lambic Style - Fruit,350,41.0,22.0,3.07,2.8,3.0711428571428576,,0,
Musa Born In The IPA,4.99,Portugal,3.6,Cerveja Musa,6.5,IPA - American,330ml,330,15.12,IPA,396189,26061,Cerveja Independente Musa,India Pale Ale (IPA),27,80.0,61.0,3.42,6.5,3.485185185185185,-0.0094159307867636,27,3.485185185185185
Shiner Bock,5.49,United States,3.5,Spoetzl Brewery,4.4,Bock - Single / Traditional,355ml,355,15.46,Bock,909,149,Spoetzl Brewery &#40;Gambrinus Company&#41;,Amber Lager/Vienna,1840,12.0,36.0,2.59,4.41,2.652282608695652,,0,
De Cam Oude Lambiek,12.04,Belgium,3.86,Geuzestekerij De Cam,6.5,Lambic - Traditional,Bottle 750ml,750,16.05,Lambic,31842,2519,Geuzestekerij De Cam,Lambic Style - Unblended,503,99.0,96.0,3.85,5.0,3.8612326043737566,,0,
Achel Blond Extra,13.75,Belgium,3.67,Brouwerij der Sint-Benedictusabdij De Achelse Kluis,8.0,Belgian Tripel,Bottle 750ml,750,18.33,Belgian Tripel,135870,1805,Brouwerij der Trappistenabdij De Achelse Kluis,Abbey Tripel,69,96.0,98.0,3.7,9.5,3.7434782608695656,,0,
Kasteelbier Donker,6.2,Belgium,3.64,Kasteel Brouwerij Vanhonsebrouck,11.0,Belgian Quadrupel,330ml,330,18.79,Belgian Quadrupel,5205,956,Brouwerij Van Honsebrouck,Belgian Strong Ale,1364,93.0,91.0,3.6,11.0,3.60608504398827,,0,
Kemker Stadt Land Bier,7.37,Germany,3.68,Kemker Kultuur (Brauerei J. Kemker),3.5,Farmhouse Ale - Saison,Bottle 375ml,375,19.65,Farmhouse Ale,521489,31642,Brauerei Kemker,Sour/Wild Ale,5,,,3.14,4.0,3.3,,0,
Bottle Logic Ocularity,9.5,United States,3.91,Bottle Logic Brewing,8.5,IPA - Imperial / Double,473ml,473,20.08,IPA,330750,18747,Bottle Logic Brewing,Imperial IPA,23,73.0,29.0,3.35,9.5,3.4173913043478263,,0,
AleSmith IPA,10.2,United States,3.78,AleSmith Brewing Company,6.0,Pale Ale - American,473ml,473,21.56,Pale Ale,14396,432,AleSmith Brewing Company,India Pale Ale (IPA),2366,100.0,100.0,4.08,7.25,4.084319526627219,,0,
