Beer_name,Price,Origin,Rating,Brewery,Percentage,Beer_type,Countenance,Countenance_per_litre
Glas,"€ 5,50",England,3.83,Azvex Brewing Company,5.2%,Pale Ale - New England / Hazy,,
Meesterstuk 2025,"€ 13,99",Netherlands,4.11,Jopen,11.11%,Stout - Pastry,Bottle 750ml,"€ 18,65 per litre"
Meesterstuk 2025,"€ 6,99",Netherlands,4.11,Jopen,11.11%,Stout - Pastry,Bottle 750ml,"€ 18,65 per litre"
Do Not Eat the Yellow Snow,"€ 5,59",Netherlands,3.66,Uiltje Brewing Company,8.9%,IPA - Imperial / Double,Bottle 750ml,"€ 18,65 per litre"
Liqour 43 Infused,"€ 3,79",Netherlands,?,Guilty Monkey Brewery,7.6%,Belgian Quadrupel,Bottle 750ml,"€ 18,65 per litre"
Tonka Creme Brûlée Demolitionist,"€ 7,39",Netherlands,?,Moersleutel Craft Brewery,10%,Stout - Imperial / Double Pastry,Bottle 750ml,"€ 18,65 per litre"
Lumberjack Samoa Cookie Break,"€ 51,50",United States,4.60,3 Sons Brewing Co.,14.7%,Stout - Imperial / Double Pastry,Bottle 750ml,"€ 18,65 per litre"
Golden Ratio,"€ 42,50",United States,4.44,3 Sons Brewing Co.,14%,Strong Ale - Other,Bottle 750ml,"€ 18,65 per litre"
Paisley Cave Complex 2023,"€ 38,95",United States,4.43,Bottle Logic Brewing,15%,Stout - Imperial / Double Pastry,Bottle 750ml,"€ 18,65 per litre"
Temporalis #0023 (Canned: 10-9-24),"€ 11,90",Canada,4.42,Messorem,10.1%,IPA - Triple New England / Hazy,Bottle 750ml,"€ 18,65 per litre"
Dock 2024: Motueka (Canned: 13-9-24),"€ 11,15",Canada,4.38,Le Ketch,6.5%,IPA - New England / Hazy,Bottle 750ml,"€ 18,65 per litre"
Nector (Canned: 3-10-24),"€ 11,55",Canada,4.37,Wood Brothers Brewing Co.,8.4%,IPA - Imperial / Double,Bottle 750ml,"€ 18,65 per litre"
Dock 2024: Nelson Sauvin (Canned: 19-9-24),"€ 11,15",Canada,4.35,Le Ketch,6.5%,IPA - New England / Hazy,Bottle 750ml,"€ 18,65 per litre"
"Dock 92: Motueka, Nelson Sauvin & Rakau (Canned: 12-9-24)","€ 11,15",Canada,4.35,Le Ketch,6.5%,IPA - New England / Hazy,Bottle 750ml,"€ 18,65 per litre"
Temporalis #0024 (Canned: 23-9-24),"€ 11,90",Canada,4.34,Messorem,10.2%,IPA - Triple New England / Hazy,Bottle 750ml,"€ 18,65 per litre"
It's Like Fishing With Dynamite (Canned: 26-9-24),"€ 11,55",Canada,4.33,Wood Brothers Brewing Co.,8%,IPA - Imperial / Double,Bottle 750ml,"€ 18,65 per litre"
"Dock 91: Motueka, Riwaka & Southern Cross (10-2-24)","€ 11,15",Canada,4.33,Le Ketch,6.5%,IPA - New England / Hazy,Bottle 750ml,"€ 18,65 per litre"
Passing Shadows,"€ 11,15",Canada,4.31,Third Moon Brewing Company,8%,IPA - Imperial / Double New England / Hazy,Bottle 750ml,"€ 18,65 per litre"
Barrel Aged All Wise 2024,"€ 33,99",United States,4.27,Equilibrium Brewery,17%,Stout - Imperial / Double,Bottle 750ml,"€ 18,65 per litre"
Full Tilt,"€ 9,70",Canada,4.19,Willibald Farm Brewery,8.5%,IPA - Imperial / Double,Bottle 750ml,"€ 18,65 per litre"
Glas,"€ 5,50",England,3.83,Azvex Brewing Company,5.2%,Pale Ale - New England / Hazy,,
Meesterstuk 2025,"€ 13,99",Netherlands,4.11,Jopen,11.11%,Stout - Pastry,Bottle 750ml,"€ 18,65 per litre"
Meesterstuk 2025,"€ 6,99",Netherlands,4.11,Jopen,11.11%,Stout - Pastry,Bottle 750ml,"€ 18,65 per litre"
Do Not Eat the Yellow Snow,"€ 5,59",Netherlands,3.66,Uiltje Brewing Company,8.9%,IPA - Imperial / Double,Bottle 750ml,"€ 18,65 per litre"
Liqour 43 Infused,"€ 3,79",Netherlands,?,Guilty Monkey Brewery,7.6%,Belgian Quadrupel,Bottle 750ml,"€ 18,65 per litre"
Tonka Creme Brûlée Demolitionist,"€ 7,39",Netherlands,?,Moersleutel Craft Brewery,10%,Stout - Imperial / Double Pastry,Bottle 750ml,"€ 18,65 per litre"
Lumberjack Samoa Cookie Break,"€ 51,50",United States,4.60,3 Sons Brewing Co.,14.7%,Stout - Imperial / Double Pastry,Bottle 750ml,"€ 18,65 per litre"
Golden Ratio,"€ 42,50",United States,4.44,3 Sons Brewing Co.,14%,Strong Ale - Other,Bottle 750ml,"€ 18,65 per litre"
Paisley Cave Complex 2023,"€ 38,95",United States,4.43,Bottle Logic Brewing,15%,Stout - Imperial / Double Pastry,Bottle 750ml,"€ 18,65 per litre"
Temporalis #0023 (Canned: 10-9-24),"€ 11,90",Canada,4.42,Messorem,10.1%,IPA - Triple New England / Hazy,Bottle 750ml,"€ 18,65 per litre"
Dock 2024: Motueka (Canned: 13-9-24),"€ 11,15",Canada,4.38,Le Ketch,6.5%,IPA - New England / Hazy,Bottle 750ml,"€ 18,65 per litre"
Nector (Canned: 3-10-24),"€ 11,55",Canada,4.37,Wood Brothers Brewing Co.,8.4%,IPA - Imperial / Double,Bottle 750ml,"€ 18,65 per litre"
Dock 2024: Nelson Sauvin (Canned: 19-9-24),"€ 11,15",Canada,4.35,Le Ketch,6.5%,IPA - New England / Hazy,Bottle 750ml,"€ 18,65 per litre"
"Dock 92: Motueka, Nelson Sauvin & Rakau (Canned: 12-9-24)","€ 11,15",Canada,4.35,Le Ketch,6.5%,IPA - New England / Hazy,Bottle 750ml,"€ 18,65 per litre"
Temporalis #0024 (Canned: 23-9-24),"€ 11,90",Canada,4.34,Messorem,10.2%,IPA - Triple New England / Hazy,Bottle 750ml,"€ 18,65 per litre"
It's Like Fishing With Dynamite (Canned: 26-9-24),"€ 11,55",Canada,4.33,Wood Brothers Brewing Co.,8%,IPA - Imperial / Double,Bottle 750ml,"€ 18,65 per litre"
"Dock 91: Motueka, Riwaka & Southern Cross (10-2-24)","€ 11,15",Canada,4.33,Le Ketch,6.5%,IPA - New England / Hazy,Bottle 750ml,"€ 18,65 per litre"
Passing Shadows,"€ 11,15",Canada,4.31,Third Moon Brewing Company,8%,IPA - Imperial / Double New England / Hazy,Bottle 750ml,"€ 18,65 per litre"
Barrel Aged All Wise 2024,"€ 33,99",United States,4.27,Equilibrium Brewery,17%,Stout - Imperial / Double,Bottle 750ml,"€ 18,65 per litre"
Full Tilt,"€ 9,70",Canada,4.19,Willibald Farm Brewery,8.5%,IPA - Imperial / Double,Bottle 750ml,"€ 18,65 per litre"
Flesh to Stone 2024,"€ 36,95",United States,4.17,Bottle Logic Brewing,11.5%,Barleywine - English,,
Infinite Maze (canned:10-24),"€ 10,10",United States,3.94,Equilibrium Brewery,8.5%,IPA - Imperial / Double,,
Ape(n)rol Infused,"€ 3,79",Netherlands,?,Guilty Monkey Brewery,6.5%,Blonde / Golden Ale - Other,,
Jägermeister Infused,"€ 3,79",Netherlands,?,Guilty Monkey Brewery,7.7%,Belgian Quadrupel,,
Whiskey Infused,"€ 3,79",Netherlands,?,Guilty Monkey Brewery,7.3%,Belgian Quadrupel,,
Destroyer,"€ 4,95",Netherlands,?,Dutch Bargain,16%,Barleywine - Other,,
Barrels Imperial Stout Heaven Hill BA,"€ 7,40",Netherlands,4.20,ROTT. Brouwers,9.5%,Stout - Imperial / Double Milk,,
DIPA,"€ 4,55",Sweden,3.54,Poppels Bryggeri,5.2%,Pale Ale - Fruited,,
In It For The Dragons,"€ 11,00",United States,4.29,Marlowe Artisanal Ales,8.5%,IPA - Imperial / Double New England / Hazy,,
Russian Imperial Stout,"€ 5,15",Sweden,3.76,Poppels Bryggeri,9.5%,Stout - Russian Imperial,,
Double Fudge,"€ 15,95",Netherlands,4.08,Brouwerij Kees,20%,Bock - Eisbock,,
Kees x Frontaal Pinda Kees XL,"€ 4,65",Netherlands,3.64,Brouwerij Kees,10.5%,Stout - Pastry,,
Kees It's Christmas Time,"€ 3,95",Netherlands,3.64,,10.5%,Stout - Pastry,,
Mrija,"€ 4,82",Czech Republic,3.73,Pivovar Rotor,7.5%,Stout - Russian Imperial,Bottle 750ml,"€ 6,43 per litre"
Ufo,"€ 4,95",Czech Republic,3.57,Pivovar Rotor,5.6%,IPA - New England / Hazy,Bottle 750ml,"€ 6,60 per litre"
Bombardér,"€ 4,43",Czech Republic,3.52,Pivovar Rotor,6%,IPA - American,Bottle 750ml,"€ 5,91 per litre"
Turbolet,"€ 3,98",Czech Republic,3.38,Pivovar Rotor,4.8%,Pilsner - Czech / Bohemian,Bottle 750ml,"€ 5,31 per litre"
Dvouplošník,"€ 3,81",Czech Republic,3.30,Pivovar Rotor,4.3%,Pilsner - Czech / Bohemian,Bottle 750ml,"€ 5,08 per litre"
Bake My Day Cognac & Whisky BA,"€ 6,50",Netherlands,3.94,Jopen,10%,Stout - Pastry,330ml,"€ 19,70 per litre"
Oranje Boven,"€ 9,95",Netherlands,3.40,Mister Hop,10%,Blonde / Golden Ale - Other,Bottle 750ml,"€ 13,27 per litre"
Mahrs Bräu aU,"€ 2,29",Germany,3.58,Mahr's Bräu,5.2%,Kellerbier / Zwickelbier,330ml,"€ 6,94 per litre"
10th Anniversary Imperial Stout BBA,"€ 10,50",Poland,4.34,Browar Stu Mostów,15%,Stout - Imperial / Double Pastry,Bottle 330ml,"€ 31,82 per litre"
10th Anniversary Imperial Stout BBA - KEG typ A,"€ 327,30",Poland,4.34,Browar Stu Mostów,15%,Stout - Imperial / Double Pastry,10000ml,"€ 32,73 per litre"
ART+81 New England DIPA,"€ 5,10",Poland,4.00,Browar Stu Mostów/ Ziemia Obiecana,8%,Sour - Smoothie / Pastry,Can 440ml,"€ 11,59 per litre"
ART+81 New England DIPA - KEG typ A,"€ 176,20",Poland,4.00,Browar Stu Mostów/ Ziemia Obiecana,8%,Sour - Smoothie / Pastry,20000ml,"€ 8,81 per litre"
10th Anniversary TDH New England Dipa,"€ 5,20",Poland,3.94,Browar Stu Mostów,7%,Sour - Fruited,Can 440ml,"€ 11,82 per litre"
10th Anniversary TDH New England Dipa - KEG typ A,"€ 181,70",Poland,3.94,Browar Stu Mostów,7%,Sour - Fruited,20000ml,"€ 9,09 per litre"
10th Anniversary Mixed Fermentation Pine Ale,"€ 9,10",Poland,3.91,Browar Stu Mostów,7%,IPA - Sour,Bottle 375ml,"€ 24,27 per litre"
10th Anniversary Mixed Fermentation Pine Ale - KEG Typ A,"€ 272,90",Poland,3.91,Browar Stu Mostów,7%,IPA - Sour,12000ml,"€ 22,74 per litre"
Tai Lager,"€ 2,90",Poland,3.55,Browar Jedlinka,5%,Lager - Other,Bottle 500ml,"€ 5,80 per litre"
Pils - keg A,"€ 140,10",Poland,3.38,WRCLW,5%,Pilsner - German,30000ml,"€ 4,67 per litre"
Allgäu Stoff,"€ 2,00",Germany,3.28,ABK (Aktienbrauerei Kaufbeuren),4.9%,Lager - Helles,330ml,"€ 6,06 per litre"
Fuerst Wiacek Jejune Batch 249 IPA,"€ 6,49",Germany,4.13,FUERST WIACEK,6.8%,IPA - New England / Hazy,Can 440ml,"€ 14,75 per litre"
"Schwarze Rose x Kuehn Kunz Rosen Schrille Nacht Winter IPA 0,33","€ 4,49",Germany,3.63,KUEHN KUNZ ROSEN/ Schwarze Rose,6.8%,IPA - Other,Can 440ml,"€ 10,20 per litre"
Crew Republic Jackpot Hazy IPA,"€ 2,09",Germany,3.55,CREW Republic,5%,IPA - New England / Hazy,330ml,"€ 6,33 per litre"
Störtebeker Atlantik Ale,"€ 2,19",Germany,3.49,Störtebeker Braumanufaktur,5.1%,Pale Ale - American,500ml,"€ 4,38 per litre"
Störtebeker BIO Starkbier,"€ 2,19",Germany,3.36,Störtebeker Braumanufaktur,7.5%,Bock - Doppelbock,500ml,"€ 4,38 per litre"
Cerdos Voladores IPA Alkoholfrei,"€ 2,49",Spain,3.28,Barcelona Beer Company,4.5%,IPA - Session,330ml,"€ 7,55 per litre"
Störtebeker Hanse-Porter,"€ 2,19",Germany,3.11,Störtebeker Braumanufaktur,4%,Porter - Other,500ml,"€ 4,38 per litre"
Störtebeker Scotch-Ale,"€ 2,89",Germany,2.88,Störtebeker Braumanufaktur,9%,Scotch Ale / Wee Heavy,500ml,"€ 5,78 per litre"
Kuehn Kunz Rosen Offenbarung BA St. Kilian Whisky,"€ 9,29",Germany,3.88,KUEHN KUNZ ROSEN,10.5%,Barleywine - Other,330ml,"€ 28,15 per litre"
Kuehn Kunz Rosen XMAS Monk Dubbel,"€ 4,49",Germany,3.79,KUEHN KUNZ ROSEN,7.5%,Belgian Dubbel,330ml,"€ 13,61 per litre"
Kuehn Kunz Rosen Offenbarung Barleywine,"€ 5,59",Germany,3.69,KUEHN KUNZ ROSEN,10.5%,Barleywine - Other,330ml,"€ 16,94 per litre"
Kuehn Kunz Rosen Tipsy Monk Dubbel,"€ 4,39",Germany,3.69,KUEHN KUNZ ROSEN,7.5%,Belgian Dubbel,330ml,"€ 13,30 per litre"
Kuehn Kunz Rosen Mystique IPA,"€ 3,99",Germany,3.61,KUEHN KUNZ ROSEN,7%,IPA - American,330ml,"€ 12,09 per litre"
Kuehn Kunz Rosen Gutenberg Bock Heller Doppelbock,"€ 3,19",Germany,3.59,KUEHN KUNZ ROSEN,8.5%,Bock - Doppelbock,330ml,"€ 9,67 per litre"
Kuehn Kunz Rosen Kerlig Hell Hoppy Lager,"€ 3,59",Germany,3.51,KUEHN KUNZ ROSEN,5.2%,Lager - IPL (India Pale Lager),330ml,"€ 10,88 per litre"
Fuerst Wiacek She Wants More Red Ale (Batch 24),"€ 2,99",Germany,3.51,FUERST WIACEK,4.8%,Red Ale - Other,Can 440ml,"€ 6,80 per litre"
Kuehn Kunz Rosen Mainzer Dombräu Helles,"€ 2,99",Germany,3.43,KUEHN KUNZ ROSEN,5.2%,Lager - Helles,330ml,"€ 9,06 per litre"
Kuehn Kunz Rosen Unplugged Alkoholfreies Pale Ale,"€ 2,99",Germany,3.40,KUEHN KUNZ ROSEN,0.5%,Non-Alcoholic - Pale Ale,330ml,"€ 9,06 per litre"
Kuehn Kunz Rosen Mainzer Pils,"€ 2,99",Germany,3.38,KUEHN KUNZ ROSEN,5%,Pilsner - German,330ml,"€ 9,06 per litre"
Kuehn Kunz Rosen Kuehnes Blondes Belgisches Wit,"€ 3,89",Germany,3.36,KUEHN KUNZ ROSEN,4.9%,Wheat Beer - Witbier / Blanche,330ml,"€ 11,79 per litre"
Kuehn Kunz Rosen Kaffeeböhnsche Coffee Stout,"€ 3,99",Germany,3.34,KUEHN KUNZ ROSEN,5%,Stout - Coffee,330ml,"€ 12,09 per litre"
Kuehn Kunz Rosen Gutenberg Bock BA St. Kilian Whisky,"€ 9,29",Germany,?,KUEHN KUNZ ROSEN,9%,Bock - Doppelbock,330ml,"€ 28,15 per litre"
Eichhorn Schwarzer Adler,"€ 2,00",Germany,3.59,Brauerei Eichhorn Dörfleins,6%,Lager - Dark,500ml,"€ 4,00 per litre"
Fässla Bambergator,"€ 2,30",Germany,3.50,Privatbrauerei Fässla Bamberg,8.5%,Bock - Doppelbock,500ml,"€ 4,60 per litre"
14-Heiligen Nothelfer Silberbock,"€ 2,20",Germany,3.49,Alte Klosterbrauerei Vierzehnheiligen Brauerei Trunk,6.8%,Bock - Single / Traditional,500ml,"€ 4,40 per litre"
Helles,"€ 2,10",Germany,3.47,Brauerei Schanzenbräu,4.9%,Lager - Helles,500ml,"€ 4,20 per litre"
Rotbier,"€ 2,10",Germany,3.46,Brauerei Schanzenbräu,4.9%,Lager - Rotbier,500ml,"€ 4,20 per litre"
Keesmann Herrenpils,"€ 2,00",Germany,3.44,Keesmann Bräu,4.8%,Pilsner - German,500ml,"€ 4,00 per litre"
EKU Pils,"€ 1,90",Germany,3.25,Kulmbacher Brauerei,4.9%,Pilsner - German,500ml,"€ 3,80 per litre"
Jewels,"€ 6,99",Germany,4.08,FUERST WIACEK,10%,Stout - Imperial / Double Coffee,Can 440ml,"€ 15,89 per litre"
Geitje van het Hobos,"€ 2,50",Belgium,3.52,Huisbrouwerij De Geiteling,9.3%,Belgian Quadrupel,330ml,"€ 7,58 per litre"
Oerbier Reserva 2023,"€ 13,00",Belgium,4.44,Brouwerij De Dolle Brouwers,10%,Sour - Flanders Oud Bruin,330ml,"€ 39,39 per litre"
Dulle Teve Reserva 2022,"€ 13,00",Belgium,4.26,Brouwerij De Dolle Brouwers,10%,Belgian Tripel,330ml,"€ 39,39 per litre"
Stille Nacht Reserva 2022,"€ 13,00",Belgium,4.22,Brouwerij De Dolle Brouwers,12%,Belgian Strong Golden Ale,330ml,"€ 39,39 per litre"
"Wonders Pineapple, Peach & Coconut","€ 4,40",Poland,4.05,Magic Road,4.9%,Sour - Smoothie / Pastry,Can 500ml,"€ 8,80 per litre"
"Beauty Guava, Strawberry & Banana","€ 4,40",Poland,4.03,Magic Road,5.1%,Sour - Smoothie / Pastry,Can 500ml,"€ 8,80 per litre"
Christmas Time Barrel Aged,"€ 8,40",Poland,3.44,Magic Road,10.8%,Stout - Imperial / Double Pastry,Can 330ml,"€ 25,45 per litre"
"Just Fruit (Peach, White Grape, Strawberry)","€ 11,49",United States,4.54,Frequentem Brewing Co.,5.2%,Sour - Fruited,Can 470ml,"€ 24,45 per litre"
Petit Jus De Mort: Mûres + Framboise + Pomme Grenade,"€ 11,79",Canada,4.49,Messorem,6%,Sour - Smoothie / Pastry,Can 470ml,"€ 25,09 per litre"
Steps of Knowledge (2024),"€ 26,99",United States,4.48,Wren House Brewing Company,12.9%,Stout - Imperial / Double,355ml,"€ 76,03 per litre"
Kaiju,"€ 12,49",Canada,4.47,Brasserie du Bas-Canada,10%,IPA - Triple,Can 470ml,"€ 26,57 per litre"
DemiHydra | Strawberry + Kiwi + Watermelon,"€ 10,49",United States,4.47,Mortalis Brewing Company,5%,Sour - Fruited,Can 470ml,"€ 22,32 per litre"
"Just Fruit (Strawberry, Tangerine, Mango)","€ 11,49",United States,4.47,Frequentem Brewing Co.,5%,Sour - Fruited,Can 470ml,"€ 24,45 per litre"
Nine Years,"€ 23,99",United States,4.45,Wren House Brewing Company,12.7%,Stout - Imperial / Double,355ml,"€ 67,58 per litre"
Tempestas,"€ 12,49",Canada,4.45,Brasserie du Bas-Canada,10%,IPA - Triple,Can 470ml,"€ 26,57 per litre"
Paisley Cave Complex (2023),"€ 41,99",United States,4.43,Bottle Logic Brewing,15%,Stout - Imperial / Double Pastry,500ml,"€ 83,98 per litre"
Temporalis #0023,"€ 11,79",Canada,4.42,Messorem,10.1%,IPA - Triple New England / Hazy,Can 470ml,"€ 25,09 per litre"
Hydra | Passion Fruit + Mango + Peach,"€ 12,39",United States,4.41,Mortalis Brewing Company,7%,Sour - Smoothie / Pastry,Can 470ml,"€ 26,36 per litre"
It's All Swell,"€ 10,69",United States,4.40,Vitamin Sea Brewing,8%,IPA - Imperial / Double New England / Hazy,Can 470ml,"€ 22,74 per litre"
Océanides,"€ 11,79",Canada,4.39,Brasserie du Bas-Canada,8%,IPA - Imperial / Double,Can 470ml,"€ 25,09 per litre"
Dock 2024 - Motueka,"€ 10,99",Canada,4.38,Le Ketch,6.5%,IPA - New England / Hazy,Can 470ml,"€ 23,38 per litre"
Nector,"€ 11,49",Canada,4.37,Wood Brothers Brewing Co.,8.4%,IPA - Imperial / Double,Can 470ml,"€ 24,45 per litre"
Braaaaaaaains - Oops! All Berries,"€ 11,39",United States,4.36,Drekker Brewing Company,6.9%,Sour - Smoothie / Pastry,Can 470ml,"€ 24,23 per litre"
Evangelion XVIII. Lilin (Ghost LILIN),"€ 10,39",United States,4.36,Adroit Theory,10.5%,IPA - Triple New England / Hazy,Can 470ml,"€ 22,11 per litre"
Dock 2024 - Nelson Sauvin,"€ 10,99",Canada,4.35,Le Ketch,6.5%,IPA - New England / Hazy,Can 470ml,"€ 23,38 per litre"
CHONK Rainbow Sherbet,"€ 11,39",United States,4.35,Drekker Brewing Company,6.7%,Sour - Smoothie / Pastry,Can 470ml,"€ 24,23 per litre"
"Dock 92 - Motueka, Nelson Sauvin & Rakau","€ 10,99",Canada,4.35,Le Ketch,6.5%,IPA - New England / Hazy,Can 470ml,"€ 23,38 per litre"
Terra Citra 4th Anniversary,"€ 9,69",United States,4.35,The Drowned Lands Brewery,9.4%,IPA - Triple,Can 470ml,"€ 20,62 per litre"
Natural Flavors (Concord Grape),"€ 10,29",United States,4.35,Frequentem Brewing Co.,6.9%,IPA - Sour,Can 470ml,"€ 21,89 per litre"
"Just Fruit (Pineapple, Orange, Peach)","€ 11,39",United States,4.34,Frequentem Brewing Co.,5.1%,Sour - Fruited,Can 470ml,"€ 24,23 per litre"
Temporalis #0024,"€ 11,79",Canada,4.34,Messorem,10.2%,IPA - Triple New England / Hazy,Can 470ml,"€ 25,09 per litre"
Mega Plante,"€ 11,79",Canada,4.34,Brasserie du Bas-Canada,8.2%,IPA - Imperial / Double,Can 470ml,"€ 25,09 per litre"
It's Like Fishing With Dynamite,"€ 11,49",Canada,4.33,Wood Brothers Brewing Co.,8%,IPA - Imperial / Double,Can 470ml,"€ 24,45 per litre"
Beholder | Peach Parfait,"€ 12,39",United States,4.33,Mortalis Brewing Company,6%,Sour - Smoothie / Pastry,Can 470ml,"€ 26,36 per litre"
"Dock 91 - Motueka, Riwaka & Southern Cross","€ 10,99",Canada,4.33,Le Ketch,6.5%,IPA - New England / Hazy,Can 470ml,"€ 23,38 per litre"
$120 Nachos (2024),"€ 9,49",United States,4.31,Hoof Hearted Brewing,12%,IPA - Triple New England / Hazy,Can 470ml,"€ 20,19 per litre"
The Fillings Are Mutual,"€ 12,29",United States,4.31,Urban South Brewery - HTX,6%,Sour - Fruited,Can 470ml,"€ 26,15 per litre"
Triple Within,"€ 11,99",Canada,4.30,Third Moon Brewing Company,10.5%,IPA - Triple New England / Hazy,Can 470ml,"€ 25,51 per litre"
Graze,"€ 10,69",Canada,4.29,Wood Brothers Brewing Co.,7.6%,IPA - American,Can 470ml,"€ 22,74 per litre"
REFUSE (Ghost REFUSE),"€ 10,39",United States,4.28,Adroit Theory,10%,IPA - Triple New England / Hazy,Can 470ml,"€ 22,11 per litre"
Hyperalgie,"€ 11,39",Canada,4.28,Messorem,10%,IPA - Triple,Can 470ml,"€ 24,23 per litre"
Extra Extra Ghosty Bits,"€ 11,99",United States,4.28,Parish Brewing Co.,8%,IPA - Imperial / Double New England / Hazy,Can 470ml,"€ 25,51 per litre"
Animals In the Machine,"€ 11,99",United States,4.24,Parish Brewing Co.,8%,IPA - Imperial / Double New England / Hazy,Can 470ml,"€ 25,51 per litre"
Alternate Universe,"€ 11,49",United States,4.24,Spyglass Brewing Company,8.6%,IPA - Imperial / Double New England / Hazy,Can 470ml,"€ 24,45 per litre"
Lord Galactopus,"€ 10,69",United States,4.22,Hop Butcher For The World,8%,IPA - Imperial / Double New England / Hazy,Can 470ml,"€ 22,74 per litre"
Double Autumn,"€ 9,99",United States,4.22,Vitamin Sea Brewing,8%,IPA - Imperial / Double New England / Hazy,Can 470ml,"€ 21,26 per litre"
Spiritus Mundi (2024),"€ 10,99",Canada,4.21,Third Moon Brewing Company,8%,IPA - Imperial / Double New England / Hazy,Can 470ml,"€ 23,38 per litre"
VOIID-05 (Ghost VOIID-05),"€ 10,39",United States,4.19,Adroit Theory,9%,IPA - Imperial / Double New England / Hazy,Can 470ml,"€ 22,11 per litre"
#134 NEDIPA,"€ 9,99",United States,4.17,Frequentem Brewing Co.,8.3%,IPA - Imperial / Double New England / Hazy,Can 470ml,"€ 21,26 per litre"
Nectaron Dry Hop Pseudo Sue,"€ 10,39",United States,4.11,Toppling Goliath Brewing Co.,5.8%,Pale Ale - American,Can 470ml,"€ 22,11 per litre"
Demihydra | Fruit Punch,"€ 9,99",United States,4.11,Mortalis Brewing Company,5%,Sour - Fruited,Can 470ml,"€ 21,26 per litre"
Through the Uprights,"€ 10,69",United States,4.10,Hop Butcher For The World,7.75%,IPA - Imperial / Double New England / Hazy,Can 470ml,"€ 22,74 per litre"
Galaxy Flare,"€ 7,49",United States,4.09,Equilibrium Brewery,8.5%,IPA - Imperial / Double,Can 470ml,"€ 15,94 per litre"
Frozen Schmoojee Milkshake - Blurries,"€ 9,99",United States,4.07,Imprint Beer Co.,5%,Sour - Smoothie / Pastry,Can 470ml,"€ 21,26 per litre"
Tie-Dye Science,"€ 6,59",United States,3.97,Equilibrium Brewery,6.5%,IPA - New England / Hazy,Can 470ml,"€ 14,02 per litre"
Hygge,"€ 44,99",United States,3.50,Anchorage Brewing Company,18.2%,Barleywine - American,Bottle 375ml,"€ 119,97 per litre"
Black Gold 4th Anniversary,"€ 9,69",United States,?,The Drowned Lands Brewery,10.5%,Stout - American,Can 470ml,"€ 20,62 per litre"
Blessed (2024),"€ 82,50",United States,4.75,Anchorage Brewing Company,16%,Stout - Imperial / Double,Bottle 375ml,"€ 220,00 per litre"
We're All Replaceable,"€ 79,95",United States,4.66,Anchorage Brewing Company,18.9%,Stout - Imperial / Double,Bottle 375ml,"€ 213,20 per litre"
"Just Fruit (Peach, White Grape, Strawberry)","€ 11,95",United States,4.54,Frequentem Brewing Co.,5.2%,Sour - Fruited,473ml,"€ 25,26 per litre"
Petit Jus De Mort: Mûres + Framboise + Pomme Grenade,"€ 11,95",Canada,4.49,Messorem,6%,Sour - Smoothie / Pastry,473ml,"€ 25,26 per litre"
Steps of Knowledge (2024),"€ 27,50",United States,4.48,Wren House Brewing Company,12.9%,Stout - Imperial / Double,355ml,"€ 77,46 per litre"
Kaiju,"€ 12,50",Canada,4.47,Brasserie du Bas-Canada,10%,IPA - Triple,473ml,"€ 26,43 per litre"
"Just Fruit (Strawberry, Tangerine, Mango)","€ 11,95",United States,4.47,Frequentem Brewing Co.,5%,Sour - Fruited,473ml,"€ 25,26 per litre"
Nine Years,"€ 23,95",United States,4.45,Wren House Brewing Company,12.7%,Stout - Imperial / Double,355ml,"€ 67,46 per litre"
Tempestas,"€ 12,50",Canada,4.45,Brasserie du Bas-Canada,10%,IPA - Triple,473ml,"€ 26,43 per litre"
Boo! (2024),"€ 11,95",Canada,4.43,Badlands Brewing Company,8.2%,IPA - Imperial / Double,473ml,"€ 25,26 per litre"
Empathy V.1 (Red),"€ 79,95",United States,4.43,Anchorage Brewing Company,16.7%,Stout - Imperial / Double,Bottle 375ml,"€ 213,20 per litre"
Temporalis #0023,"€ 11,95",Canada,4.42,Messorem,10.1%,IPA - Triple New England / Hazy,473ml,"€ 25,26 per litre"
Christmas Cactus (2023),"€ 20,95",United States,4.41,Wren House Brewing Company,11%,Stout - Imperial / Double,473ml,"€ 44,29 per litre"
Hydra | Passion Fruit + Mango + Peach,"€ 12,95",United States,4.41,Mortalis Brewing Company,7%,Sour - Smoothie / Pastry,473ml,"€ 27,38 per litre"
It's All Swell,"€ 10,95",United States,4.40,Vitamin Sea Brewing,8%,IPA - Imperial / Double New England / Hazy,473ml,"€ 23,15 per litre"
Océanides,"€ 11,95",Canada,4.39,Brasserie du Bas-Canada,8%,IPA - Imperial / Double,473ml,"€ 25,26 per litre"
The Veil Broz Night Out⁴,"€ 11,50",United States,4.39,The Veil Brewing Co.,9%,IPA - Imperial / Double New England / Hazy,473ml,"€ 24,31 per litre"
Blended With Lumber #4,"€ 11,50",United States,4.39,Timber Ales,13.4%,Stout - Imperial / Double,355ml,"€ 32,39 per litre"
Dock 2024 - Motueka,"€ 11,50",Canada,4.38,Le Ketch,6.5%,IPA - New England / Hazy,473ml,"€ 24,31 per litre"
Straight Outta The Laboratory,"€ 11,50",United States,4.38,Equilibrium Brewery,10.2%,IPA - Triple,473ml,"€ 24,31 per litre"
Crayon,"€ 11,50",Canada,4.37,Nano Cinco,9.6%,IPA - Triple New England / Hazy,473ml,"€ 24,31 per litre"
Nector,"€ 11,50",Canada,4.37,Wood Brothers Brewing Co.,8.4%,IPA - Imperial / Double,473ml,"€ 24,31 per litre"
The Fillings Are Mutual,"€ 12,95",United States,4.37,Mortalis Brewing Company,6%,Sour - Smoothie / Pastry,473ml,"€ 27,38 per litre"
2024 Medianoche,"€ 40,95",United States,4.37,WeldWerks Brewing Co.,12.3%,Stout - Imperial / Double,500ml,"€ 81,90 per litre"
Dock 2024 - Nelson Sauvin,"€ 11,50",Canada,4.35,Le Ketch,6.5%,IPA - New England / Hazy,473ml,"€ 24,31 per litre"
"Dock 92 - Motueka, Nelson Sauvin & Rakau","€ 11,50",Canada,4.35,Le Ketch,6.5%,IPA - New England / Hazy,473ml,"€ 24,31 per litre"
Bank Hotel,"€ 10,50",Canada,4.35,Brasserie du Bas-Canada,7.1%,IPA - American,473ml,"€ 22,20 per litre"
Terra Citra 4th Anniversary,"€ 9,95",United States,4.35,The Drowned Lands Brewery,9.4%,IPA - Triple,473ml,"€ 21,04 per litre"
"Just Fruit (Pineapple, Orange, Peach)","€ 11,95",United States,4.34,Frequentem Brewing Co.,5.1%,Sour - Fruited,473ml,"€ 25,26 per litre"
Temporalis #0024,"€ 11,95",Canada,4.34,Messorem,10.2%,IPA - Triple New England / Hazy,473ml,"€ 25,26 per litre"
Première Batch,"€ 11,95",Canada,4.34,Brasserie du Bas-Canada,8%,IPA - Imperial / Double,473ml,"€ 25,26 per litre"
Mega Plante,"€ 11,95",Canada,4.34,Brasserie du Bas-Canada,8.2%,IPA - Imperial / Double,473ml,"€ 25,26 per litre"
"Dock 91 - Motueka, Riwaka & Southern Cross","€ 11,50",Canada,4.33,Le Ketch,6.5%,IPA - New England / Hazy,473ml,"€ 24,31 per litre"
October DIPA (2024),"€ 11,50",Canada,4.33,Badlands Brewing Company,8.2%,IPA - Imperial / Double,473ml,"€ 24,31 per litre"
Speckled King Snake,"€ 27,50",United States,4.32,Wren House Brewing Company,12.6%,Stout - Imperial / Double,355ml,"€ 77,46 per litre"
The Void,"€ 69,95",United States,4.32,Anchorage Brewing Company,15%,Belgian Quadrupel,Bottle 375ml,"€ 186,53 per litre"
Naughty Temple (2024),"€ 40,95",United States,4.32,Toppling Goliath Brewing Co.,12.9%,Strong Ale - American,605ml,"€ 67,69 per litre"
Fontaine,"€ 11,95",Canada,4.32,Brasserie du Bas-Canada,8.7%,IPA - Imperial / Double,473ml,"€ 25,26 per litre"
Passing Shadows,"€ 11,50",Canada,4.31,Third Moon Brewing Company,8%,IPA - Imperial / Double New England / Hazy,473ml,"€ 24,31 per litre"
King Sue,"€ 9,95",United States,4.30,Toppling Goliath Brewing Co.,7.8%,IPA - Imperial / Double New England / Hazy,473ml,"€ 21,04 per litre"
Mortals Dance In Defiance of the Dark (2024),"€ 11,50",Canada,4.30,Third Moon Brewing Company,8%,IPA - Imperial / Double New England / Hazy,473ml,"€ 24,31 per litre"
Constellation,"€ 11,95",Canada,4.30,Brasserie du Bas-Canada,8.2%,IPA - Imperial / Double,473ml,"€ 25,26 per litre"
Double Oaked Highwaymen,"€ 23,95",United States,4.30,Wren House Brewing Company,12.9%,Barleywine - English,355ml,"€ 67,46 per litre"
The Other One,"€ 9,95",United States,4.30,Tilted Barn Brewery,7.9%,IPA - Imperial / Double,473ml,"€ 21,04 per litre"
Triple Within,"€ 12,50",Canada,4.30,Third Moon Brewing Company,10.5%,IPA - Triple New England / Hazy,473ml,"€ 26,43 per litre"
Oraison Funèbre,"€ 11,95",Canada,4.29,Messorem,10%,IPA - Triple,473ml,"€ 25,26 per litre"
Wood Brothers A Little Taste of the Glory,"€ 11,50",Canada,4.29,Wood Brothers Brewing Co.,8.8%,IPA - Imperial / Double,473ml,"€ 24,31 per litre"
Hyperalgie,"€ 11,95",Canada,4.28,Messorem,10%,IPA - Triple,473ml,"€ 25,26 per litre"
Extra Extra Ghosty Bits,"€ 12,50",United States,4.28,Parish Brewing Co.,8%,IPA - Imperial / Double New England / Hazy,473ml,"€ 26,43 per litre"
Péché Mortel Bourbon,"€ 9,50",Canada,4.28,Brasserie Dieu du Ciel!,9.5%,Stout - Imperial / Double Coffee,Bottle 341ml,"€ 27,86 per litre"
Galaxy Extra Extra Juicy Bits,"€ 9,95",United States,4.26,WeldWerks Brewing Co.,8.6%,IPA - Imperial / Double New England / Hazy,473ml,"€ 21,04 per litre"
Sixpence None the Richer,"€ 12,50",United States,4.25,BlackStack Brewing,12%,IPA - Quadruple,473ml,"€ 26,43 per litre"
Animals In the Machine,"€ 12,50",United States,4.24,Parish Brewing Co.,8%,IPA - Imperial / Double New England / Hazy,473ml,"€ 26,43 per litre"
De Nos Sarcophages,"€ 10,95",Canada,4.24,Messorem,8.6%,IPA - Imperial / Double New England / Hazy,473ml,"€ 23,15 per litre"
Hop Butcher Lord Galactopus,"€ 10,95",United States,4.22,Hop Butcher For The World,8%,IPA - Imperial / Double New England / Hazy,473ml,"€ 23,15 per litre"
It's Like Fishing With Dynamite Vol.2,"€ 11,50",Canada,4.20,Wood Brothers Brewing Co.,8.2%,IPA - Imperial / Double New England / Hazy,473ml,"€ 24,31 per litre"
VOIID-05 (Ghost VOIID-05),"€ 10,50",United States,4.19,Adroit Theory,9%,IPA - Imperial / Double New England / Hazy,473ml,"€ 22,20 per litre"
Dry Hopped Dèpaysement,"€ 6,95",United States,4.13,Perennial Artisan Ales,4.4%,Farmhouse Ale - Saison,355ml,"€ 19,58 per litre"
Nectaron Dry Hop Pseudo Sue,"€ 10,50",United States,4.11,Toppling Goliath Brewing Co.,5.8%,Pale Ale - American,473ml,"€ 22,20 per litre"
Demihydra | Fruit Punch,"€ 10,50",United States,4.11,Mortalis Brewing Company,5%,Sour - Fruited,473ml,"€ 22,20 per litre"
Péché Mortel,"€ 7,95",Canada,4.10,Brasserie Dieu du Ciel!,9.5%,Stout - Imperial / Double Coffee,Bottle 341ml,"€ 23,31 per litre"
Hop Butcher Through the Uprights,"€ 10,95",United States,4.10,Hop Butcher For The World,7.8%,IPA - Imperial / Double New England / Hazy,473ml,"€ 23,15 per litre"
Galaxy Flare,"€ 7,95",United States,4.09,Equilibrium Brewery,8.5%,IPA - Imperial / Double,473ml,"€ 16,81 per litre"
Tie-Dye Science,"€ 6,95",United States,3.97,Equilibrium Brewery,6.5%,IPA - New England / Hazy,473ml,"€ 14,69 per litre"
Hygge,"€ 69,95",United States,3.50,Anchorage Brewing Company,18.2%,Barleywine - American,Bottle 375ml,"€ 186,53 per litre"
Black Gold 4th Anniversary,"€ 11,50",United States,?,The Drowned Lands Brewery,10.5%,Stout - American,473ml,"€ 24,31 per litre"
Gouden Carolus Imperial Dark Cellar Reserve 2018/2023,"€ 20,00",United States,?,Descendants Brewing Company,11%,Brown Ale - Imperial / Double,473ml,"€ 24,31 per litre"
Blessed (2024),"€ 74,99",United States,4.75,Anchorage Brewing Company,16%,Stout - Imperial / Double,355ml,"€ 211,24 per litre"
Oak Aged Madeline (Batch #9 - 8th Birthday),"€ 74,99",United States,4.68,Schramm's Mead,14%,Mead - Melomel,Bottle 375ml,"€ 199,97 per litre"
Barrel Aged Vietnamese Abraxas (2024),"€ 69,99",United States,4.56,Perennial Artisan Ales,12.8%,Stout - Imperial / Double Pastry,Bottle 750ml,"€ 93,32 per litre"
Oak Aged Amelia (Batch #8 - 7th Birthday),"€ 74,99",United States,4.56,Schramm's Mead,14%,Mead - Melomel,Bottle 375ml,"€ 199,97 per litre"
"Just Fruit (Peach, White Grape, Strawberry)","€ 11,99",United States,4.54,Frequentem Brewing Co.,5.2%,Sour - Fruited,473ml,"€ 25,35 per litre"
The Void (Batch 2 - Double Oaked),"€ 66,99",United States,4.52,Anchorage Brewing Company,16%,Belgian Quadrupel,355ml,"€ 188,70 per litre"
Petit Jus De Mort: Mûres + Framboise + Pomme Grenade,"€ 12,79",Canada,4.49,Messorem,6%,Sour - Smoothie / Pastry,473ml,"€ 27,04 per litre"
Steps of Knowledge (2024),"€ 26,99",United States,4.48,Wren House Brewing Company,12.9%,Stout - Imperial / Double,355ml,"€ 76,03 per litre"
Kaiju,"€ 12,99",Canada,4.47,Brasserie du Bas-Canada,10%,IPA - Triple,473ml,"€ 27,46 per litre"
"Just Fruit (Strawberry, Tangerine, Mango)","€ 11,99",United States,4.47,Frequentem Brewing Co.,5%,Sour - Fruited,473ml,"€ 25,35 per litre"
Nine Years,"€ 26,99",United States,4.45,Wren House Brewing Company,12.7%,Stout - Imperial / Double,355ml,"€ 76,03 per litre"
Tempestas,"€ 12,99",Canada,4.45,Brasserie du Bas-Canada,10%,IPA - Triple,473ml,"€ 27,46 per litre"
Paisley Cave Complex (2023),"€ 39,99",United States,4.43,Bottle Logic Brewing,15%,Stout - Imperial / Double Pastry,500ml,"€ 79,98 per litre"
Empathy V.1 (Red),"€ 74,99",United States,4.43,Anchorage Brewing Company,16.65%,Stout - Imperial / Double,355ml,"€ 211,24 per litre"
Temporalis #0023,"€ 12,79",Canada,4.42,Messorem,10.1%,IPA - Triple New England / Hazy,473ml,"€ 27,04 per litre"
Christmas Cactus (2023),"€ 19,99",United States,4.41,Wren House Brewing Company,11%,Stout - Imperial / Double,473ml,"€ 42,26 per litre"
BBA Twice As Lonely Coffee (2024),"€ 35,99",United States,4.41,Resident Culture Brewing Co.,13.5%,Stout - Imperial / Double Coffee,500ml,"€ 71,98 per litre"
Desire To Conspire,"€ 21,49",United States,4.41,Deep Fried Beers,8.2%,IPA - Imperial / Double New England / Hazy,473ml,"€ 45,43 per litre"
Hydra | Passion Fruit + Mango + Peach,"€ 12,99",United States,4.41,Mortalis Brewing Company,7%,Sour - Smoothie / Pastry,473ml,"€ 27,46 per litre"
It's All Swell,"€ 11,49",United States,4.40,Vitamin Sea Brewing,8%,IPA - Imperial / Double New England / Hazy,473ml,"€ 24,29 per litre"
Océanides,"€ 12,49",Canada,4.39,Brasserie du Bas-Canada,8%,IPA - Imperial / Double,473ml,"€ 26,41 per litre"
Broz Night Out⁴,"€ 11,99",United States,4.39,The Veil Brewing Co.,9%,IPA - Imperial / Double New England / Hazy,473ml,"€ 25,35 per litre"
Blended With Lumber #4,"€ 12,49",United States,4.39,Timber Ales,13.4%,Stout - Imperial / Double,355ml,"€ 35,18 per litre"
Dock 2024 - Motueka,"€ 11,79",Canada,4.38,Le Ketch,6.5%,IPA - New England / Hazy,473ml,"€ 24,93 per litre"
Nector,"€ 11,99",Canada,4.37,Wood Brothers Brewing Co.,8.4%,IPA - Imperial / Double,473ml,"€ 25,35 per litre"
The Fillings Are Mutual,"€ 12,99",United States,4.37,Mortalis Brewing Company,6%,Sour - Smoothie / Pastry,473ml,"€ 27,46 per litre"
2024 Medianoche,"€ 39,99",United States,4.37,WeldWerks Brewing Co.,12.3%,Stout - Imperial / Double,500ml,"€ 79,98 per litre"
Evangelion XVIII. Lilin (Ghost LILIN),"€ 10,99",United States,4.36,Adroit Theory,10.5%,IPA - Triple New England / Hazy,473ml,"€ 23,23 per litre"
Dock 2024 - Nelson Sauvin,"€ 11,79",Canada,4.35,Le Ketch,6.5%,IPA - New England / Hazy,473ml,"€ 24,93 per litre"
"Dock 92 - Motueka, Nelson Sauvin & Rakau","€ 11,79",Canada,4.35,Le Ketch,6.5%,IPA - New England / Hazy,473ml,"€ 24,93 per litre"
Terra Citra (4th Anniversary),"€ 9,99",United States,4.35,The Drowned Lands Brewery,9.4%,IPA - Triple,473ml,"€ 21,12 per litre"
Natural Flavors (Concord Grape),"€ 10,79",United States,4.35,Frequentem Brewing Co.,6.9%,IPA - Sour,473ml,"€ 22,81 per litre"
"Just Fruit (Pineapple, Orange, Peach)","€ 11,79",United States,4.34,Frequentem Brewing Co.,5.1%,Sour - Fruited,473ml,"€ 24,93 per litre"
Temporalis #0024,"€ 12,49",Canada,4.34,Messorem,10.2%,IPA - Triple New England / Hazy,473ml,"€ 26,41 per litre"
Première Batch,"€ 11,99",Canada,4.34,Brasserie du Bas-Canada,8%,IPA - Imperial / Double,473ml,"€ 25,35 per litre"
Mega Plante,"€ 12,49",Canada,4.34,Brasserie du Bas-Canada,8.2%,IPA - Imperial / Double,473ml,"€ 26,41 per litre"
Natural Flavors (Peach),"€ 10,79",United States,4.33,Frequentem Brewing Co.,6.3%,IPA - Sour,473ml,"€ 22,81 per litre"
"Dock 91 - Motueka, Riwaka & Southern Cross","€ 11,79",Canada,4.33,Le Ketch,6.5%,IPA - New England / Hazy,473ml,"€ 24,93 per litre"
King Snake (2024),"€ 25,99",United States,4.32,Wren House Brewing Company,12.6%,Stout - Imperial / Double,355ml,"€ 73,21 per litre"
Naughty Temple (2024),"€ 39,99",United States,4.32,Toppling Goliath Brewing Co.,12.9%,Strong Ale - American,Bottle 650ml,"€ 61,52 per litre"
Fontaine,"€ 12,49",Canada,4.32,Brasserie du Bas-Canada,8.7%,IPA - Imperial / Double,473ml,"€ 26,41 per litre"
$120 Nachos (2024),"€ 9,99",United States,4.31,Hoof Hearted Brewing,12%,IPA - Triple New England / Hazy,473ml,"€ 21,12 per litre"
Fundamental Observation (2024),"€ 39,99",United States,4.31,Bottle Logic Brewing,14%,Stout - Imperial / Double,500ml,"€ 79,98 per litre"
BBA Twice As Lonely Banana (2024),"€ 35,99",United States,4.30,Resident Culture Brewing Co.,13.5%,Stout - Imperial / Double Pastry,500ml,"€ 71,98 per litre"
Constellation,"€ 11,99",Canada,4.30,Brasserie du Bas-Canada,8.2%,IPA - Imperial / Double,473ml,"€ 25,35 per litre"
Triple Within,"€ 12,79",Canada,4.30,Third Moon Brewing Company,10.5%,IPA - Triple New England / Hazy,473ml,"€ 27,04 per litre"
Whiteferrari,"€ 11,29",United States,4.30,The Veil Brewing Co.,8%,IPA - Imperial / Double New England / Hazy,473ml,"€ 23,87 per litre"
Péché Mortel Bourbon (2023),"€ 9,79",Canada,4.29,Brasserie Dieu du Ciel!,9.5%,Stout - Imperial / Double Coffee,Bottle 341ml,"€ 28,71 per litre"
Oraison Funèbre,"€ 11,99",Canada,4.29,Messorem,10%,IPA - Triple,473ml,"€ 25,35 per litre"
Graze,"€ 10,99",Canada,4.29,Wood Brothers Brewing Co.,7.6%,IPA - American,473ml,"€ 23,23 per litre"
REFUSE (Ghost REFUSE),"€ 10,79",United States,4.28,Adroit Theory,10%,IPA - Triple New England / Hazy,473ml,"€ 22,81 per litre"
Hyperalgie,"€ 11,99",Canada,4.28,Messorem,10%,IPA - Triple,473ml,"€ 25,35 per litre"
Extra Extra Ghosty Bits,"€ 12,79",United States,4.28,Parish Brewing Co.,8%,IPA - Imperial / Double New England / Hazy,473ml,"€ 27,04 per litre"
King Sue (2024),"€ 10,49",United States,4.27,Toppling Goliath Brewing Co.,7.8%,IPA - Imperial / Double,473ml,"€ 22,18 per litre"
Sixpence None the Richer,"€ 11,99",United States,4.25,BlackStack Brewing,12%,IPA - Quadruple,473ml,"€ 25,35 per litre"
Animals In the Machine,"€ 12,49",United States,4.24,Parish Brewing Co.,8%,IPA - Imperial / Double New England / Hazy,473ml,"€ 26,41 per litre"
Castle In the Clouds,"€ 9,79",United States,4.23,Burlington Beer Company,10%,IPA - Triple New England / Hazy,473ml,"€ 20,70 per litre"
Lord Galactopus,"€ 10,99",United States,4.22,Hop Butcher For The World,8%,IPA - Imperial / Double New England / Hazy,473ml,"€ 23,23 per litre"
It's Like Fishing With Dynamite Vol.2,"€ 11,79",Canada,4.20,Wood Brothers Brewing Co.,8.2%,IPA - Imperial / Double New England / Hazy,473ml,"€ 24,93 per litre"
Péché Mortel (2024),"€ 7,79",Canada,4.20,Brasserie Dieu du Ciel!,9.5%,Stout - Imperial / Double Coffee,Bottle 341ml,"€ 22,84 per litre"
VOIID-05 (Ghost VOIID-05),"€ 10,79",United States,4.19,Adroit Theory,9%,IPA - Imperial / Double New England / Hazy,473ml,"€ 22,81 per litre"
Dry Hopped Dèpaysement,"€ 7,49",United States,4.13,Perennial Artisan Ales,4.4%,Farmhouse Ale - Saison,355ml,"€ 21,10 per litre"
Nectaron Dry Hop Pseudo Sue,"€ 10,79",United States,4.11,Toppling Goliath Brewing Co.,5.8%,Pale Ale - American,473ml,"€ 22,81 per litre"
Demihydra | Fruit Punch,"€ 10,79",United States,4.11,Mortalis Brewing Company,5%,Sour - Fruited,473ml,"€ 22,81 per litre"
Galaxy Flare,"€ 7,79",United States,4.09,Equilibrium Brewery,8.5%,IPA - Imperial / Double,473ml,"€ 16,47 per litre"
Mmm...Osa,"€ 6,29",United States,4.01,Equilibrium Brewery,4.8%,Pale Ale - American,473ml,"€ 13,30 per litre"
Lost Tooth,"€ 6,99",United States,4.00,Perennial Artisan Ales,5%,Lager - Dark,473ml,"€ 14,78 per litre"
Tie-Dye Science,"€ 6,49",United States,3.97,Equilibrium Brewery,6.5%,IPA - New England / Hazy,473ml,"€ 13,72 per litre"
Once Forgotten,"€ 6,99",United States,3.97,Perennial Artisan Ales,5%,Lager - Světlé (Czech Pale),473ml,"€ 14,78 per litre"
Brew for the Crew,"€ 6,79",United States,3.65,Perennial Artisan Ales,5.5%,Lager - Other,473ml,"€ 14,36 per litre"
Hygge,"€ 44,99",United States,3.50,Anchorage Brewing Company,18.2%,Barleywine - American,Bottle 375ml,"€ 119,97 per litre"
Black Gold (4th Anniversary),"€ 11,49",United States,?,The Drowned Lands Brewery,10.5%,Stout - American,473ml,"€ 24,29 per litre"
Hazedelic Daydream,"€ 7,00",Germany,4.02,Sudden Death Brewing Co.,8.3%,IPA - Imperial / Double,Can 440ml,"€ 15,91 per litre"
Whirly Brain,"€ 6,75",Germany,3.94,FUERST WIACEK,8%,IPA - Imperial / Double,Can 440ml,"€ 15,34 per litre"
Solitary Sock,"€ 5,85",Germany,3.93,FUERST WIACEK,6.2%,IPA - New England / Hazy,Can 440ml,"€ 13,30 per litre"
Don't Get Hit By Lightning,"€ 6,25",Germany,3.93,FUERST WIACEK,6.8%,IPA - American,Can 440ml,"€ 14,20 per litre"
Intergalactic,"€ 6,25",Germany,3.82,FUERST WIACEK,6.8%,IPA - New England / Hazy,Can 440ml,"€ 14,20 per litre"
Nimble,"€ 5,60",Germany,3.69,FUERST WIACEK,3.5%,Pale Ale - New England / Hazy,Can 440ml,"€ 12,73 per litre"
Mustáž,"€ 2,34",Slovakia,3.30,Padre Craft Brews/ Pivovar Kaltenecker,5.5%,Wheat Beer - American Pale Wheat,330ml,"€ 7,09 per litre"
Two Hundred Fathoms 2024,"€ 11,50",Ireland,4.39,Galway Bay Brewery,11.2%,Stout - Imperial / Double,500ml,"€ 23,00 per litre"
Tripel Karmeliet,"€ 3,59",Belgium,3.99,Brouwerij Bosteels,8.4%,Belgian Tripel,330ml,"€ 10,88 per litre"
Fancy Farmer,"€ 5,66",Czech Republic,3.62,Pivovar Mazák,5.5%,Wheat Beer - American Pale Wheat,Bottle 750ml,"€ 7,55 per litre"
Dubuison Bush Caractére,"€ 3,64",Belgium,3.62,Brasserie Dubuisson,12%,Belgian Strong Golden Ale,330ml,"€ 11,03 per litre"
Extra hořká 11°,"€ 4,07",Czech Republic,3.51,Pivovar Mazák,4.4%,Pilsner - Czech / Bohemian,Bottle 750ml,"€ 5,43 per litre"
Jantar,"€ 4,17",Czech Republic,3.40,Pivovar Mazák,4.6%,Lager - Polotmavé (Czech Amber),Bottle 750ml,"€ 5,56 per litre"
Universum Aztec,"€ 3,56",Czech Republic,3.92,Axiom Brewery,14.5%,Stout - Imperial / Double,330ml,"€ 10,79 per litre"
Axiom / Parom  - Simargl,"€ 4,27",Czech Republic,3.90,Axiom Brewery,5.7%,IPA - New England / Hazy,Can 500ml,"€ 8,54 per litre"
Acid Trip,"€ 3,53",Czech Republic,3.77,Axiom Brewery,7%,IPA - Sour,Can 330ml,"€ 10,70 per litre"
Greek Fire,"€ 3,87",Czech Republic,3.75,Axiom Brewery,12.5%,Stout - Russian Imperial,330ml,"€ 11,73 per litre"
Greek Fire Barrique,"€ 9,98",Czech Republic,3.75,Axiom Brewery,12.5%,Stout - Russian Imperial,Bottle 250ml,"€ 39,92 per litre"
Melipona,"€ 2,82",Czech Republic,3.60,Axiom Brewery,6.5%,Stout - Milk / Sweet,Can 330ml,"€ 8,55 per litre"
Axiom / Board - Unga Bunga,"€ 3,65",Czech Republic,3.56,Axiom Brewery,3%,IPA - Sour,Can 500ml,"€ 7,30 per litre"
Mangolada,"€ 2,98",Czech Republic,3.55,Axiom Brewery,5.4%,Pale Ale - Fruited,Can 330ml,"€ 9,03 per litre"
Sour Station Sea Buckthorn,"€ 2,87",Czech Republic,3.55,Axiom Brewery,4.5%,Sour - Fruited Berliner Weisse,Can 330ml,"€ 8,70 per litre"
Muscabella Oogst 2023,"€ 8,50",Belgium,4.23,Het Boerenerf Eylenbosch,6.85%,Lambic - Other,Bottle 375ml,"€ 22,67 per litre"
Pescharina (Oogst 2023),"€ 18,50",Belgium,4.17,Het Boerenerf Eylenbosch,6.2%,Lambic - Fruit,Bottle 750ml,"€ 24,67 per litre"
Oude Gueuze (2023) Batch 3,"€ 12,50",Belgium,4.09,Het Boerenerf Eylenbosch,7%,Lambic - Gueuze,Bottle 750ml,"€ 16,67 per litre"
Gueuze Cuvée Heritage (2023),"€ 19,00",Belgium,4.07,Het Boerenerf Eylenbosch,6.67%,Lambic - Gueuze,Bottle 750ml,"€ 25,33 per litre"
Gewurztraminer,"€ 18,50",Belgium,4.04,Het Boerenerf Eylenbosch,8.76%,Lambic - Fruit,Bottle 750ml,"€ 24,67 per litre"
Riesling,"€ 18,50",Belgium,3.95,Het Boerenerf Eylenbosch,8.06%,Lambic - Fruit,Bottle 750ml,"€ 24,67 per litre"
Alsacien - Quetsche (Oogst 2023),"€ 18,50",Belgium,3.94,Het Boerenerf Eylenbosch,6%,Lambic - Fruit,Bottle 750ml,"€ 24,67 per litre"
Hop Circles,"€ 4,50",Belgium,3.86,Fugu Brewing Co.,8%,IPA - Imperial / Double,330ml,"€ 13,64 per litre"
Pere Noel 2024,"€ 3,70",Belgium,3.69,Brouwerij De Ranke,7%,Winter Ale,330ml,"€ 11,21 per litre"
Pere Noel 2024,"€ 9,80",Belgium,3.69,Brouwerij De Ranke,7%,Winter Ale,Bottle 750ml,"€ 13,07 per litre"
Binchiose Noel,"€ 3,40",Belgium,?,Brasserie La Binchoise,9%,Winter Ale,330ml,"€ 10,30 per litre"
Pyramid Scheme,"€ 9,50",England,4.19,Rivington Brewing Co,8%,IPA - Imperial / Double New England / Hazy,500ml,"€ 19,00 per litre"
The Other Side of the World,"€ 6,50",Romania,3.91,Hop Hooligans,6%,IPA - New England / Hazy,500ml,"€ 13,00 per litre"
Bloom,"€ 6,50",Romania,3.91,Hop Hooligans,6%,IPA - New England / Hazy,500ml,"€ 13,00 per litre"
Vliegende Hollander,"€ 4,50",Netherlands,3.46,Brouwerij Homeland,7.5%,Stout - Oatmeal,330ml,"€ 13,64 per litre"
Aventinus (TAP06),"€ 2,69",Germany,3.81,Schneider Weisse G. Schneider & Sohn,8.2%,Bock - Weizendoppelbock,500ml,"€ 5,38 per litre"
Hefeweisse,"€ 2,70",Germany,3.71,Hacker-Pschorr,5.5%,Wheat Beer - Dunkelweizen,500ml,"€ 5,40 per litre"
Premium Weissbier,"€ 2,59",Germany,3.69,Spaten-Franziskaner-Löwenbräu-Gruppe,5%,Wheat Beer - Hefeweizen,500ml,"€ 5,18 per litre"
Hefe-Weißbier,"€ 2,28",Germany,3.67,Paulaner Brauerei,5.5%,Wheat Beer - Hefeweizen,500ml,"€ 4,56 per litre"
Helle Weisse (TAP01),"€ 2,28",Germany,3.61,Schneider Weisse G. Schneider & Sohn,4.9%,Wheat Beer - Hefeweizen,500ml,"€ 4,56 per litre"
Weltenburger Helle Weisse,"€ 2,59",Germany,3.57,Klosterbrauerei Weltenburg,5.4%,Wheat Beer - Hefeweizen,500ml,"€ 5,18 per litre"
Andechser Hell,"€ 2,28",Germany,3.56,Klosterbrauerei Andechs,4.8%,Lager - Helles,500ml,"€ 4,56 per litre"
Hofbräu Original,"€ 2,59",Germany,3.55,Staatliches Hofbräuhaus München,5.1%,Lager - Helles,500ml,"€ 5,18 per litre"
Weltenburger Kloster Hell,"€ 2,39",Germany,3.39,Klosterbrauerei Weltenburg,4.9%,Lager - Helles,500ml,"€ 4,78 per litre"
Weltenburger Pils,"€ 2,39",Germany,3.29,Klosterbrauerei Weltenburg,4.9%,Pilsner - German,500ml,"€ 4,78 per litre"
Night Shift 2024 Imperial Milk Porter Pedro Ximenez Sherry & Rum BA with Sour Cherry and Poppy Seed,"€ 10,47",Hungary,4.18,HORIZONT Brewing,11%,Porter - Imperial / Double,330ml,"€ 31,73 per litre"
Memphis Mafia 2024 Gold Edt,"€ 7,69",Hungary,3.97,Mad Scientist,12.5%,Stout - Imperial / Double,330ml,"€ 23,30 per litre"
Night Shift 2024 Russian Imperial Stout Pedro Ximénez & Rum BA with Chocolate & Orange,"€ 10,47",Hungary,3.96,HORIZONT Brewing,12.7%,Stout - Russian Imperial,330ml,"€ 31,73 per litre"
Double Hazy Queen 2024,"€ 6,23",Hungary,3.83,HORIZONT Brewing,8%,IPA - Imperial / Double New England / Hazy,Can 440ml,"€ 14,16 per litre"
Exotic Tales,"€ 5,62",Hungary,3.65,HORIZONT Brewing,5.3%,Sour - Fruited,Can 440ml,"€ 12,77 per litre"
Cold Cocaine,"€ 5,40",Hungary,3.58,Mad Scientist,7.2%,IPA - Cold,Can 440ml,"€ 12,27 per litre"
White Tree Pale,"€ 3,93",Hungary,3.50,Mad Scientist,5.2%,Pale Ale - New Zealand,330ml,"€ 11,91 per litre"
Elvenberry,"€ 3,93",Hungary,3.28,Mad Scientist,2.5%,Sour - Fruited,330ml,"€ 11,91 per litre"
Dwarven Forge,"€ 3,93",Hungary,2.79,Mad Scientist,6%,Stout - Oatmeal,330ml,"€ 11,91 per litre"
Baladin Noël Orange & Cacao,"€ 12,95",Italy,3.73,BIRRIFICIO AGRICOLO BALADIN - Baladin Indipendente Italian Farm Brewery,8.5%,Belgian Strong Dark Ale,330ml,"€ 11,91 per litre"
Dock 53 (Aout 2024),"€ 11,25",Canada,4.39,Le Ketch,6.5%,IPA - New England / Hazy,473ml,"€ 23,78 per litre"
Apocrypha Maple Bourbon And Rum Barrel Aged,"€ 12,00",Romania,4.34,Hop Hooligans,15.5%,Stout - Imperial / Double,Bottle 375ml,"€ 32,00 per litre"
Apocrypha Maple Bourbon Barrel Aged Chocolate,"€ 12,00",Romania,4.32,Hop Hooligans,15.5%,Stout - Imperial / Double,Bottle 375ml,"€ 32,00 per litre"
Commerce Without Morality,"€ 9,25",England,4.29,Bang The Elephant Brewing Co,11.2%,Stout - Imperial / Double,Can 440ml,"€ 21,02 per litre"
6ixth Anniversary Barrel Aged Coconut Hazelnut Vanilla Bean,"€ 30,00",United States,4.26,Imprint Beer Co.,14%,Stout - Imperial / Double Pastry,500ml,"€ 60,00 per litre"
Anderson X,"€ 10,75",Estonia,4.21,Anderson's Craft Beer,12.34%,Stout - Imperial / Double,330ml,"€ 32,58 per litre"
Every Now And Then,"€ 6,25",Germany,4.13,FUERST WIACEK,6.8%,IPA - New England / Hazy,Can 440ml,"€ 14,20 per litre"
Tawny (Cider Applewine),"€ 19,95",Ireland,4.10,Nohoval Drinks Company Ltd,15%,Cider - Applewine,500ml,"€ 39,90 per litre"
Dominion,"€ 4,60",Estonia,4.07,Pühaste Brewery,11%,Stout - Imperial / Double,330ml,"€ 13,94 per litre"
Friend or Foe? (Smoked Beer),"€ 7,25",Poland,4.03,Browar Rockmill/ Дідько Brewery,12%,Smoked Beer,330ml,"€ 21,97 per litre"
Maple Bänger,"€ 4,40",Estonia,3.92,Põhjala,12.5%,Stout - Imperial / Double,330ml,"€ 13,33 per litre"
XPA,"€ 9,75",United States,3.90,Alvarado Street Brewery,5%,Pale Ale - XPA (Extra Pale),473ml,"€ 20,61 per litre"
Breaking Good,"€ 5,99",Poland,3.73,Funky Fluid,6.3%,IPA - American,500ml,"€ 11,98 per litre"
Browns (Cider Applewine),"€ 7,50",England,3.71,Dunkertons,7.5%,Cider - Applewine,500ml,"€ 15,00 per litre"
Radiant Revel,"€ 3,95",Estonia,3.70,Pühaste Brewery,3%,Sour - Fruited,330ml,"€ 11,97 per litre"
Koffie & Toffee,"€ 2,50",Netherlands,3.65,Brouwerij de Molen,8.5%,Porter - Baltic,330ml,"€ 7,58 per litre"
1 na 100 Lite APA (Rye Beer),"€ 2,50",Poland,3.53,Browar Kormoran,1%,Rye Beer,500ml,"€ 5,00 per litre"
Boefke,"€ 2,95",Netherlands,2.90,Veldhovense Bierbrouwerij,8.2%,Belgian Tripel,330ml,"€ 8,94 per litre"
Dokkie NA,"€ 3,80",Belgium,3.24,Dok Brewing Company,0.3%,Non-Alcoholic - Sour,330ml,"€ 11,52 per litre"
Juice Punch,"€ 3,75",Netherlands,3.68,Brouwerij Frontaal,5.8%,IPA - New England / Hazy,330ml,"€ 11,36 per litre"
High Wire,"€ 2,95",England,3.65,Magic Rock Brewing,5.5%,Pale Ale - American,330ml,"€ 8,94 per litre"
KEIPA - Black Pepper Edition,"€ 3,50",Netherlands,3.64,Vat'33,5%,IPA - New England / Hazy,330ml,"€ 10,61 per litre"
Hazy Pale Ale,"€ 3,25",Netherlands,3.55,Rock City Brewing,5.8%,Pale Ale - American,330ml,"€ 9,85 per litre"
Koene Ridder,"€ 3,50",Netherlands,3.49,Rock City Brewing,8%,Belgian Tripel,330ml,"€ 10,61 per litre"
Vink Heerlijk,"€ 3,50",Netherlands,3.48,Bird Brewery,6.2%,IPA - American,330ml,"€ 10,61 per litre"
De Rumoerige Roodborst,"€ 3,50",Netherlands,3.47,Bird Brewery,5.8%,Red Ale - American Amber / Red,330ml,"€ 10,61 per litre"
ROTT.blontt,"€ 3,50",Netherlands,3.46,ROTT. Brouwers,5.5%,Blonde / Golden Ale - Other,330ml,"€ 10,61 per litre"
Walhalla Mist,"€ 3,25",Netherlands,3.41,Walhalla Brouwerij & Proeflokaal,5.5%,Wheat Beer - Hefeweizen,330ml,"€ 9,85 per litre"
Fantasma,"€ 2,95",England,3.66,Magic Rock Brewing,6.5%,Gluten-Free,330ml,"€ 8,94 per litre"
Where Are We X Baron,"€ 6,00",England,4.11,Howling Hops,7.3%,IPA - New England / Hazy,Can 440ml,"€ 13,64 per litre"
Very Big Moose 2024 Edition,"€ 8,20",Scotland,3.92,Fierce Beer,12%,Stout - Imperial / Double,Can 440ml,"€ 18,64 per litre"
Single Hop No6 - Galaxy,"€ 5,10",England,3.57,Howling Hops,4.8%,Pale Ale - Australian,Can 440ml,"€ 11,59 per litre"
Rabarber/ Schaarbeekse 22/23 Assemblage n° 100,"€ 27,71",Belgium,4.41,Brouwerij 3 Fonteinen,6.3%,Lambic - Fruit,Bottle 750ml,"€ 36,95 per litre"
Oude Geuze 21/22 Assemblage n°126,"€ 15,67",Belgium,4.27,Brouwerij 3 Fonteinen,6%,Lambic - Gueuze,Bottle 750ml,"€ 20,89 per litre"
Oude Geuze Armand & Gaston Vintage 2020 19/20 Assemblage n° 59,"€ 28,71",Belgium,4.26,Brouwerij 3 Fonteinen,7.4%,Lambic - Gueuze,Bottle 750ml,"€ 38,28 per litre"
3 Fonteinen X Alex Foillard - Druif Gamay 23/24 Assemblage n° 6,"€ 28,71",Belgium,4.16,Brouwerij 3 Fonteinen,7.3%,Lambic - Fruit,Bottle 750ml,"€ 38,28 per litre"
Maïtre Quad,"€ 2,81",Belgium,3.65,Brewery De Meester,9.5%,Belgian Quadrupel,330ml,"€ 8,52 per litre"
Maïtre Tripel,"€ 2,81",Belgium,3.48,Brewery De Meester,8.5%,Belgian Tripel,330ml,"€ 8,52 per litre"
First Juggler DIPA,"€ 4,90",Hungary,3.52,FIRST Craft Beer,8%,IPA - Imperial / Double,330ml,"€ 14,85 per litre"
First x Christiania Bryghus Crank it up,"€ 4,70",Hungary,?,FIRST Craft Beer,7%,Stout - Pastry,330ml,"€ 14,24 per litre"
First x Christiania Bryghus Mellow it Down,"€ 4,70",Hungary,?,FIRST Craft Beer,8%,Sour - Other,330ml,"€ 14,24 per litre"
Dead Zeppelin,"€ 5,95",Romania,4.33,Clandestin Beer,7%,Sour - Smoothie / Pastry,500ml,"€ 11,90 per litre"
Terra Donum,"€ 13,50",Poland,3.95,Browar Kormoran,10.5%,Mead - Braggot,Bottle 375ml,"€ 36,00 per litre"
Punk Floyd,"€ 5,95",Romania,3.93,Clandestin Beer,7%,Sour - Smoothie / Pastry,500ml,"€ 11,90 per litre"
Barlow Sorbus,"€ 11,50",Poland,3.92,Browar Kormoran,10.5%,Barleywine - Other,Bottle 375ml,"€ 30,67 per litre"
Scareweiss,"€ 4,50",Croatia,3.66,Pulfer Brewery,5.5%,Wheat Beer - Hefeweizen,500ml,"€ 9,00 per litre"
Santa Klausovich,"€ 5,75",Croatia,3.59,Pulfer Brewery,7.3%,Wheat Beer - Fruited,500ml,"€ 11,50 per litre"
The Artist,"€ 3,75",Poland,3.51,Brokreacja,5.9%,Fruit Beer,500ml,"€ 7,50 per litre"
The Nurse,"€ 3,75",Poland,3.43,Brokreacja,5.2%,Wheat Beer - Hefeweizen,500ml,"€ 7,50 per litre"
The Dancer,"€ 3,75",Poland,3.37,Brokreacja,5.5%,Wheat Beer - Witbier / Blanche,500ml,"€ 7,50 per litre"
The Teather,"€ 3,75",Poland,3.30,Brokreacja,4.8%,Pilsner - Czech / Bohemian,500ml,"€ 7,50 per litre"
Rolling Skulls,"€ 5,40",Romania,?,Clandestin Beer,6%,IPA - New England / Hazy,500ml,"€ 10,80 per litre"
Space Cake,"€ 5,95",Romania,?,Clandestin Beer,10%,Stout - Imperial / Double Pastry,500ml,"€ 11,90 per litre"
ZZ Pop,"€ 5,40",Romania,?,Clandestin Beer,6%,IPA - New England / Hazy,500ml,"€ 10,80 per litre"
Paisley Cove Complex,"€ 37,50",United States,4.52,Bottle Logic Brewing,15%,Stout - Imperial / Double,500ml,"€ 75,00 per litre"
Smoothie Beer Pumpkin Pie,"€ 5,09",Poland,3.74,Maryensztadt,4.2%,Sour - Smoothie / Pastry,500ml,"€ 10,18 per litre"
Bock Brülee – Pastry Bock,"€ 3,75",Netherlands,3.52,Two Chefs Brewing,7%,Bock - Single / Traditional,330ml,"€ 11,36 per litre"
Daily Dose – Forest Fruit Sour,"€ 4,75",Netherlands,3.49,Two Chefs Brewing,7.2%,Sour - Fruited,330ml,"€ 14,39 per litre"
Tropical Blaze – Mango Habanero Sour,"€ 4,95",Netherlands,3.43,Two Chefs Brewing,7%,Sour - Fruited,330ml,"€ 15,00 per litre"
Oude Gueuze (2023) Batch 2,"€ 6,80",Belgium,4.11,Het Boerenerf Eylenbosch,7%,Lambic - Gueuze,Bottle 375ml,"€ 18,13 per litre"
Brulo Sabro Galaxy DDH IPA,"€ 3,60",Scotland,3.46,BRULO,7%,Non-Alcoholic - IPA,Can 330ml,"€ 10,91 per litre"
Chug,"€ 4,80",England,3.44,Mash Gang,0.5%,Non-Alcoholic - Pale Ale,Can 440ml,"€ 10,91 per litre"
Bolleke,"€ 3,30",Belgium,3.34,Brouwerij De Koninck,5.2%,Pale Ale - Belgian,Bottle 330ml,"€ 10,00 per litre"
Brulo Cascadian Tides Stout,"€ 3,60",Scotland,3.27,BRULO,5.2%,Non-Alcoholic - Porter / Stout,Can 330ml,"€ 10,91 per litre"
Brulo Highway To Hell Lager,"€ 3,60",Scotland,3.14,BRULO,0.5%,Non-Alcoholic - Lager,Can 330ml,"€ 10,91 per litre"
Saison,"€ 9,00",Belgium,3.87,Brasserie Fantôme,8%,Farmhouse Ale - Saison,Bottle 750ml,"€ 12,00 per litre"
Adelheid V3,"€ 3,55",Belgium,3.72,Brouwerij de HopHemel,10%,Barleywine - American,Bottle 750ml,"€ 12,00 per litre"
Piwo Jopejskie (Historical Beer Other),"€ 20,00",Poland,4.04,AleBrowar,7.5%,Historical Beer - Other,200ml,"€ 100,00 per litre"
I Caught My First Tube This Morning... Sir,"€ 6,50",England,3.85,Pomona Island Brew Co.,5.6%,Pale Ale - American,Can 440ml,"€ 14,77 per litre"
Merry Jingle,"€ 9,95",Norway,4.27,Nøgne Ø,15.5%,Stout - Imperial / Double,330ml,"€ 30,15 per litre"
Dolle Brouwers Stille Nacht Special Reserva 2022,"€ 10,95",Belgium,4.15,Brouwerij De Dolle Brouwers,12%,Belgian Strong Golden Ale,330ml,"€ 30,15 per litre"
Vleteren 12 Bruin Port Barrel Aged,"€ 3,85",Belgium,3.95,Deca Brouwerij,12%,Belgian Strong Dark Ale,330ml,"€ 11,67 per litre"
Solstice Bells,"€ 9,25",Norway,3.93,Nøgne Ø,12%,Traditional Ale,330ml,"€ 28,03 per litre"
Schönramer Hell,"€ 2,75",Germany,3.58,Private Landbrauerei Schönram,5%,Lager - Helles,500ml,"€ 5,50 per litre"
San Francisco Porter,"€ 8,95",Belgium,3.55,Brouwerij De Ranke,5.5%,Porter - American,Bottle 750ml,"€ 11,93 per litre"
Grimbergen Cuvée 2024,"€ 9,95",Belgium,3.55,Grimbergen Abbey Brewery,7.7%,Belgian Blonde,Bottle 750ml,"€ 13,27 per litre"
Sancti Adalberti Rum Infused Tripel,"€ 3,20",Netherlands,3.54,Brouwerij Egmond,7.5%,Belgian Tripel,330ml,"€ 9,70 per litre"
Störtebeker Bernstein-Weizen,"€ 2,85",Germany,3.43,Störtebeker Braumanufaktur,5.3%,Wheat Beer - Hefeweizen,500ml,"€ 5,70 per litre"
Kerst Snol,"€ 2,49",Netherlands,3.40,Dorpsbrouwerij de Pimpelmeesch,8.5%,Stout - Other,330ml,"€ 7,55 per litre"
Gaffel Kölsch,"€ 2,95",Germany,3.35,Privatbrauerei Gaffel Becker,4.8%,Kölsch,500ml,"€ 5,90 per litre"
Riwaka Universe,"€ 9,90",England,4.47,Makemake,8%,IPA - Imperial / Double,Can 500ml,"€ 19,80 per litre"
Double Pump Caramel Biscuit Cheesecake,"€ 12,00",Scotland,4.44,Vault City Brewing,13%,Stout - Imperial / Double Pastry,Can 330ml,"€ 36,36 per litre"
Motueka Universe,"€ 9,90",England,4.40,Makemake,8%,IPA - Imperial / Double New England / Hazy,Can 500ml,"€ 19,80 per litre"
Many-Worlds,"€ 9,90",England,4.07,Makemake,8%,IPA - Sour,Can 500ml,"€ 19,80 per litre"
Stoutzilla,"€ 9,00",England,4.05,UnBarred Brewery,10%,Stout - Imperial / Double Pastry,Can 330ml,"€ 27,27 per litre"
Things Behind The Sun,"€ 8,10",England,3.89,Makemake,6%,Porter - Coffee,Can 500ml,"€ 16,20 per litre"
Mulled Apple Sour,"€ 6,00",Scotland,3.86,Vault City Brewing,5%,Sour - Fruited,Can 440ml,"€ 13,64 per litre"
Moonlighters,"€ 5,70",England,3.75,Makemake,4.8%,Stout - Oatmeal,Can 500ml,"€ 11,40 per litre"
LowKey,"€ 4,50",England,3.28,UnBarred Brewery,0.5%,Non-Alcoholic - Pale Ale,Can 440ml,"€ 10,23 per litre"
Double Fruited Sour,"€ 4,25",Netherlands,3.58,Brouwerij Eleven,6.5%,Sour - Fruited,330ml,"€ 12,88 per litre"
Papa Beer,"€ 3,75",Netherlands,3.57,Brouwerij Eleven,5.5%,IPA - New England / Hazy,330ml,"€ 11,36 per litre"
Decade Of Allegations x Messorem DIPA,"€ 15,50",United States,4.24,Electric Brewing Company,8.5%,IPA - Imperial / Double New England / Hazy,473ml,"€ 32,77 per litre"
Erratic Struggle x Humble Sea IPA,"€ 12,80",United States,3.93,Electric Brewing Company,7.3%,IPA - American,473ml,"€ 27,06 per litre"
Lightspeed Pilsner,"€ 4,30",England,3.23,Original Stormtrooper Beer,5%,Pilsner - Other,330ml,"€ 13,03 per litre"
Zenne Y Frontera 22/23 Assemblage n° 70,"€ 42,95",Belgium,4.42,Brouwerij 3 Fonteinen,6.9%,Lambic - Gueuze,Bottle 750ml,"€ 57,27 per litre"
Van Aert Gueuze Artisanale,"€ 10,97",Belgium,4.05,Belgoo,6.2%,Lambic - Gueuze,Bottle 750ml,"€ 14,63 per litre"
Jandrain-Jandrenouille IV Saison,"€ 2,25",Belgium,3.64,Brasserie de Jandrain-Jandrenouille,6.5%,Farmhouse Ale - Saison,Bottle 330ml,"€ 6,82 per litre"
Blaugies La Moneuse Special Winter Ale,"€ 7,27",Belgium,3.61,Brasserie de Blaugies,8%,Winter Ale,Bottle 750ml,"€ 9,69 per litre"
Jandrain-Jandrenouille V Cense,"€ 2,25",Belgium,3.53,Brasserie de Jandrain-Jandrenouille,7%,Farmhouse Ale - Saison,330ml,"€ 6,82 per litre"
Hop Soda® (schwarz),"€ 1,90",United States,3.52,Ballast Point Brewing Company,4.5%,IPA - Brut,Can 440ml,"€ 4,32 per litre"
Hop Soda® (schwarz) 24er Tray,"€ 39,90",United States,3.52,Ballast Point Brewing Company,4.5%,IPA - Brut,Can 440ml,"€ 90,68 per litre"
Hop Soda® (weiß),"€ 1,90",United States,3.52,Ballast Point Brewing Company,4.5%,IPA - Brut,Can 440ml,"€ 4,32 per litre"
Hop Soda® (weiß) 24er Tray,"€ 39,90",United States,3.52,Ballast Point Brewing Company,4.5%,IPA - Brut,Can 440ml,"€ 90,68 per litre"
Toren 1425,"€ 3,30",Netherlands,3.55,Kronenburger Brouwers,8%,Belgian Tripel,330ml,"€ 10,00 per litre"
Corpus Vitrae Trinitas Hopulus,"€ 9,95",Netherlands,?,Mister Hop,8.2%,Belgian Tripel,Bottle 750ml,"€ 13,27 per litre"
Corpus Vitrae Tripel Hallelujah,"€ 4,30",Netherlands,?,Mister Hop,8%,Belgian Tripel,330ml,"€ 13,03 per litre"
Zeeuwsche Witte,"€ 1,95",Netherlands,3.34,Bierbrouwerij Vermeersen,5%,Wheat Beer - Witbier / Blanche,Bottle 250ml,"€ 7,80 per litre"
Lervig Rackhouse All I Want for Christmas,"€ 49,80",Norway,4.16,LERVIG,15%,Stout - Imperial / Double,Bottle 750ml,"€ 66,40 per litre"
St Bernardus Abt 12 6L,"€ 348,70",Belgium,4.00,Brouwerij St.Bernardus,10%,Belgian Quadrupel,6000ml,"€ 58,12 per litre"
Chocolate Porter,"€ 7,80",Estonia,3.84,Põhjala,10%,Porter - Imperial / Double,330ml,"€ 23,64 per litre"
Pohjala Öö Cassis,"€ 7,20",Estonia,3.84,Põhjala,10.5%,Porter - Imperial / Double Baltic,330ml,"€ 21,82 per litre"
Pohjala Cosy Nights,"€ 5,80",Estonia,3.83,Põhjala,8%,Porter - Other,330ml,"€ 17,58 per litre"
Moinette Bons Voeux Dupont Magnum (1.5L),"€ 43,80",Belgium,3.80,Brasserie Dupont,9.5%,Farmhouse Ale - Saison,Bottle 1500ml,"€ 29,20 per litre"
Gulden Draak Magnum (1.5L),"€ 45,80",Belgium,3.73,Brouwerij Van Steenberge,10.5%,Stout - Imperial / Double,Bottle 1500ml,"€ 30,53 per litre"
Bonsecours Noel,"€ 6,30",Belgium,3.48,Brasserie Caulier,9%,Winter Ale,330ml,"€ 19,09 per litre"
Diole Noel,"€ 5,70",Belgium,3.48,Brasserie Caulier,9%,Winter Ale,330ml,"€ 17,27 per litre"
Cuvee Noel St. Feuillien,"€ 6,30",Belgium,3.48,Brasserie St-Feuillien,9%,Winter Ale,330ml,"€ 19,09 per litre"
Grimbergen Winter,"€ 4,20",Belgium,3.44,Brouwerij Alken-Maes,6.5%,Winter Ale,330ml,"€ 12,73 per litre"
Barbe Noel,"€ 7,40",Belgium,3.42,Brouwerij Verhaeghe,10%,Winter Ale,330ml,"€ 22,42 per litre"
Tongerlo Xmas,"€ 5,00",Belgium,3.40,Brouwerij Haacht Brasserie,7%,Winter Ale,330ml,"€ 15,15 per litre"
Solstice d'Eté Framboise,"€ 5,60",Canada,4.03,Brasserie Dieu du Ciel!,5.9%,Sour - Fruited Berliner Weisse,473ml,"€ 11,84 per litre"
Solstice d'Eté 3 Fruits,"€ 5,60",Canada,3.84,Brasserie Dieu du Ciel!,5.9%,Sour - Fruited Berliner Weisse,473ml,"€ 11,84 per litre"
Solstice d'Eté Cerise,"€ 5,60",Canada,3.83,Brasserie Dieu du Ciel!,5.9%,Sour - Fruited Berliner Weisse,473ml,"€ 11,84 per litre"
Boire Prague Et Mourir,"€ 5,00",Canada,3.70,Brasserie Dieu du Ciel!,5.1%,Lager - Světlé (Czech Pale),473ml,"€ 10,57 per litre"
Limonade Poivrée,"€ 5,00",Canada,3.67,Brasserie Dieu du Ciel!,3.5%,Wheat Beer - Witbier / Blanche,473ml,"€ 10,57 per litre"
Rosée d'Hibiscus,"€ 5,20",Canada,3.63,Brasserie Dieu du Ciel!,5.9%,Wheat Beer - Witbier / Blanche,473ml,"€ 10,99 per litre"
Sentinelle,"€ 5,00",Canada,3.52,Brasserie Dieu du Ciel!,5.1%,Kölsch,473ml,"€ 10,57 per litre"
Dominion,"€ 4,95",Estonia,4.07,Pühaste Brewery,11%,Stout - Imperial / Double,330ml,"€ 15,00 per litre"
Maisel's Dunkel Hefe-Weissbier,"€ 1,95",Germany,3.51,Brauerei Gebr. Maisel,5.1%,Wheat Beer - Dunkelweizen,500ml,"€ 3,90 per litre"
Double Fudge,"€ 16,10",Netherlands,4.08,Brouwerij Kees,20%,Bock - Eisbock,Bottle 375ml,"€ 42,93 per litre"
Barrel Project 2024 Single Barrel Laphroaig,"€ 12,00",Netherlands,3.92,Brouwerij Kees,11.2%,Stout - Russian Imperial,Bottle 375ml,"€ 32,00 per litre"
Fate Loves The Fearless,"€ 9,90",Netherlands,3.91,Brouwerij Kees,14.8%,Barleywine - American,Can 330ml,"€ 30,00 per litre"
Pastry Train Canelé,"€ 8,40",Netherlands,3.90,Brouwerij Kees,13.1%,Stout - Imperial / Double Pastry,Can 330ml,"€ 25,45 per litre"
Caramel Fudge Stout,"€ 7,80",Netherlands,3.88,Brouwerij Kees,11.5%,Stout - Imperial / Double,Can 330ml,"€ 23,64 per litre"
Kees x Frontaal Pindakees XL,"€ 8,10",Netherlands,3.64,Brouwerij Kees,10.5%,Stout - Pastry,Can 330ml,"€ 24,55 per litre"
Hazelnut & Chocolate Fudge Stout,"€ 5,10",Netherlands,3.58,Brouwerij Kees,8%,Stout - Pastry,Can 330ml,"€ 15,45 per litre"
Temporalis #0024,"€ 12,49",Canada,4.34,Messorem,10.2%,IPA - Triple New England / Hazy,473ml,"€ 26,41 per litre"
Celebration Fresh Hop IPA 2024,"€ 3,49",United States,3.92,Sierra Nevada Brewing Co.,6.8%,IPA - American,355ml,"€ 9,83 per litre"
La Trappe Three Rules of Authentic Trappist,"€ 12,99",Netherlands,3.82,Bierbrouwerij De Koningshoeven,7.4%,Belgian Dubbel,Bottle 750ml,"€ 17,32 per litre"
Christmas Shake,"€ 9,99",Sweden,3.69,Omnipollo,7.5%,IPA - Imperial / Double Milkshake,Can 440ml,"€ 22,70 per litre"
Emma's Winter Mild,"€ 5,99",Sweden,3.36,Omnipollo,5.3%,Mild - Dark,330ml,"€ 18,15 per litre"
Lumberjack Samoa Cookie Break,"€ 51,00",United States,4.60,3 Sons Brewing Co.,14.7%,Stout - Imperial / Double Pastry,Bottle 500ml,"€ 102,00 per litre"
Monstrosity Part 1,"€ 10,80",Netherlands,4.44,White Dog Brewery,11%,Stout - Imperial / Double Pastry,Can 440ml,"€ 24,55 per litre"
Lumberjack Caramel Frappuccino Break,"€ 51,00",United States,4.31,3 Sons Brewing Co.,14.7%,Stout - Imperial / Double Pastry,Bottle 500ml,"€ 102,00 per litre"
Nelson LM20,"€ 7,50",Romania,4.30,Bereta Brewing Co.,6.1%,IPA - New England / Hazy,Can 440ml,"€ 17,05 per litre"
Monstrosity Part 2,"€ 10,80",Netherlands,4.24,White Dog Brewery,11%,Stout - Imperial / Double Pastry,Can 440ml,"€ 24,55 per litre"
3 Sons x Mortalis x Transcend x Juicy Blender Bender,"€ 13,20",United States,4.03,3 Sons Brewing Co.,7.5%,Sour - Smoothie / Pastry,Can 473ml,"€ 27,91 per litre"
Craver's Cave,"€ 7,50",Romania,4.03,Bereta Brewing Co.,6.1%,IPA - New England / Hazy,Can 440ml,"€ 17,05 per litre"
3 Sons x Uchu Brewing x Orchestrated Minds x Long Live Beerworks Hops United,"€ 12,00",United States,3.99,3 Sons Brewing Co.,8%,IPA - Imperial / Double New England / Hazy,Can 473ml,"€ 25,37 per litre"
Bereta 8 Down,"€ 7,50",Romania,3.92,Bereta Brewing Co.,6.2%,IPA - New England / Hazy,Can 440ml,"€ 17,05 per litre"
Juicebag,"€ 6,60",Romania,3.82,Bereta Brewing Co.,6%,IPA - New England / Hazy,Can 440ml,"€ 15,00 per litre"
Sacred,"€ 30,00",Romania,?,Bereta Brewing Co.,11.5%,Stout - Imperial / Double,Bottle 750ml,"€ 40,00 per litre"
Sacrilege,"€ 30,00",Romania,?,Bereta Brewing Co.,11.5%,Stout - Imperial / Double,Bottle 750ml,"€ 40,00 per litre"
Pomona Island / Azvex - Infinity Imperial Stout,"€ 12,30",England,4.43,Pomona Island Brew Co.,11%,Stout - Imperial / Double,Can 440ml,"€ 27,95 per litre"
When A Goat Follows His Hero In A Car,"€ 8,90",England,4.19,Pomona Island Brew Co.,8%,IPA - Imperial / Double New England / Hazy,Can 440ml,"€ 20,23 per litre"
Pomona Island / Rivington - Infinity DDH Pale,"€ 6,90",England,4.04,Pomona Island Brew Co.,5.4%,Pale Ale - New England / Hazy,Can 440ml,"€ 15,68 per litre"
Casanova And The Rest Is Fly,"€ 10,00",England,4.01,Pomona Island Brew Co.,6.5%,Stout - Pastry,Can 440ml,"€ 22,73 per litre"
Pomona Island / To Øl - Reflections After Jane,"€ 8,90",England,3.94,Pomona Island Brew Co.,8%,IPA - Sour,Can 440ml,"€ 20,23 per litre"
Authentic Frontier Gibberish,"€ 7,60",England,3.80,Pomona Island Brew Co.,7.3%,IPA - American,Can 440ml,"€ 17,27 per litre"
Strawberry Incipient,"€ 10,80",United States,4.12,Speciation Artisan Ales,6.7%,Sour - Fruited,Can 473ml,"€ 22,83 per litre"
Mi Fuzz,"€ 10,80",United States,4.06,Speciation Artisan Ales,6.5%,Sour - Other,Can 473ml,"€ 22,83 per litre"
Magic Trait (2024),"€ 13,20",United States,4.01,Speciation Artisan Ales,8%,Sour - Fruited,Can 473ml,"€ 27,91 per litre"
BreakBeak Inner City Life,"€ 15,60",England,?,Breakbeat Brewing,10.5%,Bock - Doppelbock,Bottle 330ml,"€ 47,27 per litre"
BreakBeak Shadow Boxing,"€ 15,60",England,?,Breakbeat Brewing,11%,Stout - Imperial / Double Pastry,Bottle 330ml,"€ 47,27 per litre"
BreakBeak Spiritual Aura,"€ 15,60",England,?,Breakbeat Brewing,12.8%,Belgian Quadrupel,Bottle 330ml,"€ 47,27 per litre"
BreakBeak Tales From The Darkside,"€ 15,60",England,?,Breakbeat Brewing,12%,Stout - Imperial / Double,Bottle 330ml,"€ 47,27 per litre"
Harvest Time,"€ 12,60",Netherlands,4.12,Folkingebrew,10%,IPA - Triple New England / Hazy,Can 440ml,"€ 28,64 per litre"
Blueprint (Galaxy),"€ 9,20",Netherlands,4.12,Folkingebrew,8.5%,IPA - Imperial / Double New England / Hazy,Can 440ml,"€ 20,91 per litre"
Pine Barrens,"€ 7,20",England,3.98,Baron Brewing,6.5%,IPA - American,Can 500ml,"€ 14,40 per litre"
Through The Trees,"€ 7,20",England,3.94,Baron Brewing,6.7%,IPA - New England / Hazy,Can 500ml,"€ 14,40 per litre"
Funky Fluid x Imprint Gelato XTREME: Blueberry Raspberry Banana S'mores Milkshake Schmoojee,"€ 10,80",Poland,4.12,Funky Fluid,8%,Sour - Smoothie / Pastry,Can 500ml,"€ 21,60 per litre"
Funky Fluid x 450 North Gelato XTREME: Jungle Juice SLUSHY XXL,"€ 10,80",Poland,4.03,Funky Fluid,8%,Sour - Smoothie / Pastry,Can 500ml,"€ 21,60 per litre"
Cospell,"€ 12,00",Poland,4.01,Funky Fluid,11%,Stout - Imperial / Double Coffee,Can 500ml,"€ 24,00 per litre"
Funky Fluid x Ruse Pink Mirror,"€ 8,40",Poland,3.93,Funky Fluid,8%,IPA - Imperial / Double New England / Hazy,Can 500ml,"€ 16,80 per litre"
Free Gelato Berries & Cream,"€ 5,40",Poland,3.68,Funky Fluid,0.5%,Non-Alcoholic - Sour,Can 500ml,"€ 10,80 per litre"
Premium Organic Perry,"€ 13,75",Netherlands,3.82,Elegast Cidery,6.4%,Cider - Perry / Poiré,Bottle 750ml,"€ 18,33 per litre"
Berry Good Cider,"€ 13,75",Netherlands,3.41,Elegast Cidery,6.5%,Cider - Other Fruit,Bottle 750ml,"€ 18,33 per litre"
Ankou Whiskey BA (Bravoure collab) (Silver Series),"€ 11,90",Estonia,4.36,Pühaste Brewery,13.9%,Stout - Imperial / Double,330ml,"€ 36,06 per litre"
Merry Jingle,"€ 11,50",Norway,4.27,Nøgne Ø,15.5%,Stout - Imperial / Double,330ml,"€ 34,85 per litre"
Splice The Mainbrace,"€ 10,50",Norway,4.21,Nøgne Ø,11.5%,Barleywine - English,330ml,"€ 31,82 per litre"
Caramel Fudge Stout Barrel Aged Bourbon,"€ 7,50",Netherlands,4.21,Brouwerij Kees,11.5%,Stout - Imperial / Double,330ml,"€ 22,73 per litre"
Nordic Nolr 3 Loupiac,"€ 21,50",Norway,4.20,Nøgne Ø,15%,Strong Ale - Other,330ml,"€ 65,15 per litre"
Nordic Nolr 3 Brandy,"€ 21,50",Norway,4.19,Nøgne Ø,15%,Strong Ale - Other,330ml,"€ 65,15 per litre"
God of Souls (Theogony Project),"€ 9,60",Greece,4.17,Seven Island Brewery,11%,Stout - Imperial / Double Coffee,Can 440ml,"€ 21,82 per litre"
Kriek De Schaerbeek a L' Ancienne,"€ 9,90",Belgium,4.16,Gueuzerie Tilquin,7%,Lambic - Kriek,Bottle 375ml,"€ 26,40 per litre"
Blueprint Enigma,"€ 9,50",Netherlands,4.13,Folkingebrew,8.5%,IPA - Imperial / Double New England / Hazy,Can 440ml,"€ 21,59 per litre"
God of Oceans (Theogony Project),"€ 9,60",Greece,4.13,Seven Island Brewery,11%,Stout - Imperial / Double Coffee,Can 440ml,"€ 21,82 per litre"
Blueprint Galaxy,"€ 9,50",Netherlands,4.12,Folkingebrew,8.5%,IPA - Imperial / Double New England / Hazy,Can 440ml,"€ 21,59 per litre"
Dominion,"€ 6,50",Estonia,4.07,Pühaste Brewery,11%,Stout - Imperial / Double,330ml,"€ 19,70 per litre"
Cinnamon Bun Piasterer,"€ 11,30",Netherlands,4.06,Moersleutel Craft Brewery,12%,Stout - Pastry,Can 440ml,"€ 25,68 per litre"
Gueuze 40-60,"€ 6,50",Belgium,4.05,Gueuzerie Tilquin,6.8%,Lambic - Gueuze,Bottle 375ml,"€ 17,33 per litre"
Cadaver,"€ 8,80",Finland,4.04,Panimoyhtiö Tuju,12%,Stout - Imperial / Double Oatmeal,Can 440ml,"€ 20,00 per litre"
Almond Ganache Bulldozer,"€ 11,30",Netherlands,4.03,Moersleutel Craft Brewery,11%,Stout - Imperial / Double Pastry,Can 440ml,"€ 25,68 per litre"
Caramel Fudge Stout Barrel Aged Het Anker,"€ 7,50",Netherlands,4.01,Brouwerij Kees,11%,Stout - Imperial / Double Pastry,330ml,"€ 22,73 per litre"
Gueuze 60-40,"€ 6,50",Belgium,4.01,Gueuzerie Tilquin,6.8%,Lambic - Gueuze,Bottle 375ml,"€ 17,33 per litre"
CYCT Nozzles,"€ 9,90",Netherlands,3.97,Moersleutel Craft Brewery,9%,IPA - Triple New England / Hazy,Can 440ml,"€ 22,50 per litre"
Maple Banger,"€ 6,50",Estonia,3.92,Põhjala,12.5%,Stout - Imperial / Double,330ml,"€ 19,70 per litre"
CYCT Flexure,"€ 9,40",Netherlands,3.91,Moersleutel Craft Brewery,8.5%,IPA - Imperial / Double New England / Hazy,Can 440ml,"€ 21,36 per litre"
Quad,"€ 8,80",Netherlands,3.90,Moersleutel Craft Brewery,11%,Belgian Quadrupel,Can 440ml,"€ 20,00 per litre"
Hazy Discovery Tokyo,"€ 6,80",Poland,3.89,Browar PINTA,6%,IPA - New England / Hazy,500ml,"€ 13,60 per litre"
A Black Swan Keeps Haunting Me,"€ 8,00",Finland,3.89,Panimoyhtiö Tuju,11%,Stout - Imperial / Double,Can 440ml,"€ 18,18 per litre"
Hazy Discovery Bratislava,"€ 6,80",Poland,3.88,Browar PINTA,6%,IPA - New England / Hazy,500ml,"€ 13,60 per litre"
Matador,"€ 4,90",Sweden,3.73,Brewski,4.7%,Sour - Fruited Berliner Weisse,330ml,"€ 14,85 per litre"
Passionfeber,"€ 4,80",Sweden,3.71,Brewski,6.5%,IPA - American,330ml,"€ 14,55 per litre"
Belgian Stars & Stripes,"€ 4,20",Belgium,3.56,Stroom,6.2%,IPA - American,330ml,"€ 12,73 per litre"
Ohtu,"€ 4,10",Estonia,3.55,Põhjala,5.5%,Porter - American,330ml,"€ 12,42 per litre"
Hypnotic Lager,"€ 3,50",Belgium,3.47,Brasserie Surréaliste,5.2%,Lager - Other,330ml,"€ 10,61 per litre"
Supreme,"€ 4,50",Belgium,3.33,Stroom,4.2%,Sour - Fruited Berliner Weisse,330ml,"€ 13,64 per litre"
On Tour #5 Milkshake IPA (Bereta collab),"€ 7,50",Belgium,?,Fugu Brewing Co.,7%,IPA - Milkshake,Can 440ml,"€ 17,05 per litre"
Monstrosity Part 1,"€ 7,80",Netherlands,4.44,White Dog Brewery,11%,Stout - Imperial / Double Pastry,Can 440ml,"€ 17,73 per litre"
Warrior,"€ 7,70",Brazil,4.26,Spartacus Brewing,8.5%,IPA - Imperial / Double New England / Hazy,Can 440ml,"€ 17,50 per litre"
7 Year Anniversary Barrel Aged Imperial Stout,"€ 10,90",Latvia,4.25,Ārpus Brewing Co.,13%,Stout - Imperial / Double Pastry,Can 440ml,"€ 24,77 per litre"
Clowns,"€ 7,80",Netherlands,4.25,White Dog Brewery,10%,IPA - Triple New England / Hazy,Can 440ml,"€ 17,73 per litre"
Monstrosity Part 2,"€ 7,80",Netherlands,4.24,White Dog Brewery,11%,Stout - Imperial / Double Pastry,Can 440ml,"€ 17,73 per litre"
7 Year Anniversary Quintuple Dry Hopped QIPA,"€ 7,70",Latvia,4.21,Ārpus Brewing Co.,11%,IPA - Quadruple,Can 440ml,"€ 17,50 per litre"
Freedom Don't Come Free,"€ 7,70",Brazil,4.19,Spartacus Brewing,7%,IPA - New England / Hazy,Can 440ml,"€ 17,50 per litre"
Motor Oil Nitro,"€ 8,70",Netherlands,4.17,Moersleutel Craft Brewery,12%,Stout - Russian Imperial,Can 440ml,"€ 19,77 per litre"
7 Year Anniversary QDH IPA,"€ 6,10",Latvia,4.06,Ārpus Brewing Co.,6.8%,IPA - Imperial / Double New England / Hazy,Can 440ml,"€ 13,86 per litre"
Extravagant TIPA,"€ 10,50",Netherlands,4.05,Moersleutel Craft Brewery,10%,IPA - Triple,Can 440ml,"€ 23,86 per litre"
St Elmos Fire,"€ 7,30",England,4.04,Azvex Brewing Company,7%,IPA - American,Can 440ml,"€ 16,59 per litre"
Drip,"€ 7,10",Netherlands,4.03,White Dog Brewery,6%,IPA - American,Can 440ml,"€ 16,14 per litre"
7 Year Anniversary Coconut IPA,"€ 6,10",Latvia,4.02,Ārpus Brewing Co.,6.8%,IPA - Fruited,Can 440ml,"€ 13,86 per litre"
Circadian Rhythm,"€ 7,10",England,4.01,Azvex Brewing Company,6.8%,IPA - New England / Hazy,Can 440ml,"€ 16,14 per litre"
Barrel Aged Gulle Tinus (2022),"€ 7,60",Netherlands,3.89,Gulpener Bierbrouwerij,12%,Freeze-Distilled Beer,330ml,"€ 23,03 per litre"
Space Joose (2024),"€ 5,90",Netherlands,3.80,Rock City Brewing,8%,IPA - Imperial / Double Black,Can 440ml,"€ 13,41 per litre"
Barrel Aged Gulle Tinus (2024),"€ 7,90",Netherlands,3.79,Gulpener Bierbrouwerij,12%,Freeze-Distilled Beer,Can 440ml,"€ 13,41 per litre"
Do Not Eat the Yellow Snow,"€ 5,90",Netherlands,3.66,Uiltje Brewing Company,8.9%,IPA - Imperial / Double,Can 440ml,"€ 13,41 per litre"
Kaffired Up,"€ 3,50",Netherlands,3.54,vandeStreek bier,5.4%,Wheat Beer - Witbier / Blanche,330ml,"€ 10,61 per litre"
Ginger Weiz,"€ 3,50",Netherlands,3.49,vandeStreek bier,5.8%,Spiced / Herbed Beer,330ml,"€ 10,61 per litre"
Black Magic,"€ 3,50",Netherlands,3.46,vandeStreek bier,7%,IPA - Black / Cascadian Dark Ale,330ml,"€ 10,61 per litre"
Dürum,"€ 6,30",Netherlands,3.27,vandeStreek bier,9.9%,Bock - Weizenbock,330ml,"€ 19,09 per litre"
Ārpus Brewing Co. -7 Year Anniversary QDH DIPA,"€ 6,50",Letland,3.27,,8%,IPA,Can 440ml,"€ 14,77 per litre"
Beneath The Seas,"€ 8,50",England,4.03,Burnt Mill Brewery,6.5%,Stout - Foreign / Export,Can 440ml,"€ 19,32 per litre"
Brewery / Two Flints - Gaze,"€ 10,40",England,?,Beak Brewery,8%,IPA - Imperial / Double New England / Hazy,Can 440ml,"€ 23,64 per litre"
Plump,"€ 5,70",England,?,Beak Brewery,3.4%,Table Beer,Can 440ml,"€ 12,95 per litre"
Sea Echoes,"€ 5,80",England,?,Burnt Mill Brewery,4.6%,Pale Ale - New England / Hazy,Can 440ml,"€ 13,18 per litre"
Ogham (2024),"€ 7,29",Ireland,4.33,Lough Gill Brewery,14.8%,Stout - Imperial / Double,330ml,"€ 22,09 per litre"
Lunula (2024),"€ 7,29",Ireland,4.29,Lough Gill Brewery,14.8%,Stout - Imperial / Double,330ml,"€ 22,09 per litre"
Spear (2024),"€ 7,29",Ireland,4.25,Lough Gill Brewery,13%,Stout - Imperial / Double Oatmeal,330ml,"€ 22,09 per litre"
Tara (2024),"€ 7,29",Ireland,4.24,Lough Gill Brewery,14.8%,Stout - Imperial / Double,330ml,"€ 22,09 per litre"
Oseberg,"€ 19,99",Ireland,4.22,Lough Gill Brewery,13.4%,Stout - Imperial / Double,Bottle 750ml,"€ 26,65 per litre"
Warrior (2024),"€ 7,29",Ireland,4.20,Lough Gill Brewery,14%,Stout - Imperial / Double,330ml,"€ 22,09 per litre"
No No Noise,"€ 6,79",England,3.95,Neon Raptor Brewing Co.,6.5%,IPA - New England / Hazy,Can 440ml,"€ 15,43 per litre"
Stranger's Leap,"€ 5,49",Ireland,3.88,Lough Gill Brewery,6.4%,IPA - Milkshake,Can 440ml,"€ 12,48 per litre"
Organic Farmhouse Saison Cider,"€ 13,75",Netherlands,3.45,Elegast Cidery,7.2%,Cider - Dry,Bottle 750ml,"€ 18,33 per litre"
Baron,"€ 3,50",Netherlands,3.40,Big Belly Brewing Company,4.8%,Historical Beer - Other,330ml,"€ 10,61 per litre"
Cantillon: Gueuze Verticaal,"€ 69,00",Belgium,4.18,Brasserie Cantillon,5%,Lambic - Gueuze,Bottle 750ml,"€ 92,00 per litre"
Jacques,"€ 3,50",Netherlands,3.78,Big Belly Brewing Company,11%,Belgian Quadrupel,330ml,"€ 10,61 per litre"
Ba Chocolate Salty Bourbon Balls,"€ 10,10",Norway,4.12,Cervisiam,11.7%,Stout - Imperial / Double,Can 330ml,"€ 30,61 per litre"
Shoryuken Fruitplosion 2.0,"€ 5,70",Norway,3.85,Cervisiam,4.7%,Sour - Fruited Berliner Weisse,Can 330ml,"€ 17,27 per litre"
Salty Suprise,"€ 5,70",Norway,3.58,Cervisiam,4.7%,Sour - Fruited Gose,Can 330ml,"€ 17,27 per litre"
Mongy Noel,"€ 4,90",France,3.54,Brasserie Cambier,8%,Winter Ale,Bottle 330ml,"€ 14,85 per litre"
Barrel-Aged Narwahl Imperial Stout,"€ 8,99",United States,4.18,Sierra Nevada Brewing Co.,11.9%,Stout - Imperial / Double,473ml,"€ 19,01 per litre"
Barbarossa Hansebock Barrel Aged Chardonnay,"€ 8,99",Germany,4.14,Barbarossa I Am,8%,Bock - Doppelbock,330ml,"€ 27,24 per litre"
Barbarossa Hansebock Barrel Aged Chardonnay,"€ 20,99",Germany,4.14,Barbarossa I Am,8%,Bock - Doppelbock,Bottle 750ml,"€ 27,99 per litre"
Hoptimum Edition 2024 Triple IPA,"€ 4,99",United States,3.95,Sierra Nevada Brewing Co.,11%,IPA - Triple,355ml,"€ 14,06 per litre"
Wieninger Gmoastier Weißbier Bock,"€ 8,29",Germany,3.60,Privatbrauerei M.C. Wieninger,9%,Bock - Weizendoppelbock,Bottle 750ml,"€ 11,05 per litre"
99 Luftballons Festbier,"€ 4,99",Spain,3.56,Cierzo Brewing Co.,5.8%,Festbier,Can 440ml,"€ 11,34 per litre"
Barbarossa Imperial Stout Barrel Aged Rye Whisky,"€ 8,99",Germany,3.53,Barbarossa I Am,9%,Stout - Imperial / Double,330ml,"€ 27,24 per litre"
Barbarossa Imperial Stout Barrel Aged Rye Whisky,"€ 20,99",Germany,3.53,Barbarossa I Am,9%,Stout - Imperial / Double,Bottle 750ml,"€ 27,99 per litre"
Barbarossa Porter Barrel Aged Portwein,"€ 8,99",Germany,3.53,Barbarossa I Am,7%,Porter - Other,330ml,"€ 27,24 per litre"
Barbarossa Porter Barrel Aged Portwein,"€ 20,99",Germany,3.53,Barbarossa I Am,7%,Porter - Other,Bottle 750ml,"€ 27,99 per litre"
Coastal IPA,"€ 4,29",Netherlands,3.53,Dutch Bargain,5.8%,IPA - American,330ml,"€ 13,00 per litre"
Fresh & Spiky American IPA,"€ 3,59",Netherlands,3.51,Brouwerij Kees,6.2%,IPA - American,330ml,"€ 10,88 per litre"
Camba Mastrobator Doppelbock,"€ 3,59",Germany,3.50,Camba Bavaria,8.5%,Bock - Doppelbock,Can 440ml,"€ 8,16 per litre"
Wieninger Guidobald Export Hell,"€ 2,39",Germany,3.47,Privatbrauerei M.C. Wieninger,5.3%,Lager - Dortmunder / Export,500ml,"€ 4,78 per litre"
Wieninger Weißbier Hell,"€ 2,39",Germany,3.45,Privatbrauerei M.C. Wieninger,5.3%,Wheat Beer - Hefeweizen,500ml,"€ 4,78 per litre"
Tartu Pilsner,"€ 3,99",Estonia,3.42,Pühaste Brewery,5%,Pilsner - Czech / Bohemian,330ml,"€ 12,09 per litre"
Winter Warmer 2024,"€ 4,99",Sweden,3.40,Poppels Bryggeri,7.8%,Winter Warmer,330ml,"€ 15,12 per litre"
Winter Ale 2024,"€ 4,99",Sweden,3.39,Poppels Bryggeri,5.6%,Winter Ale,330ml,"€ 15,12 per litre"
South Africa Hop Head Hazy IPA,"€ 5,79",Germany,3.39,CrossBeau Brewing,6.7%,IPA - New England / Hazy,330ml,"€ 17,55 per litre"
Wieninger PD Impulsator Doppelbock,"€ 2,99",Germany,3.38,Privatbrauerei M.C. Wieninger,4.9%,Kellerbier / Zwickelbier,500ml,"€ 5,98 per litre"
Wieninger Gschpusi Heller Bock,"€ 8,29",Germany,3.34,Privatbrauerei M.C. Wieninger,7.1%,Bock - Hell / Maibock / Lentebock,Bottle 750ml,"€ 11,05 per litre"
Wieninger Teisendorfer Hell,"€ 2,39",Germany,3.33,Privatbrauerei M.C. Wieninger,5%,Lager - Helles,500ml,"€ 4,78 per litre"
Wieninger Guidobald Export Dunkel,"€ 2,39",Germany,3.32,Privatbrauerei M.C. Wieninger,5%,Lager - Munich Dunkel,500ml,"€ 4,78 per litre"
Barbarossa Gose Oak Aged,"€ 7,99",Germany,3.28,Barbarossa I Am,6.5%,Sour - Other Gose,330ml,"€ 24,21 per litre"
Barbarossa Gose Oak Aged,"€ 17,99",Germany,3.28,Barbarossa I Am,6.5%,Sour - Other Gose,Bottle 750ml,"€ 23,99 per litre"
Wieninger Wuiderer Märzenbock,"€ 8,29",Germany,3.21,Privatbrauerei M.C. Wieninger,7.2%,Bock - Doppelbock,Bottle 750ml,"€ 11,05 per litre"
Wieninger x Grassl Enzian Fassl No 48 Heller Bock,"€ 10,99",Germany,3.01,Privatbrauerei M.C. Wieninger,7%,Bock - Hell / Maibock / Lentebock,Bottle 750ml,"€ 14,65 per litre"
Wieninger Weißbier Alkoholfrei,"€ 2,39",Germany,2.91,Privatbrauerei M.C. Wieninger,0.5%,Non-Alcoholic - Wheat,500ml,"€ 4,78 per litre"
Sudden Death A Grand Toast TDH DIPA,"€ 7,29",Germany,4.09,Sudden Death Brewing Co.,9.3%,IPA - Imperial / Double New England / Hazy,Can 440ml,"€ 16,57 per litre"
Sudden Death x Rivington x Polly's The Family Pizza QDH Quadruple IPA,"€ 7,99",Germany,4.06,Sudden Death Brewing Co.,13%,IPA - Quadruple,Can 440ml,"€ 18,16 per litre"
St. Bernardus Abt 12 Quadrupel,"€ 3,99",Belgium,4.00,Brouwerij St.Bernardus,10%,Belgian Quadrupel,330ml,"€ 12,09 per litre"
Pure Cinema DDH English IPA,"€ 6,69",Germany,3.95,Sudden Death Brewing Co.,6.8%,IPA - English,Can 440ml,"€ 15,20 per litre"
Wasn't Me Hazy IPA,"€ 6,29",Germany,3.94,Liquid Story Brewing Co.,6.5%,IPA - New England / Hazy,Can 440ml,"€ 14,30 per litre"
Pie Town USA Imperial Fruited Sour,"€ 7,99",Germany,3.93,Sudden Death Brewing Co.,8%,Sour - Smoothie / Pastry,Can 440ml,"€ 18,16 per litre"
BrewDog Wingman Troical Storm DIPA,"€ 4,89",United States,3.88,BrewDog USA,9.5%,IPA - Imperial / Double,Can 440ml,"€ 11,11 per litre"
St. Bernardus Christmas Ale,"€ 3,99",Belgium,3.86,Brouwerij St.Bernardus,10%,Winter Ale,330ml,"€ 12,09 per litre"
Cosmic Little Thing Double IPA,"€ 3,89",United States,3.82,Sierra Nevada Brewing Co.,8%,IPA - Imperial / Double New England / Hazy,355ml,"€ 10,96 per litre"
St. Bernardus Tripel,"€ 3,49",Belgium,3.75,Brouwerij St.Bernardus,8%,Belgian Tripel,330ml,"€ 10,58 per litre"
St. Bernardus Extra 4 Abbey Ale,"€ 2,89",Belgium,3.43,Brouwerij St.Bernardus,4.8%,Belgian Enkel / Patersbier,330ml,"€ 8,76 per litre"
Huyghe Delirium Delirio Alkoholfrei,"€ 4,79",Belgium,3.05,Delirium - Huyghe Brewery,0.3%,Non-Alcoholic - Other,330ml,"€ 14,52 per litre"
Camba BME #80 Betthopferl IPL,"€ 4,59",Belgium,3.05,,0.3%,Non-Alcoholic - Other,Can 440ml,"€ 10,43 per litre"
Liquid Story x Wittorfer Liquid Lemon Pie Fruited Sour,"€ 6,19",Belgium,3.05,,0.3%,Non-Alcoholic - Other,Can 440ml,"€ 14,07 per litre"
Sudden Death x Mutoide Vortex Hoppy Black Lager,"€ 5,49",Belgium,3.05,,0.3%,Non-Alcoholic - Other,Can 440ml,"€ 12,48 per litre"
Harry Porter,"€ 4,10",Poland,3.67,Moczybroda,8.5%,Porter - Baltic,Bottle 500ml,"€ 8,20 per litre"
Mystic Trails,"€ 3,90",Poland,3.66,Moczybroda,5.5%,IPA - New England / Hazy,Can 500ml,"€ 7,80 per litre"
Jack Mangow,"€ 3,40",Poland,3.62,Moczybroda,7%,IPA - Imperial / Double,Bottle 500ml,"€ 6,80 per litre"
Kiwibonga,"€ 3,10",Poland,3.58,Moczybroda,3.5%,Sour - Fruited,Bottle 500ml,"€ 6,20 per litre"
Krzywe z Wieży,"€ 1,80",Poland,3.52,Browar Rebelia,4.8%,Specialty Grain,Bottle 500ml,"€ 3,60 per litre"
Hazy Pszeniczne z Bananem,"€ 2,10",Poland,3.18,Sulimar - Browar Cornelius,3%,Wheat Beer - Hefeweizen,Bottle 500ml,"€ 4,20 per litre"
Iguana Metabolizm BIO Bezalkoholowe,"€ 2,30",Poland,2.37,Piątkowy Browar Domowy,3%,Non-Alcoholic - Other,Bottle 475ml,"€ 4,84 per litre"
The Goat,"€ 3,79",Netherlands,3.39,Brouwerij Kees,6.5%,Bock - Single / Traditional,330ml,"€ 11,48 per litre"
Jetset,"€ 3,50",Netherlands,3.23,Big Belly Brewing Company,5.6%,Fruit Beer,330ml,"€ 10,61 per litre"
Kehrwieder Miami Grove,"€ 2,99",Germany,3.54,Kehrwieder Kreativbrauerei,0.4%,Non-Alcoholic - Pale Ale,330ml,"€ 9,06 per litre"
Triton,"€ 3,98",Belgium,3.61,La Source Beer Co.,5%,Pale Ale - Other,330ml,"€ 12,06 per litre"
Weiherer Weizenbock,"€ 2,30",Germany,3.63,Brauerei Kundmüller,6.8%,Bock - Weizenbock,500ml,"€ 4,60 per litre"
Weiherer Lager - 5 Liter Fass,"€ 17,50",Germany,3.39,Brauerei Kundmüller,4.7%,Lager - Helles,5000ml,"€ 3,50 per litre"
Gampert Weihnachtsbier,"€ 2,00",Germany,3.30,Gampertbräu,5.5%,Lager - Winter,500ml,"€ 4,00 per litre"
Schübel - a fränkisch,"€ 2,00",Germany,3.06,Schübel Bräu,4.9%,Kellerbier / Zwickelbier,500ml,"€ 4,00 per litre"
Pin-Up Blonde (met een deukje),"€ 2,35",Netherlands,3.39,Mister Hop,5.5%,Blonde / Golden Ale - Other,330ml,"€ 7,12 per litre"
Warrior,"€ 6,99",Brazil,4.26,Spartacus Brewing,8.5%,IPA - Imperial / Double New England / Hazy,330ml,"€ 7,12 per litre"
Val-dieu Excellence Du Val-dieu Rhum Oak Barrel Aged 2024,"€ 26,99",Belgium,4.00,Brasserie de l'Abbaye du Val-Dieu,14%,Belgian Strong Dark Ale,330ml,"€ 7,12 per litre"
Delirium Christmas,"€ 9,50",Belgium,3.76,Delirium - Huyghe Brewery,10%,Winter Ale,Bottle 750ml,"€ 12,67 per litre"
Toer de Geuze Box 2024   Oude Geuze + 1 Toer de Geuze tasting glass),"€ 54,09",Netherlands,3.51,Kleine Beer Brouwerij,7.8%,Belgian Tripel,10-pack,"Total price: € 54,09"
Garganensis,"€ 9,90",Italy,3.85,Birrificio Agricolo Sorio,6%,Grape Ale - Other,Bottle 750ml,"€ 13,20 per litre"
Gargan IGA,"€ 6,50",Italy,3.83,Birrificio Agricolo Sorio,5.8%,Grape Ale - Other,500ml,"€ 13,00 per litre"
Hellmann,"€ 6,20",Italy,3.54,Birrificio Agricolo Sorio,4.8%,Kellerbier / Zwickelbier,500ml,"€ 12,40 per litre"
Lander,"€ 5,90",Italy,3.53,Birrificio Agricolo Sorio,6.2%,Farmhouse Ale - Saison,500ml,"€ 11,80 per litre"
Innesto,"€ 5,90",Italy,?,Birrificio Agricolo Sorio,6.9%,Farmhouse Ale - Other,Bottle 370ml,"€ 15,95 per litre"
Innesto,"€ 11,50",Italy,?,Birrificio Agricolo Sorio,6.9%,Farmhouse Ale - Other,Bottle 750ml,"€ 15,33 per litre"
Schuppenboer Rum Barrel Aged Winter 2023,"€ 4,20",Belgium,3.69,Brouwerij Het Nest,10%,Belgian Tripel,Bottle 750ml,"€ 15,33 per litre"
Pater Dubbel,"€ 2,55",Belgium,3.54,Brouwerij Corsendonk,7.5%,Belgian Dubbel,Bottle 750ml,"€ 15,33 per litre"
Arpus Brewing Co. 7 Year Anniversary Qdh Dipa,"€ 4,83",Belgium,3.54,,7.5%,Belgian Dubbel,Bottle 750ml,"€ 15,33 per litre"
MONSTROSITY PART 1,"€ 6,99",Netherlands,4.44,White Dog Brewery,11%,Stout - Imperial / Double Pastry,Can 440ml,"€ 15,89 per litre"
CLOWNS,"€ 6,79",Netherlands,4.25,White Dog Brewery,10%,IPA - Triple New England / Hazy,Can 440ml,"€ 15,43 per litre"
MONSTROSITY PART 2,"€ 6,99",Netherlands,4.24,White Dog Brewery,11%,Stout - Imperial / Double Pastry,Can 440ml,"€ 15,89 per litre"
PATRONS PROJECT 31.05 // SMUG // THE ASCENSION // VERDANT // BEAK // DIPA,"€ 7,19",England,4.17,Northern Monk,8%,IPA - Imperial / Double New England / Hazy,Can 440ml,"€ 16,34 per litre"
DRIP,"€ 6,19",Netherlands,4.03,White Dog Brewery,6%,IPA - American,Can 440ml,"€ 14,07 per litre"
DARK & WILD 2024 // NEON RAPTOR // PõHJALA // RESIDENT CULTURE // DESSERT STOUT,"€ 6,69",England,3.77,Northern Monk,8.4%,Stout - Milk / Sweet,Can 440ml,"€ 15,20 per litre"
Dance Yourself Clean,"€ 4,70",Romania,4.05,Blackout Brewing,6%,IPA - New England / Hazy,Can 440ml,"€ 10,68 per litre"
Geuze Extra,"€ 5,23",Belgium,4.23,Hanssens Artisanaal,6%,Lambic - Gueuze,Bottle 375ml,"€ 13,95 per litre"
Succubus Oude Gueuze,"€ 6,23",Belgium,3.93,Hanssens Artisanaal,6%,Lambic - Gueuze,Bottle 375ml,"€ 16,61 per litre"
Salem IPA,"€ 7,45",Belgium,3.88,Misery Beer Co.,6%,IPA - American,Can 440ml,"€ 16,93 per litre"
Italian Pilsner,"€ 6,11",Belgium,3.82,Misery Beer Co.,5%,Pilsner - Italian,Can 440ml,"€ 13,89 per litre"
Hazbury,"€ 6,41",Belgium,3.68,Misery Beer Co.,5.5%,Pale Ale - American,Can 440ml,"€ 14,57 per litre"
Arpus Brewing Co. 7 Year Anniversary Bloody Mary Smoothie Sour Ale,"€ 5,87",Latvia,4.24,Ārpus Brewing Co.,5%,Sour - Smoothie / Pastry,Can 440ml,"€ 13,34 per litre"
Arpus Brewing Co. 7 Year Anniversary Smoothie Sour Ale,"€ 5,87",Latvia,4.24,Ārpus Brewing Co.,5%,Sour - Smoothie / Pastry,Can 440ml,"€ 13,34 per litre"
Arpus Brewing Co. 7 Year Anniversary Coconut Ipa,"€ 4,83",,,,,,,
Arpus Brewing Co. 7 Year Anniversary Quintuple Dry Hopped Qipa,"€ 5,87",,,,,,,
Arpus Brewing Co. 7 Year Anniversary Barrel Aged Imperial Stout,"€ 10,50",Latvia,4.25,Ārpus Brewing Co.,13%,Stout - Imperial / Double Pastry,Can 440ml,"€ 23,86 per litre"
Arpus Brewing Co. 7 Year Anniversary Qdh Ipa,"€ 5,03",Latvia,4.05,Ārpus Brewing Co.,6.8%,IPA - New England / Hazy,Can 440ml,"€ 23,86 per litre"
Dr Banghard,"€ 5,80",Hungary,4.04,Reketye Brewing Co.,11%,Porter - Imperial / Double,330ml,"€ 17,58 per litre"
Horizont Double Hazy Queen 2024,"€ 5,90",Hungary,3.83,HORIZONT Brewing,8%,IPA - Imperial / Double New England / Hazy,Can 440ml,"€ 13,41 per litre"
Etyeki Apple of the God,"€ 5,50",Hungary,3.75,Etyeki Sörmanufaktúra,6%,Sour - Fruited,330ml,"€ 16,67 per litre"
Cold Cocaine,"€ 5,40",Hungary,3.58,Mad Scientist,7.2%,IPA - Cold,Can 440ml,"€ 12,27 per litre"
LOTR - White Tree Pale,"€ 4,70",Hungary,3.50,Mad Scientist,5.2%,Pale Ale - New Zealand,330ml,"€ 14,24 per litre"
LOTR - Elvenberry,"€ 4,70",Hungary,3.28,Mad Scientist,2.5%,Sour - Fruited,330ml,"€ 14,24 per litre"
LOTR - Dwarven Forge,"€ 4,70",Hungary,2.79,Mad Scientist,6%,Stout - Oatmeal,330ml,"€ 14,24 per litre"
Gemini,"€ 4,90",Hungary,?,Fehér Nyúl,8%,IPA - Imperial / Double,330ml,"€ 14,85 per litre"
ŽiWell Vandal,"€ 5,40",Slovakia,3.46,Piešťanský pivovar ŽiWELL,6.1%,IPA - American,Bottle 750ml,"€ 7,20 per litre"
Zichovec Nectar of Happiness,"€ 6,94",Czech Republic,4.00,Rodinný Pivovar Zichovec,7%,IPA - New England / Hazy,Bottle 750ml,"€ 9,25 per litre"
Zichovec Vánoční Kometa,"€ 7,81",Czech Republic,3.97,Rodinný Pivovar Zichovec,7%,IPA - New England / Hazy,Bottle 750ml,"€ 10,41 per litre"
Zichovec Punč,"€ 5,34",Czech Republic,3.90,Rodinný Pivovar Zichovec,6%,Sour - Other,Can 500ml,"€ 10,68 per litre"
Zichovec Punč,"€ 7,81",Czech Republic,3.90,Rodinný Pivovar Zichovec,6%,Sour - Other,Bottle 750ml,"€ 10,41 per litre"
Zlatá raketa,"€ 6,80",Czech Republic,3.89,Pivovar Matuška,7%,IPA - American,Bottle 750ml,"€ 9,07 per litre"
Zichovec Ježíšek,"€ 7,97",Czech Republic,3.86,Rodinný Pivovar Zichovec,9%,IPA - Imperial / Double,Bottle 750ml,"€ 10,63 per litre"
Punk IPA,"€ 2,81",Scotland,3.71,BrewDog,5.4%,IPA - American,330ml,"€ 8,52 per litre"
Čert,"€ 6,50",Czech Republic,3.66,Pivovar Matuška,5.8%,IPA - Black / Cascadian Dark Ale,Bottle 750ml,"€ 8,67 per litre"
Zichovec Vánočka,"€ 5,20",Czech Republic,3.66,Rodinný Pivovar Zichovec,5.5%,IPA - Session,Bottle 750ml,"€ 6,93 per litre"
Zichovec Malý Ježíšek,"€ 6,37",Czech Republic,3.62,Rodinný Pivovar Zichovec,4.1%,IPA - Session,Bottle 750ml,"€ 8,49 per litre"
Anděl,"€ 6,50",Czech Republic,3.62,Matuška,5.7%,Belgian Blonde Ale,Bottle 750ml,"€ 8,67 per litre"
Mikuláš,"€ 6,50",Czech Republic,3.62,Matuška,5.8%,Lager,Bottle 750ml,"€ 8,67 per litre"
Barrel Aged Imperial Stout Ardberg Whiskey,"€ 8,95",Netherlands,4.18,Two Chefs Brewing,11.3%,Stout - Imperial / Double,330ml,"€ 27,12 per litre"
Barrel Aged Imperial Stout Jack Daniels Makers Mark,"€ 8,95",Netherlands,4.18,Two Chefs Brewing,11.3%,Stout - Imperial / Double,330ml,"€ 27,12 per litre"
Fresh Hop IPA,"€ 4,75",Netherlands,3.65,Two Chefs Brewing,6.7%,IPA - American,330ml,"€ 14,39 per litre"
Bon Chef – New England IPA,"€ 3,95",Netherlands,3.62,Two Chefs Brewing,5%,IPA - New England / Hazy,330ml,"€ 11,97 per litre"
Hopfenreiter #9 – Double IPA,"€ 2,95",Netherlands,3.62,Buddelship,8.5%,Double IPA,330ml,"€ 8,94 per litre"
Bock Dunkel,"€ 2,60",Germany,3.60,Brauerei Wagner Merkendorf,7.5%,Bock - Single / Traditional,500ml,"€ 5,20 per litre"
Street Racer,"€ 3,75",Netherlands,3.74,Brouwerij Kees,8.2%,IPA - Imperial / Double,Can 440ml,"€ 8,52 per litre"
Salmiac Licorice Cherry Sour,"€ 6,49",Finland,3.71,CoolHead Brew,5%,Sour - Fruited,Can 440ml,"€ 14,75 per litre"
Pindakees XL,"€ 3,83",Netherlands,3.71,Brouwerij Frontaal/ Brouwerij Kees,10.5%,Stout - Imperial / Double Pastry,330ml,"€ 11,61 per litre"
7 Year Anniversary Barrel Aged Imperial Stout,"€ 10,49",Latvia,4.25,Ārpus Brewing Co.,13%,Stout - Imperial / Double Pastry,Can 440ml,"€ 23,84 per litre"
Oseberg,"€ 21,99",Ireland,4.22,Lough Gill Brewery,13.4%,Stout - Imperial / Double,Bottle 750ml,"€ 29,32 per litre"
7 Year Anniversary Quintuple Dry Hopped QIPA,"€ 7,29",Latvia,4.21,Ārpus Brewing Co.,11%,IPA - Quadruple,Can 440ml,"€ 16,57 per litre"
Chongus,"€ 6,79",Ireland,4.17,Whiplash,10.8%,Stout - Imperial / Double,Can 440ml,"€ 15,43 per litre"
Dongus,"€ 6,79",Ireland,4.12,Whiplash,10.5%,Stout - Imperial / Double Coffee,Can 440ml,"€ 15,43 per litre"
Kong Island (2024),"€ 9,49",England,4.12,Neon Raptor Brewing Co.,12%,Stout - Imperial / Double Pastry,Can 440ml,"€ 21,57 per litre"
7 Year Anniversary QDH DIPA,"€ 6,49",Latvia,4.06,Ārpus Brewing Co.,8%,IPA - Imperial / Double New England / Hazy,Can 440ml,"€ 14,75 per litre"
7 Year Anniversary QDH IPA,"€ 6,49",Latvia,4.06,Ārpus Brewing Co.,6.8%,IPA - Imperial / Double New England / Hazy,Can 440ml,"€ 14,75 per litre"
St Elmos Fire,"€ 6,79",England,4.04,Azvex Brewing Company,7%,IPA - American,Can 440ml,"€ 15,43 per litre"
Vampire Appliances,"€ 6,79",England,4.03,Azvex Brewing Company,6.5%,IPA - New England / Hazy,Can 440ml,"€ 15,43 per litre"
7 Year Anniversary Coconut IPA,"€ 6,49",Latvia,4.02,Ārpus Brewing Co.,6.8%,IPA - Fruited,Can 440ml,"€ 14,75 per litre"
Circadian Rhythm,"€ 6,79",England,4.01,Azvex Brewing Company,6.8%,IPA - New England / Hazy,Can 440ml,"€ 15,43 per litre"
Dingus,"€ 6,79",Ireland,4.00,Whiplash,10.4%,Stout - Imperial / Double,Can 440ml,"€ 15,43 per litre"
Orbiting Treasure,"€ 5,99",England,3.97,Azvex Brewing Company,5.8%,Stout - American,Can 440ml,"€ 13,61 per litre"
In Your Face,"€ 5,59",Netherlands,3.95,Brouwerij Frontaal,8%,IPA - Imperial / Double New England / Hazy,Can 440ml,"€ 12,70 per litre"
Thick Stew,"€ 6,29",Ireland,3.93,Whiplash,8%,IPA - Imperial / Double,Can 440ml,"€ 14,30 per litre"
Radioactive Worms,"€ 5,99",England,3.91,Azvex Brewing Company,5.2%,IPA - New England / Hazy,Can 440ml,"€ 13,61 per litre"
Quantum Foam,"€ 6,79",England,3.88,Azvex Brewing Company,6.2%,IPA - New England / Hazy,Can 440ml,"€ 15,43 per litre"
Nice Mover,"€ 5,29",Ireland,3.77,Whiplash,6.8%,IPA - American,Can 440ml,"€ 12,02 per litre"
All The Leaves Are Brown Bourbon BA,"€ 6,95",Scotland,4.24,Tempest Brewing Co.,11.2%,Brown Ale - Imperial / Double,Can 440ml,"€ 12,02 per litre"
X-Brewing Indo Gone Wild Firebreather Edition,"€ 5,15",Netherlands,2.34,X-brewing,5.5%,Spiced / Herbed Beer,Can 440ml,"€ 12,02 per litre"
Mutti's Sonnenschein,"€ 2,90",Germany,3.40,Braumanufaktur Hertl,4.9%,Lager - Helles,500ml,"€ 5,80 per litre"
Winter-Weissbier Naturtrüb,"€ 2,00",Germany,3.38,Kulmbacher Brauerei,5.4%,Wheat Beer - Hefeweizen,500ml,"€ 4,00 per litre"
Weihnachtsbier,"€ 2,00",Germany,3.21,Kulmbacher Brauerei,5.6%,Lager - Winter,500ml,"€ 4,00 per litre"
Filibuster- NEIPA,"€ 6,90",,,Blech.Brut,,,Can 440ml,"€ 15,68 per litre"
Pastore Il Vigneto Rosso (2023),"€ 19,20",England,4.09,Pastore Brewing and Blending,7%,Grape Ale - Other,Bottle 750ml,"€ 25,60 per litre"
Pastore Il Vigneto Bianco (2023),"€ 19,20",England,4.02,Pastore Brewing and Blending,7%,Grape Ale - Other,Bottle 750ml,"€ 25,60 per litre"
Last Christmas,"€ 6,00",Scotland,4.01,Vault City Brewing,4.1%,Sour - Fruited,Can 440ml,"€ 13,64 per litre"
Pastore Il Vigneto Emilia (2023),"€ 19,20",England,3.93,Pastore Brewing and Blending,6%,Wild Ale - Other,Bottle 750ml,"€ 25,60 per litre"
Milkshake,"€ 6,10",England,3.85,Wiper And True,5.6%,Stout - Milk / Sweet,Can 440ml,"€ 13,86 per litre"
Tomorrow,"€ 4,70",England,3.34,Wiper And True,0.5%,Non-Alcoholic - Lager,Can 440ml,"€ 10,68 per litre"
Nøgne O Furious Fifties,"€ 9,50",Norway,4.13,Nøgne Ø,14.5%,Belgian Quadrupel,330ml,"€ 28,79 per litre"
Prearis Grand Cru 2020 Ba Cognac,"€ 11,50",Belgium,4.05,Vliegende Paard Brouwers,10%,Belgian Quadrupel,330ml,"€ 28,79 per litre"
De Molen Balcones Edition 2023 Imperial Stout,"€ 6,50",Netherlands,4.02,Brouwerij de Molen,11.4%,Stout - Imperial / Double,330ml,"€ 19,70 per litre"
Arpus Brewing Co. Tdh Mosaic X Citra X Galaxy Dipa,"€ 5,46",Latvia,4.01,Ārpus Brewing Co.,6.5%,IPA - New England / Hazy,330ml,"€ 19,70 per litre"
Bierglas - (voetglas),"€ 5,99",Belgium,3.68,Brasserie Dupont,6.5%,Farmhouse Ale - Saison,330ml,"€ 18,15 per litre"
Agnus Tripel,"€ 2,55",Belgium,3.63,Brouwerij Corsendonk,7.5%,Belgian Tripel,330ml,"€ 18,15 per litre"
Hibernatus,"€ 2,75",Belgium,3.59,Brasserie Lupulus,9.5%,Winter Warmer,330ml,"€ 8,33 per litre"
Anderson's Phat Fill,"€ 3,99",Estonia,3.57,Anderson's Craft Beer,6.2%,IPA - Black / Cascadian Dark Ale,330ml,"€ 8,33 per litre"
Val-dieu Noël,"€ 2,80",Belgium,3.55,Brasserie de l'Abbaye du Val-Dieu,7%,Winter Warmer,330ml,"€ 8,33 per litre"
Bolleke,"€ 2,25",Belgium,3.34,Brouwerij De Koninck,5.2%,Pale Ale - Belgian,330ml,"€ 6,82 per litre"
Delirium Tremens,"€ 8,95",Belgium,3.85,Delirium - Huyghe Brewery,8.5%,Belgian Strong Golden Ale,Bottle 750ml,"€ 11,93 per litre"
IPA,"€ 2,85",United States,3.70,Lagunitas Brewing Company,6.2%,IPA - American,355ml,"€ 8,03 per litre"
Schneider Weisse TAP 7,"€ 2,50",Germany,3.66,Schneider Weisse G. Schneider & Sohn,5.4%,Wheat Beer - Hefeweizen,500ml,"€ 5,00 per litre"
Staffelsee Gold,"€ 2,85",Germany,3.59,Brauerei Karg,5.8%,Wheat Beer - Hopfenweisse,500ml,"€ 5,70 per litre"
Special Export Stout,"€ 2,90",Ireland,3.51,Guinness,8%,Stout - Foreign / Export,330ml,"€ 8,79 per litre"
Brigand,"€ 6,95",Belgium,3.50,Kasteel Brouwerij Vanhonsebrouck,9%,Belgian Strong Golden Ale,Bottle 750ml,"€ 9,27 per litre"
Cuvee des Trolls,"€ 2,35",Belgium,3.47,Brasserie Dubuisson,7%,Belgian Blonde,Bottle 250ml,"€ 9,40 per litre"
X-Brewing Fruity Madness,"€ 4,50",Netherlands,3.47,X-brewing,6.5%,IPA - American,Can 440ml,"€ 10,23 per litre"
Tete de Mort Triple Red,"€ 2,95",Belgium,3.29,Brasserie du Bocq,8.2%,Fruit Beer,330ml,"€ 8,94 per litre"
Oseberg,"€ 21,95",Ireland,4.22,Lough Gill Brewery,13.4%,Stout - Imperial / Double,Bottle 750ml,"€ 29,27 per litre"
All The Leaves Are Brown,"€ 6,25",Scotland,4.12,Tempest Brewing Co.,10.5%,Brown Ale - Imperial / Double,330ml,"€ 18,94 per litre"
Mythical Ground,"€ 7,25",Scotland,3.67,Tempest Brewing Co.,5.2%,Pale Ale - New Zealand,330ml,"€ 18,94 per litre"
Blaugies La Moneuse Special Winter Ale,"€ 8,95",Belgium,3.61,Brasserie de Blaugies,8%,Winter Ale,330ml,"€ 18,94 per litre"
Wedding Crash,"€ 7,95",Romania,3.80,Bereta Brewing Co.,3.4%,Sour - Smoothie / Pastry,Can 440ml,"€ 18,07 per litre"
Katuiner RIS,"€ 3,50",Netherlands,3.77,Brouwerij Katuin,9%,Stout - Russian Imperial,330ml,"€ 10,61 per litre"
Geus Genereus,"€ 8,87",Belgium,4.07,Den Herberg,6.7%,Lambic - Gueuze,Bottle 375ml,"€ 23,65 per litre"
Oude Geuze,"€ 5,13",Belgium,3.98,Hanssens Artisanaal,6%,Lambic - Gueuze,Bottle 375ml,"€ 13,68 per litre"
Oude Geuze,"€ 9,67",Belgium,3.98,Hanssens Artisanaal,6%,Lambic - Gueuze,Bottle 750ml,"€ 12,89 per litre"
Oude Geuze Devillé,"€ 11,44",Belgium,3.97,Den Herberg,6.7%,Lambic - Gueuze,Bottle 750ml,"€ 15,25 per litre"
Brewdog Hazy Jane Dose,"€ 2,99",Scotland,3.67,BrewDog,5%,IPA - New England / Hazy,Can 440ml,"€ 6,80 per litre"
Schönramer Hell,"€ 2,29",Germany,3.58,Private Landbrauerei Schönram,5%,Lager - Helles,500ml,"€ 4,58 per litre"
Hopfenstopfer Citra Ale,"€ 1,99",Germany,3.57,Häffner Bräu - Hopfenstopfer,5.1%,Pale Ale - American,330ml,"€ 6,03 per litre"
Hopfenstopfer Incredible Pale Ale,"€ 2,09",Germany,3.55,Häffner Bräu - Hopfenstopfer,6.1%,IPA - American,330ml,"€ 6,33 per litre"
7 Year Anniversary Smoothie Sour Ale,"€ 6,99",Latvia,4.30,Ārpus Brewing Co.,4.5%,Sour - Smoothie / Pastry,Can 440ml,"€ 15,89 per litre"
Hex,"€ 7,99",Spain,4.27,SOMA Beer,10%,IPA - Triple New England / Hazy,Can 440ml,"€ 18,16 per litre"
7 Year Anniversary Barrel Aged Imperial Stout,"€ 10,29",Latvia,4.25,Ārpus Brewing Co.,13%,Stout - Imperial / Double Pastry,Can 440ml,"€ 23,39 per litre"
Insania - Basil Hayden BA,"€ 10,79",Romania,4.25,Blackout Brewing,15%,Stout - Imperial / Double Pastry,330ml,"€ 32,70 per litre"
The Brutality of Plastic Existence - BA Woodford Reserve,"€ 10,29",Romania,4.23,Blackout Brewing,13%,Stout - Imperial / Double Pastry,330ml,"€ 31,18 per litre"
7 Year Anniversary Quintuple Dry Hopped QIPA,"€ 7,49",Latvia,4.21,Ārpus Brewing Co.,11%,IPA - Quadruple,Can 440ml,"€ 17,02 per litre"
Megalovanilla - Bourbon BA,"€ 9,79",Romania,4.18,Blackout Brewing,12%,Strong Ale - American,330ml,"€ 29,67 per litre"
Sauce,"€ 7,49",Spain,4.18,SOMA Beer,8.5%,IPA - Imperial / Double New England / Hazy,Can 440ml,"€ 17,02 per litre"
IRL,"€ 7,49",Spain,4.13,SOMA Beer,8%,IPA - Imperial / Double New England / Hazy,Can 440ml,"€ 17,02 per litre"
Freshhhh,"€ 6,99",Spain,4.13,SOMA Beer,6%,IPA - New England / Hazy,Can 440ml,"€ 15,89 per litre"
Deluxe Blend Anti-Cake,"€ 9,99",Romania,4.11,Blackout Brewing,11%,Stout - Imperial / Double Pastry,330ml,"€ 30,27 per litre"
Aura,"€ 6,99",Spain,4.11,SOMA Beer,6.5%,IPA - New England / Hazy,Can 440ml,"€ 15,89 per litre"
7 Year Anniversary QDH DIPA,"€ 6,29",Latvia,4.06,Ārpus Brewing Co.,8%,IPA - Imperial / Double New England / Hazy,Can 440ml,"€ 14,30 per litre"
7 Year Anniversary QDH IPA,"€ 5,99",Latvia,4.06,Ārpus Brewing Co.,6.8%,IPA - Imperial / Double New England / Hazy,Can 440ml,"€ 13,61 per litre"
Dance Yourself Clean,"€ 6,29",Romania,4.05,Blackout Brewing,6%,IPA - New England / Hazy,Can 440ml,"€ 14,30 per litre"
St Elmos Fire,"€ 6,99",England,4.04,Azvex Brewing Company,7%,IPA - American,Can 440ml,"€ 15,89 per litre"
Vampire Appliances,"€ 6,99",England,4.03,Azvex Brewing Company,6.5%,IPA - New England / Hazy,Can 440ml,"€ 15,89 per litre"
OPP,"€ 6,99",Spain,4.03,SOMA Beer,6.5%,IPA - New England / Hazy,Can 440ml,"€ 15,89 per litre"
7 Year Anniversary Coconut IPA,"€ 5,99",Latvia,4.02,Ārpus Brewing Co.,6.8%,IPA - Fruited,Can 440ml,"€ 13,61 per litre"
Circadian Rhythm,"€ 6,79",England,4.01,Azvex Brewing Company,6.8%,IPA - New England / Hazy,Can 440ml,"€ 15,43 per litre"
Orbiting Treasure,"€ 5,99",England,3.97,Azvex Brewing Company,5.8%,Stout - American,Can 440ml,"€ 13,61 per litre"
In Your Face,"€ 6,99",Netherlands,3.95,Brouwerij Frontaal,8%,IPA - Imperial / Double New England / Hazy,Can 440ml,"€ 15,89 per litre"
Radioactive Worms,"€ 5,99",England,3.91,Azvex Brewing Company,5.2%,IPA - New England / Hazy,Can 440ml,"€ 13,61 per litre"
Quantum Foam,"€ 6,79",England,3.88,Azvex Brewing Company,6.2%,IPA - New England / Hazy,Can 440ml,"€ 15,43 per litre"
Highlands Forum,"€ 6,79",England,3.68,Azvex Brewing Company,6.8%,IPA - American,Can 440ml,"€ 15,43 per litre"
7 Year Anniversary Bloody Mary Smoothie Sour Ale,"€ 6,79",Latvia,3.63,Ārpus Brewing Co.,6%,Sour - Tomato / Vegetable Gose,Can 440ml,"€ 15,43 per litre"
WRDST,"€ 6,79",Romania,?,Blackout Brewing,8%,IPA - Imperial / Double New England / Hazy,Can 440ml,"€ 15,43 per litre"
Fugushima,"€ 4,20",Belgium,3.78,Fugu Brewing Co.,6.2%,IPA - New England / Hazy,330ml,"€ 12,73 per litre"
Samurai,"€ 4,00",Belgium,3.44,Fugu Brewing Co.,3.8%,Pale Ale - Belgian,330ml,"€ 12,12 per litre"
Juicemaster 3000,"€ 8,50",France,4.27,Mogwaï Beer Company,4.5%,Sour - Smoothie / Pastry,Can 440ml,"€ 19,32 per litre"
Ba Old Maple Pecanisher,"€ 10,10",Norway,4.20,Cervisiam,11.5%,Stout - Imperial / Double,Can 330ml,"€ 30,61 per litre"
Ulysse,"€ 7,30",France,3.97,Mogwaï Beer Company,8.3%,IPA - Imperial / Double,Can 440ml,"€ 16,59 per litre"
Super Juicebox Megamix Turbo,"€ 8,50",France,3.92,Mogwaï Beer Company,4.5%,Sour - Smoothie / Pastry,Can 440ml,"€ 19,32 per litre"
White Metal Tiger,"€ 7,30",France,3.92,Mogwaï Beer Company,6.6%,IPA - American,Can 440ml,"€ 16,59 per litre"
Amber Sandstorm,"€ 5,30",Croatia,3.92,Pulfer Brewery,6.2%,IPA - New England / Hazy,Can 500ml,"€ 10,60 per litre"
Divine Comédie Amarone,"€ 9,10",France,3.89,Mogwaï Beer Company,10%,Stout - Imperial / Double,Bottle 330ml,"€ 27,58 per litre"
Chit Happens,"€ 7,30",France,3.89,Mogwaï Beer Company,6%,IPA - New England / Hazy,Can 440ml,"€ 16,59 per litre"
Godiva Save The King,"€ 6,10",France,3.88,Mogwaï Beer Company,4.7%,Lager - Pale,Can 440ml,"€ 13,86 per litre"
There Goes My Hero,"€ 6,50",Croatia,3.86,Pulfer Brewery,5.9%,Lager - IPL (India Pale Lager),Can 500ml,"€ 13,00 per litre"
Divine Comédie Madère,"€ 9,10",France,3.86,Mogwaï Beer Company,10%,Stout - Imperial / Double,Bottle 330ml,"€ 27,58 per litre"
Roulette Interdite,"€ 6,50",France,3.81,Mogwaï Beer Company,5.8%,Pale Ale - New Zealand,Can 440ml,"€ 14,77 per litre"
Juicy Table Beer,"€ 6,50",France,3.81,Brasserie Cambier,3%,Table Beer,Can 440ml,"€ 14,77 per litre"
Warmouth V13,"€ 5,30",Netherlands,3.80,De Kromme Haring,6.3%,IPA - New England / Hazy,Can 330ml,"€ 16,06 per litre"
Toxic Brewsaders,"€ 6,50",Norway,3.77,Cervisiam,6.2%,IPA - New England / Hazy,Can 330ml,"€ 19,70 per litre"
Warmouth V12,"€ 5,90",Netherlands,3.75,De Kromme Haring,6.3%,IPA - New England / Hazy,Can 330ml,"€ 17,88 per litre"
Mudskipper V18,"€ 4,90",Netherlands,3.73,De Kromme Haring,5.5%,IPA - New England / Hazy,Can 330ml,"€ 14,85 per litre"
Kung Fu Pandan,"€ 6,10",France,3.59,Mogwaï Beer Company,4.7%,Lager - Other,Can 440ml,"€ 13,86 per litre"
Lactic Fantastic Apricot,"€ 6,10",Netherlands,3.58,De Kromme Haring,5%,Wild Ale - American,Bottle 330ml,"€ 18,48 per litre"
Wiwaxia,"€ 4,50",Netherlands,3.48,De Kromme Haring,5.8%,Lager - Vienna,Can 330ml,"€ 13,64 per litre"
Double Pump Caramel Biscuit Cheesecake Imperial Stout,"€ 10,00",Scotland,4.44,Vault City Brewing,13%,Stout - Imperial / Double Pastry,Can 330ml,"€ 30,30 per litre"
Which Doctor?,"€ 6,60",England,3.94,Twisted Barrel Ale,8.2%,Stout - Foreign / Export,Can 440ml,"€ 15,00 per litre"
Wrapped In Mistletoe,"€ 6,20",England,3.93,Twisted Barrel Ale,6%,IPA - New England / Hazy,Can 440ml,"€ 14,09 per litre"
Damson Plum Cobbler,"€ 5,70",Scotland,3.92,Vault City Brewing,4.7%,Sour - Smoothie / Pastry,Can 440ml,"€ 12,95 per litre"
Peach & Blueberry Clouds,"€ 9,30",Scotland,3.89,Vault City Brewing,6.5%,IPA - Sour,Can 440ml,"€ 12,95 per litre"
Santa Gose To Town,"€ 5,60",England,3.76,Twisted Barrel Ale,6%,Sour - Fruited Gose,Can 440ml,"€ 12,73 per litre"
One Step Beyond,"€ 5,10",England,3.58,Twisted Barrel Ale,3.8%,Pale Ale - New England / Hazy,Can 440ml,"€ 11,59 per litre"
Pixel Juice,"€ 4,80",England,3.56,Twisted Barrel Ale,4%,Pale Ale - New England / Hazy,Can 440ml,"€ 10,91 per litre"
Push The Button,"€ 5,00",England,?,Twisted Barrel Ale,3.8%,IPA - New England / Hazy,Can 440ml,"€ 11,36 per litre"
Tuesday 2023 Imperial Stout,"€ 52,20",United States,4.32,Cycle Brewing Company,12%,Stout - Imperial / Double,Bottle 650ml,"€ 80,31 per litre"
Monday 2023 Imperial Stout,"€ 50,90",United States,4.28,Cycle Brewing Company,12.5%,Stout - Imperial / Double Pastry,Bottle 650ml,"€ 78,31 per litre"
Wednesday 2023 Imperial Stout,"€ 50,90",United States,4.19,Cycle Brewing Company,12%,Stout - Imperial / Double,Bottle 650ml,"€ 78,31 per litre"
Thursday 2023 Imperial Stout,"€ 50,90",United States,4.19,Cycle Brewing Company,12.5%,Stout - Imperial / Double Coffee,Bottle 650ml,"€ 78,31 per litre"
Frosty Sour,"€ 5,10",Sweden,3.40,Brewski,4.7%,Sour - Fruited Berliner Weisse,330ml,"€ 15,45 per litre"
St. Bernardus Abt 12,"€ 2,75",Belgium,4.00,Brouwerij St.Bernardus,10%,Belgian Quadrupel,330ml,"€ 8,33 per litre"
La Trappe / Tynt Meadow / Zundert Three Rules of Authentic Trappist,"€ 12,95",Netherlands,3.82,Bierbrouwerij De Koningshoeven,7.4%,Belgian Dubbel,Bottle 750ml,"€ 17,27 per litre"
St. Bernardus Tripel,"€ 2,25",Belgium,3.75,Brouwerij St.Bernardus,8%,Belgian Tripel,330ml,"€ 6,82 per litre"
Brasserie LeFort Tripel,"€ 2,95",Belgium,3.72,Omer Vander Ghinste,8.8%,Belgian Tripel,330ml,"€ 8,94 per litre"
Funky Kiwi,"€ 5,50",Netherlands,3.71,Rock City Brewing,5.5%,IPA - New England / Hazy,Can 440ml,"€ 12,50 per litre"
Martha Brown Eyes,"€ 3,40",Belgium,3.66,The Brew Society,12%,Belgian Strong Dark Ale,330ml,"€ 10,30 per litre"
La Trappe Dubbel,"€ 1,80",Netherlands,3.63,Bierbrouwerij De Koningshoeven,7%,Belgian Dubbel,330ml,"€ 5,45 per litre"
Delirium Red,"€ 2,90",Belgium,3.58,Delirium - Huyghe Brewery,8%,Fruit Beer,330ml,"€ 8,79 per litre"
Out With A Bang,"€ 8,95",Netherlands,3.56,Mister Hop,7.5%,Belgian Blonde,Bottle 750ml,"€ 11,93 per litre"
Vicaris Tripel,"€ 3,25",Belgium,3.55,Brouwerij Dilewyns,8.5%,Belgian Tripel,330ml,"€ 9,85 per litre"
Martha Sexy Blond,"€ 3,15",Belgium,3.51,The Brew Society,8%,Belgian Strong Golden Ale,330ml,"€ 9,55 per litre"
De Molen Koel & Krachtig,"€ 3,40",Netherlands,3.50,Brouwerij de Molen,7.1%,IPA - Cold,330ml,"€ 10,30 per litre"
Thai Thai,"€ 3,80",Netherlands,3.49,Oedipus Brewing,8%,Belgian Tripel,330ml,"€ 11,52 per litre"
Timmermans Lambicus Blanche,"€ 2,95",Belgium,3.47,Brewery John Martin & Brewery Timmermans,4.5%,Lambic - Traditional,330ml,"€ 8,94 per litre"
Naughty Santa,"€ 4,30",Netherlands,3.45,Mister Hop,8.5%,Belgian Tripel,330ml,"€ 13,03 per litre"
De Molen Op & Top,"€ 2,50",Netherlands,3.42,Brouwerij de Molen,4.5%,Pale Ale - American,330ml,"€ 7,58 per litre"
Martha Guilty Rouge,"€ 3,40",Belgium,3.33,The Brew Society,8%,Fruit Beer,330ml,"€ 10,30 per litre"
Second Date Non Alcoholic,"€ 3,50",Netherlands,3.32,Rock City Brewing,0.33%,Non-Alcoholic - IPA,330ml,"€ 10,61 per litre"
Roadie Blond,"€ 2,95",Netherlands,3.28,Rock City Brewing,5%,Blonde / Golden Ale - Other,330ml,"€ 8,94 per litre"
Koene Ridder Non Alcoholic,"€ 3,20",Netherlands,3.01,Rock City Brewing,0.33%,Non-Alcoholic - Other,330ml,"€ 9,70 per litre"
Roadie IPA,"€ 2,95",Netherlands,2.91,Rock City Brewing,4.5%,Gluten-Free,330ml,"€ 8,94 per litre"
"Budels Malt 0,0%","€ 1,70",Netherlands,2.43,Budelse Brouwerij,4.5%,Non-Alcoholic - Lager,300ml,"€ 5,67 per litre"
Fireside Brewing Flappie,"€ 12,95",Netherlands,?,Mister Hop,10%,Winter Warmer,Bottle 750ml,"€ 17,27 per litre"
LETITSNOW,"€ 4,25",Netherlands,?,Mister Hop,6.8%,IPA - New England / Hazy,330ml,"€ 12,88 per litre"
Two Hundred Fathoms (2024),"€ 17,40",Ireland,4.39,Galway Bay Brewery,11.2%,Stout - Imperial / Double,Bottle 500ml,"€ 34,80 per litre"
Spaced In Time,"€ 11,40",United States,4.25,Finback Brewery,8.3%,IPA - Imperial / Double,Can 473ml,"€ 24,10 per litre"
Grapefruit Crush,"€ 11,30",United States,4.08,Finback Brewery,8%,IPA - Fruited,Can 473ml,"€ 23,89 per litre"
Permanent Holiday,"€ 7,50",Ireland,3.96,Galway Bay Brewery,6.2%,IPA - New Zealand,Can 440ml,"€ 17,05 per litre"
Afterglow,"€ 6,90",Ireland,3.76,Galway Bay Brewery,6%,IPA - New England / Hazy,Can 440ml,"€ 15,68 per litre"
Althea,"€ 6,50",Ireland,3.56,Galway Bay Brewery,4.8%,IPA - Session,Can 440ml,"€ 14,77 per litre"
Giesinger Winter Doppelbock,"€ 3,30",Germany,3.62,Giesinger Bräu,7.1%,Bock - Doppelbock,Can 440ml,"€ 14,77 per litre"
Hohenfelder Dunkel,"€ 1,95",Germany,3.29,Privat-Brauerei Hohenfelde,4.7%,Lager - Amber / Red,Can 440ml,"€ 14,77 per litre"
Almond Pop,"€ 30,00",United States,4.50,Equilibrium Brewery,11%,Stout - Pastry,Bottle 500ml,"€ 60,00 per litre"
Straight Outta The Laboratory,"€ 14,10",United States,4.38,Equilibrium Brewery,10.2%,IPA - Triple,Can 473ml,"€ 29,81 per litre"
S'mores Blueprint,"€ 30,00",United States,4.32,Equilibrium Brewery,11%,Stout - Imperial / Double Pastry,Bottle 500ml,"€ 60,00 per litre"
Basqueland x Track Salsa Verde,"€ 13,80",Spain,4.21,Basqueland Brewing,10%,IPA - Triple New England / Hazy,Can 440ml,"€ 31,36 per litre"
Fractal Nelson / Citra,"€ 9,30",United States,4.14,Equilibrium Brewery,6.8%,IPA - American,Can 473ml,"€ 19,66 per litre"
Basqueland x SOMA Txuleton,"€ 11,40",Spain,4.12,Basqueland Brewing,8%,IPA - Imperial / Double,Can 440ml,"€ 25,91 per litre"
Basqueland x Amundsen Sobremesa,"€ 13,80",Spain,4.11,Basqueland Brewing,12%,Stout - Imperial / Double Pastry,Can 440ml,"€ 31,36 per litre"
Equilibrium x Orchestrated Minds Quantum Orchestra,"€ 12,00",United States,4.06,Equilibrium Brewery,8.5%,IPA - Imperial / Double,Can 473ml,"€ 25,37 per litre"
Basqueland x Cloudwater Bonito Del Norte,"€ 10,20",Spain,3.96,Basqueland Brewing,6.4%,IPA - New England / Hazy,Can 440ml,"€ 23,18 per litre"
Kosmic Krush,"€ 10,80",United States,3.93,Equilibrium Brewery,8%,IPA - Imperial / Double,Can 473ml,"€ 22,83 per litre"
Basqueland x Outer Range Surf & Turf,"€ 10,20",Spain,3.86,Basqueland Brewing,7%,IPA - American,Can 440ml,"€ 23,18 per litre"
Basqueland x Arpus Bramble On,"€ 10,80",Spain,3.72,Basqueland Brewing,5.7%,Sour - Fruited,Can 440ml,"€ 24,55 per litre"
Funky Fluid / Imprint - Gelato Xtreme: Blueberry Raspberry Banana,"€ 12,90",Poland,4.21,Funky Fluid,8%,Sour - Smoothie / Pastry,Can 500ml,"€ 25,80 per litre"
Cospell,"€ 14,40",Poland,4.01,Funky Fluid,11%,Stout - Imperial / Double Coffee,Can 500ml,"€ 28,80 per litre"
Florida Vibes: Pinkie,"€ 8,40",Poland,3.99,Funky Fluid,7.2%,Sour - Fruited,Can 500ml,"€ 16,80 per litre"
All Out King,"€ 9,40",Poland,3.91,Funky Fluid,8%,Sour - Smoothie / Pastry,Can 500ml,"€ 18,80 per litre"
Free Gelato: Berries & Cream,"€ 6,40",Poland,3.68,Funky Fluid,0.5%,Non-Alcoholic - Sour,Can 500ml,"€ 12,80 per litre"
Ocean Drift,"€ 5,00",Scotland,3.37,Jump Ship Brewing Ltd,0.5%,Non-Alcoholic - Sour,Can 440ml,"€ 11,36 per litre"
Bassline,"€ 5,60",Scotland,3.37,Arbor,0.5%,Non-Alcoholic - Sour,Bottle 568ml,"€ 9,86 per litre"
Christmas Cracker: Pocket Negroni - 2x,"€ 13,80",Scotland,3.37,Whitebox,21.8%,Non-Alcoholic - Sour,Bottle 568ml,"€ 9,86 per litre"
Christmas Cracker: Squeezy's Margarita - 2x,"€ 13,80",Scotland,3.37,Whitebox,19%,Non-Alcoholic - Sour,Bottle 568ml,"€ 9,86 per litre"
Turbo Wave,"€ 5,60",England,?,We Can Be Friends,0.5%,Non-Alcoholic - IPA,Can 440ml,"€ 12,73 per litre"
Bereta 8 Down,"€ 40,20",Romania,3.92,Bereta Brewing Co.,6.2%,IPA - New England / Hazy,12-pack,"Total price: € 40,20"
Bereta 8 Down,"€ 14,10",Romania,3.92,Bereta Brewing Co.,6.2%,IPA - New England / Hazy,4-pack,"Total price: € 14,10"
Radiant Cut,"€ 10,00",United States,4.06,Other Half Brewing Co.,6.5%,IPA - New England / Hazy,,
Winter Warming Dunkel Weizen,"€ 3,65",Netherlands,3.44,Brouwerij Hoop,7%,Wheat Beer - Dunkelweizen,330ml,"€ 11,06 per litre"
Gebrouwen door Vrouwen Glüh Weizen,"€ 3,30",Netherlands,3.22,Gebrouwen Door Vrouwen,6.5%,Spiced / Herbed Beer,330ml,"€ 10,00 per litre"
Night Sleigher,"€ 8,40",Norway,3.83,Amundsen Brewery,7.5%,IPA - Imperial / Double New England / Hazy,Can 440ml,"€ 19,09 per litre"
Santa's Hop Sack,"€ 6,30",Norway,3.53,Amundsen Brewery,5.3%,IPA - New England / Hazy,Can 440ml,"€ 14,32 per litre"
Super Santa,"€ 5,30",Norway,3.44,Amundsen Brewery,4.7%,Stout - Pastry,Can 330ml,"€ 16,06 per litre"
Christmas Morning,"€ 5,30",Norway,3.37,Amundsen Brewery,4.7%,Stout - Pastry,Can 330ml,"€ 16,06 per litre"
Santa's Cinnamon Smores,"€ 5,70",Norway,2.96,Amundsen Brewery,0.5%,Non-Alcoholic - Porter / Stout,Can 440ml,"€ 12,95 per litre"
Hop Hooligans Sharpest Knife In The Drawer,"€ 11,80",Greece,4.43,P.i.g.s. Brewery,6%,Sour - Smoothie / Pastry,500ml,"€ 23,60 per litre"
Gelato Sourpuss: Monday Motivation,"€ 11,80",Romania,4.32,Hop Hooligans,6%,Sour - Smoothie / Pastry,500ml,"€ 23,60 per litre"
Chugzilla,"€ 9,60",Romania,4.31,Hop Hooligans,6%,IPA - American,500ml,"€ 19,20 per litre"
Gelato Sourpuss: Redbeard'S Rev,"€ 11,80",Romania,4.30,Hop Hooligans,6%,Sour - Smoothie / Pastry,500ml,"€ 23,60 per litre"
Chateau Migraine,"€ 9,70",Romania,4.26,Hop Hooligans,9%,Sour - Fruited,500ml,"€ 19,40 per litre"
Gelato Sourpuss: Cat Concerto,"€ 11,80",Romania,4.22,Hop Hooligans,6%,Sour - Smoothie / Pastry,500ml,"€ 23,60 per litre"
Birthday Juice,"€ 11,60",Romania,4.09,Hop Hooligans,10%,IPA - Triple New England / Hazy,500ml,"€ 23,20 per litre"
Neon Gods,"€ 12,10",Romania,4.04,Hop Hooligans,14.5%,IPA - Quadruple,500ml,"€ 24,20 per litre"
Stress Less,"€ 9,00",Romania,3.97,Hop Hooligans,6%,IPA - New England / Hazy,500ml,"€ 18,00 per litre"
Horns,"€ 14,10",Romania,3.95,Hop Hooligans,11%,Stout - Imperial / Double,500ml,"€ 28,20 per litre"
The Other Side Of The World,"€ 9,00",Romania,3.91,Hop Hooligans,6%,IPA - New England / Hazy,500ml,"€ 18,00 per litre"
Emergency Meeting,"€ 9,00",Romania,3.90,Hop Hooligans,6%,IPA - New England / Hazy,500ml,"€ 18,00 per litre"
Crowd Control,"€ 8,00",Romania,3.88,Hop Hooligans,6%,IPA - New England / Hazy,500ml,"€ 16,00 per litre"
Crowd Control BATCH 3000,"€ 8,00",Romania,3.88,Hop Hooligans,6%,IPA - New England / Hazy,500ml,"€ 16,00 per litre"
Sunset Showdown,"€ 9,00",Romania,3.82,Hop Hooligans,6%,Pilsner - Other,500ml,"€ 18,00 per litre"
Shady Sushi,"€ 9,00",Romania,3.70,Hop Hooligans,6.5%,IPA - New England / Hazy,500ml,"€ 18,00 per litre"
Spiritual Soak,"€ 8,50",Romania,3.65,Hop Hooligans,5%,Farmhouse Ale - Saison,500ml,"€ 17,00 per litre"
Grape Expectations,"€ 9,00",Romania,3.62,Hop Hooligans,5%,Farmhouse Ale - Saison,500ml,"€ 18,00 per litre"
Aggouraphobia,"€ 9,60",Romania,3.52,Hop Hooligans,5%,Sour - Other Gose,500ml,"€ 19,20 per litre"
Mermaid Margarita,"€ 8,50",Romania,3.49,Hop Hooligans,5%,Sour - Other,500ml,"€ 17,00 per litre"
Christmas Ale,"€ 8,95",Belgium,3.68,Brouwerij Corsendonk,8.1%,Winter Ale,Bottle 750ml,"€ 11,93 per litre"
Turbo Wave,"€ 5,40",England,?,We Can Be Friends,0.5%,Non-Alcoholic - IPA,Can 440ml,"€ 12,27 per litre"
Winter,"€ 2,90",Belgium,3.55,Ter Dolen,9.1%,Winter Warmer,330ml,"€ 8,79 per litre"
Winterklokje,"€ 3,60",Belgium,3.48,Brouwerij Broeder Jacob,9%,Winter Ale,330ml,"€ 10,91 per litre"
Kerst Pater,"€ 7,95",Belgium,3.42,Brouwerij Van Den Bossche,9%,Winter Ale,Bottle 750ml,"€ 10,60 per litre"
Wilde Kerst,"€ 10,95",Netherlands,3.32,Hert Bier,6.5%,Bock - Single / Traditional,Bottle 750ml,"€ 14,60 per litre"
Chongus,"€ 10,70",Ireland,4.17,Whiplash,10.8%,Stout - Imperial / Double,Can 440ml,"€ 24,32 per litre"
Dongus,"€ 10,10",Ireland,4.12,Whiplash,10.5%,Stout - Imperial / Double Coffee,Can 440ml,"€ 22,95 per litre"
Dingus,"€ 10,80",Ireland,4.00,Whiplash,11.4%,Stout - Imperial / Double,Can 440ml,"€ 24,55 per litre"
Yellow Necessity,"€ 6,80",Wales,3.95,Polly's Brew Co.,6.5%,IPA - Other,Can 440ml,"€ 15,45 per litre"
Thick Stew,"€ 7,50",Ireland,3.93,Whiplash,8%,IPA - Imperial / Double,Can 440ml,"€ 17,05 per litre"
Clean Green,"€ 6,50",Wales,3.92,Polly's Brew Co.,6.7%,IPA - American,Can 440ml,"€ 14,77 per litre"
Breeze Shadows,"€ 6,50",Wales,3.91,Polly's Brew Co.,5.5%,Pale Ale - New England / Hazy,Can 440ml,"€ 14,77 per litre"
Nice Mover,"€ 6,00",Ireland,3.77,Whiplash,6.8%,IPA - American,Can 440ml,"€ 13,64 per litre"
All the Leaves Are Brown (Heaven Hill Bourbon BA),"€ 7,20",Scotland,4.24,Tempest Brewing Co.,11.2%,Brown Ale - Imperial / Double,330ml,"€ 21,82 per litre"
PATRONS PROJECT 31.05 // SMUG // THE ASCENSION // VERDANT // BEAK // DIPA,"€ 8,30",England,4.17,Northern Monk,8%,IPA - Imperial / Double New England / Hazy,Can 440ml,"€ 18,86 per litre"
All The Leaves Are Brown,"€ 6,50",Scotland,4.12,Tempest Brewing Co.,10.5%,Brown Ale - Imperial / Double,330ml,"€ 19,70 per litre"
The Quiet Is So Loud,"€ 5,60",Bulgaria,4.04,Sofia Electric Brewing,6.5%,IPA - New England / Hazy,500ml,"€ 11,20 per litre"
It's Happening Again!,"€ 7,70",Sweden,4.03,Stigbergets Bryggeri,9.5%,IPA - Triple,Can 440ml,"€ 17,50 per litre"
Perfect Krush,"€ 5,90",Italy,3.98,CRAK Brewery,6.5%,IPA - American,330ml,"€ 17,88 per litre"
DARK & WILD 2024 // NEON RAPTOR // PõHJALA // RESIDENT CULTURE // DESSERT STOUT,"€ 7,50",England,3.77,Northern Monk,8.4%,Stout - Milk / Sweet,Can 440ml,"€ 17,05 per litre"
PATRONS PROJECT 36.07 // CHRIS (SIMPSONS ARTIST) // WITCHES FINGERS // DDH IPA,"€ 7,40",England,3.67,Northern Monk,7%,IPA - New England / Hazy,Can 440ml,"€ 16,82 per litre"
Mythical Ground,"€ 7,60",Scotland,3.67,Tempest Brewing Co.,11.4%,Pale Ale - New Zealand,330ml,"€ 23,03 per litre"
Ogham (2024),"€ 7,40",Ireland,4.33,Lough Gill Brewery,14.8%,Stout - Imperial / Double,330ml,"€ 22,42 per litre"
Lunula (2024),"€ 7,40",Ireland,4.29,Lough Gill Brewery,14.8%,Stout - Imperial / Double,330ml,"€ 22,42 per litre"
Hex,"€ 8,40",Spain,4.27,SOMA Beer,10%,IPA - Triple New England / Hazy,Can 440ml,"€ 19,09 per litre"
Tara (2024),"€ 7,40",Ireland,4.24,Lough Gill Brewery,14.8%,Stout - Imperial / Double,330ml,"€ 22,42 per litre"
Warrior (2024),"€ 7,40",Ireland,4.20,Lough Gill Brewery,14%,Stout - Imperial / Double,330ml,"€ 22,42 per litre"
Sauce,"€ 7,80",Spain,4.18,SOMA Beer,8.5%,IPA - Imperial / Double New England / Hazy,Can 440ml,"€ 17,73 per litre"
Irl,"€ 7,80",Spain,4.13,SOMA Beer,8%,IPA - Imperial / Double New England / Hazy,Can 440ml,"€ 17,73 per litre"
Aura,"€ 7,40",Spain,4.11,SOMA Beer,6.5%,IPA - New England / Hazy,Can 440ml,"€ 16,82 per litre"
Spear (2024),"€ 7,40",Ireland,4.09,Lough Gill Brewery,13%,Stout - Imperial / Double Oatmeal,330ml,"€ 22,42 per litre"
Dingus,"€ 6,70",Ireland,4.00,Whiplash,11.4%,Stout - Imperial / Double,Can 440ml,"€ 15,23 per litre"
Thick Stew,"€ 6,70",Ireland,3.93,Whiplash,8%,IPA - Imperial / Double,Can 440ml,"€ 15,23 per litre"
Extinction Is Forever!: Tasmanian Devil,"€ 4,90",Austria,3.55,Brauhaus Bevog,4.3%,Lager - Munich Dunkel,500ml,"€ 9,80 per litre"
D'r Letste Koele,"€ 3,40",Belgium,3.91,Brouwerij Kompel,9.5%,Belgian Strong Dark Ale,500ml,"€ 9,80 per litre"
L'Esprit de Noël,"€ 4,05",Belgium,3.52,Brouwerij De Dochter van de Korenaar,8.5%,Winter Ale,330ml,"€ 12,27 per litre"
L'Esprit de Noël,"€ 10,95",Belgium,3.52,Brouwerij De Dochter van de Korenaar,8.5%,Winter Ale,Bottle 750ml,"€ 14,60 per litre"
DDF Churros,"€ 9,99",Scotland,4.20,Vault City Brewing,15%,Stout - Imperial / Double Pastry,330ml,"€ 30,27 per litre"
Gingerbread Latte,"€ 9,49",Scotland,4.11,Vault City Brewing,11%,Stout - Imperial / Double Milk,330ml,"€ 28,76 per litre"
Black Grape Buckie,"€ 10,99",Scotland,4.07,Vault City Brewing,8.3%,Sour - Fruited,Can 440ml,"€ 24,98 per litre"
Snowball,"€ 8,69",Scotland,4.04,Vault City Brewing,6.4%,Sour - Smoothie / Pastry,Can 440ml,"€ 19,75 per litre"
Jam Roly Poly,"€ 7,49",Scotland,4.03,Vault City Brewing,4.3%,Sour - Smoothie / Pastry,Can 440ml,"€ 17,02 per litre"
Last Christmas,"€ 7,49",Scotland,4.01,Vault City Brewing,4.1%,Sour - Fruited,Can 440ml,"€ 17,02 per litre"
Raspberry Dark Chocolate Coconut Cluster,"€ 7,99",Scotland,3.85,Vault City Brewing,6%,Sour - Smoothie / Pastry,Can 440ml,"€ 18,16 per litre"
Oerbier Special Reserva (2023),"€ 10,80",Belgium,4.16,Brouwerij De Dolle Brouwers,10%,Sour - Flanders Oud Bruin,Bottle 330ml,"€ 32,73 per litre"
Dulle Teve,"€ 7,50",Belgium,3.74,Brouwerij De Dolle Brouwers,10%,Belgian Tripel,Bottle 330ml,"€ 22,73 per litre"
Oerbier,"€ 7,20",Belgium,3.71,Brouwerij De Dolle Brouwers,9%,Belgian Strong Dark Ale,Bottle 330ml,"€ 21,82 per litre"
Special Extra Export Stout,"€ 6,00",Belgium,3.58,Brouwerij De Dolle Brouwers,8%,Stout - Foreign / Export,Bottle 330ml,"€ 18,18 per litre"
Lichtervelds Blond,"€ 6,00",Belgium,3.55,Brouwerij De Dolle Brouwers,8%,Belgian Strong Golden Ale,Bottle 330ml,"€ 18,18 per litre"
Arabier,"€ 6,30",Belgium,3.47,Brouwerij De Dolle Brouwers,8%,Belgian Strong Golden Ale,Bottle 330ml,"€ 19,09 per litre"
Driving Home For Christmas,"€ 1,80",Norway,2.89,LERVIG,0.5%,Non-Alcoholic - Other,Can 330ml,"€ 5,45 per litre"
Second Hand Emotion (bbf: 05-25),"€ 7,05",Germany,3.93,FrauGruber Brewing,8%,IPA - Imperial / Double New England / Hazy,Can 440ml,"€ 16,02 per litre"
Avec les Bons Voeux,"€ 3,70",Belgium,3.80,Brasserie Dupont,9.5%,Farmhouse Ale - Saison,Bottle 375ml,"€ 9,87 per litre"
Christmas,"€ 2,85",Belgium,3.43,Brouwerij Kompel,8.5%,Winter Ale,330ml,"€ 8,64 per litre"
Kerst Pater,"€ 2,30",Belgium,3.42,Brouwerij Van Den Bossche,9%,Winter Ale,330ml,"€ 6,97 per litre"
Engel Weihnachtsbier,"€ 3,25",Germany,3.24,Biermanufaktur ENGEL,5.5%,Lager - Winter,330ml,"€ 6,97 per litre"
Kapucíner 2024,"€ 5,40",Hungary,3.74,Vaskakas Sörfőzde,6.7%,Stout - Coffee,330ml,"€ 16,36 per litre"
Reketye x HopTails Melon Splash,"€ 4,30",Hungary,3.49,HopTails Brewery,5.5%,Sour - Fruited,330ml,"€ 13,03 per litre"
YOU Holy,"€ 5,10",Hungary,3.49,Vaskakas Sörfőzde,5.5%,India Pale Ale (IPA),330ml,"€ 15,45 per litre"
Oerbier Special Reserva 2023,"€ 7,63",Belgium,4.16,Brouwerij De Dolle Brouwers,10%,Sour - Flanders Oud Bruin,330ml,"€ 23,12 per litre"
Drogone Lambic,"€ 56,00",Belgium,4.40,Brasserie Cantillon,6.5%,Lambic - Fruit,Bottle 750ml,"€ 74,67 per litre"
Hazy Delivery,"€ 4,50",Poland,3.74,Browar PINTA,6%,IPA - New England / Hazy,500ml,"€ 9,00 per litre"
Eventide Irish Stout,"€ 2,50",Ireland,3.72,Rye River Brewing Company,4.5%,Stout - Irish Dry,330ml,"€ 7,58 per litre"
F*ck the christmas tree is on fire,"€ 4,90",Netherlands,3.58,Uiltje Brewing Company,10%,Stout - Imperial / Double Oatmeal,330ml,"€ 14,85 per litre"
Hoppy XMAS,"€ 2,90",Scotland,3.55,BrewDog,6%,IPA - American,330ml,"€ 8,79 per litre"
Osw - Alt,"€ 2,60",Germany,3.46,Brauerei Kundmüller,4.9%,Kellerbier / Zwickelbier,500ml,"€ 5,20 per litre"
Light,"€ 3,50",United States,3.44,Kona Brewing Company,4.2%,Blonde / Golden Ale - Other,355ml,"€ 9,86 per litre"
Lager,"€ 2,90",Scotland,3.34,Innis & Gunn,4.6%,Lager - Helles,355ml,"€ 8,17 per litre"
Santa & Rudolph,"€ 3,90",Netherlands,3.24,Brouwerij de Molen,7.3%,Winter Ale,330ml,"€ 11,82 per litre"
Völlerei,"€ 3,90",Germany,3.03,Munich Brew Mafia,6.5%,Bock - Single / Traditional,330ml,"€ 11,82 per litre"
Bière d'Hiver,"€ 3,90",France,?,Blue Coast Brewing Company,6.3%,Winter Ale,330ml,"€ 11,82 per litre"
Winter Honey Ale,"€ 3,90",Spain,?,Cervesa Espiga,6.3%,Non-Alcoholic - Porter / Stout,330ml,"€ 11,82 per litre"
Vertigo Supreme DDH DIPA,"€ 6,79",Germany,4.02,Schwarze Rose,7.7%,IPA - Imperial / Double New England / Hazy,Can 440ml,"€ 15,43 per litre"
Santa Muerte 2024 Mexican Cake Imperial Stout,"€ 6,29",Germany,4.01,Schwarze Rose,10%,Stout - Imperial / Double,330ml,"€ 19,06 per litre"
Triple Cinq Cent,"€ 7,99",Belgium,3.73,Bières de Chimay,8%,Belgian Tripel,Bottle 750ml,"€ 10,65 per litre"
La Trappe Trappist Blond,"€ 8,99",Netherlands,3.67,Bierbrouwerij De Koningshoeven,6.5%,Belgian Blonde,Bottle 750ml,"€ 11,99 per litre"
Session IPA,"€ 3,49",Sweden,3.48,Poppels Bryggeri,4.2%,IPA - Session,330ml,"€ 10,58 per litre"
köbi Helles Bayerisches Lager,"€ 2,99",Germany,3.31,köbi – Königsbrunner Biermanufaktur,5.3%,Lager - Helles,330ml,"€ 9,06 per litre"
köbi Alte B17 Helles Weizen,"€ 3,29",Germany,3.30,köbi – Königsbrunner Biermanufaktur,5.2%,Wheat Beer - Hefeweizen,330ml,"€ 9,97 per litre"
Köbi Zwickl Kellerbier,"€ 3,09",Germany,3.25,köbi – Königsbrunner Biermanufaktur,6%,Kellerbier / Zwickelbier,330ml,"€ 9,36 per litre"
Austerity IPA,"€ 6,50",France,3.84,Prizm Brewing Co.,7%,IPA - New England / Hazy,Can 440ml,"€ 14,77 per litre"
Temporality IPA,"€ 6,50",France,3.83,Prizm Brewing Co.,7%,IPA - New England / Hazy,Can 440ml,"€ 14,77 per litre"
Himbeere Gose,"€ 5,24",Czech Republic,3.57,Pivovar Rotor,5.4%,Sour - Fruited Gose,Bottle 750ml,"€ 6,99 per litre"
Ba S'morbidly Obese,"€ 10,10",Norway,4.07,Cervisiam,11.6%,Stout - Imperial / Double Pastry,Can 330ml,"€ 30,61 per litre"
Ba Satanic Panic,"€ 10,10",Norway,3.95,Cervisiam,11.3%,Stout - Imperial / Double Pastry,Can 330ml,"€ 30,61 per litre"
Jungle Juice Beast Mode,"€ 8,10",Norway,3.93,Cervisiam,8%,IPA - Imperial / Double New England / Hazy,Can 440ml,"€ 18,41 per litre"
ROTT.shadow,"€ 4,90",Netherlands,3.92,ROTT. Brouwers,11.1%,Stout - Imperial / Double,Can 330ml,"€ 14,85 per litre"
Vieille Groseille,"€ 8,10",France,3.93,Brasserie La Malpolon,10%,Old / Stock Ale,Bottle 330ml,"€ 24,55 per litre"
Django Juice,"€ 8,10",Norway,3.86,Cervisiam,8.5%,IPA - Imperial / Double New England / Hazy,Can 440ml,"€ 18,41 per litre"
Faith,"€ 4,99",England,3.81,Northern Monk,5.4%,Pale Ale - Australian,Can 440ml,"€ 11,34 per litre"
Tynt Meadow,"€ 3,80",England,3.64,Mount Saint Bernard Abbey,7.4%,Strong Ale - English,330ml,"€ 11,52 per litre"
Bush Triple,"€ 2,50",Belgium,3.62,Brasserie Dubuisson,5%,Belgian Strong Golden Ale,330ml,"€ 7,58 per litre"
Czarne Bezalkoholowe,"€ 2,00",Poland,3.03,Browar Fortuna,5%,Non-Alcoholic - Other,Bottle 500ml,"€ 4,00 per litre"
Félegyházi Blue Lagoon Gose,"€ 4,70",Hungary,3.40,Félegyházi Sörműhely,5%,Sour - Fruited Gose,330ml,"€ 14,24 per litre"
Pomona Island x Azvex Infinity Imperial Stout,"€ 11,40",England,4.43,Pomona Island Brew Co.,11%,Stout - Imperial / Double,Can 440ml,"€ 25,91 per litre"
State Of Kind x Browar Stu Mostów Crossing Borders,"€ 9,60",England,4.34,State Of Kind Brew Co.,8.4%,Stout - Imperial / Double Pastry,Can 440ml,"€ 21,82 per litre"
State Of Kind x Gravity Well Interstellar,"€ 8,40",England,4.14,State Of Kind Brew Co.,5.7%,IPA - American,Can 440ml,"€ 19,09 per litre"
Pomona Island x Beak Infinity DDH IPA,"€ 7,50",England,4.10,Pomona Island Brew Co.,6.3%,IPA - New England / Hazy,Can 440ml,"€ 17,05 per litre"
Pomona Island x Rivington Infinity DDH Pale,"€ 6,30",England,4.04,Pomona Island Brew Co.,5.4%,Pale Ale - New England / Hazy,Can 440ml,"€ 14,32 per litre"
Beak x Arpus Olia,"€ 10,50",United Kingdom,4.04,,6%,Sour,Can 440ml,"€ 23,86 per litre"
Stille Nacht 2024,"€ 5,25",Belgium,4.11,Brouwerij De Dolle Brouwers,12%,Belgian Strong Golden Ale,330ml,"€ 15,91 per litre"
Blueprint (enigma),"€ 8,10",Netherlands,4.13,Folkingebrew,8.5%,IPA - Imperial / Double New England / Hazy,Can 440ml,"€ 18,41 per litre"
Blueprint (galaxy),"€ 8,10",Netherlands,4.12,Folkingebrew,8.5%,IPA - Imperial / Double New England / Hazy,Can 440ml,"€ 18,41 per litre"
Lidmasinas,"€ 8,10",Netherlands,4.05,Brouwerij Frontaal,10%,Stout - Imperial / Double,Can 440ml,"€ 18,41 per litre"
Piece Of Cake: Apple Crumble Pie,"€ 6,50",Netherlands,4.02,Brouwerij Frontaal,10%,Stout - Imperial / Double Pastry,Can 330ml,"€ 19,70 per litre"
Ocean Drift,"€ 8,10",Netherlands,4.01,Folkingebrew,7%,IPA - New England / Hazy,Can 440ml,"€ 18,41 per litre"
Beyond Galaxies,"€ 8,10",Netherlands,4.00,White Dog Brewery,7%,IPA - New England / Hazy,Can 440ml,"€ 18,41 per litre"
Youpi,"€ 5,10",France,3.70,Brasserie La Malpolon,6.3%,IPA - American,Bottle 330ml,"€ 15,45 per litre"
Eclaircie,"€ 4,90",France,3.64,Sacrilège,7%,Stout - Foreign / Export,Bottle 330ml,"€ 14,85 per litre"
Drop Bock,"€ 6,10",Netherlands,3.61,Brouwerij Frontaal,7.5%,Bock - Doppelbock,Can 330ml,"€ 18,48 per litre"
Saison Antoine,"€ 4,90",France,3.55,Sacrilège,5.4%,Farmhouse Ale - Saison,Bottle 330ml,"€ 14,85 per litre"
ROTT.blontt,"€ 4,10",Netherlands,3.46,ROTT. Brouwers,5.5%,Blonde / Golden Ale - Other,Can 330ml,"€ 12,42 per litre"
ROTT.vriend,"€ 4,10",Netherlands,3.44,ROTT. Brouwers,6.7%,Belgian Blonde,Can 330ml,"€ 12,42 per litre"
Dry Smash,"€ 3,90",Romania,?,Bereta Brewing Co.,6.8%,IPA - American,Can 440ml,"€ 8,86 per litre"
Śpij słodko Aniołku,"€ 3,60",Poland,3.95,Ziemia Obiecana,8%,Sour - Fruited,Can 500ml,"€ 7,20 per litre"
Stópka 2.0,"€ 3,50",Poland,3.85,Ziemia Obiecana,6.5%,IPA - American,Can 500ml,"€ 7,00 per litre"
My Continuous Improvement Black Forest,"€ 12,00",England,4.24,Cloudwater Brew Co.,11%,Stout - Imperial / Double Pastry,Can 440ml,"€ 27,27 per litre"
Stollen From Ivor,"€ 5,40",England,3.74,Cloudwater Brew Co.,5%,Stout - Pastry,Can 440ml,"€ 12,27 per litre"
Happy Christmas,"€ 4,80",England,3.36,Cloudwater Brew Co.,3.4%,Pale Ale - Fruited,Can 440ml,"€ 10,91 per litre"
Wywar Porch Punker,"€ 3,45",Slovakia,3.52,Holíčsky pivovar Wywar,4.8%,Pale Ale - American,Can 500ml,"€ 6,90 per litre"
Wywar Mad Blondie,"€ 3,45",Slovakia,3.50,Holíčsky pivovar Wywar,4.5%,Blonde / Golden Ale - American,Can 500ml,"€ 6,90 per litre"
Wywar Martin,"€ 2,86",Slovakia,3.32,Holíčsky pivovar Wywar,4.8%,Pilsner - Czech / Bohemian,Can 500ml,"€ 5,72 per litre"
Labratchet,"€ 7,30",Netherlands,4.11,Moersleutel Craft Brewery,15%,Stout - Imperial / Double Pastry,Can 440ml,"€ 16,59 per litre"
Lucky Tonka Orange Peel,"€ 6,50",Netherlands,3.92,Moersleutel Craft Brewery,11%,Stout - Imperial / Double,Can 440ml,"€ 14,77 per litre"
Slippery Slope,"€ 6,50",Netherlands,3.87,Moersleutel Craft Brewery,12%,Stout - Imperial / Double Oatmeal,Can 440ml,"€ 14,77 per litre"
Northbound,"€ 7,30",Netherlands,3.85,Moersleutel Craft Brewery,11%,Porter - Imperial / Double Baltic,Can 440ml,"€ 16,59 per litre"
4 Elements: Wind,"€ 8,10",Netherlands,?,Moersleutel Craft Brewery,12%,Belgian Quadrupel,Can 440ml,"€ 18,41 per litre"
Toffee Brick Layer,"€ 7,30",Netherlands,4.11,Moersleutel Craft Brewery,12%,Stout - Imperial / Double Pastry,Can 440ml,"€ 16,59 per litre"
Coconut Wrecking Ball,"€ 7,30",Netherlands,4.09,Moersleutel Craft Brewery,11%,Stout - Imperial / Double Pastry,Can 440ml,"€ 16,59 per litre"
Cyct Torsion,"€ 6,50",Netherlands,3.85,Moersleutel Craft Brewery,8%,IPA - New England / Hazy,Can 440ml,"€ 14,77 per litre"
Cyct Pressure,"€ 6,50",Netherlands,3.82,Moersleutel Craft Brewery,7%,IPA - New England / Hazy,Can 440ml,"€ 14,77 per litre"
Kracht Van Eenvoud,"€ 6,50",Netherlands,3.68,Moersleutel Craft Brewery,7%,Stout - Other,Can 440ml,"€ 14,77 per litre"
Drop Project / Missing Link – Crush,"€ 5,70",England,3.76,Drop Project,4.2%,IPA - Session,Can 440ml,"€ 12,95 per litre"
Delirium Christmas,"€ 2,99",Belgium,3.76,Delirium - Huyghe Brewery,10%,Winter Ale,Can 440ml,"€ 12,95 per litre"
Chugzilla,"€ 5,50",Romania,4.31,Hop Hooligans,6%,IPA - American,Can 500ml,"€ 11,00 per litre"
Chateau Migraine,"€ 5,50",Romania,4.26,Hop Hooligans,9%,Sour - Fruited,Can 500ml,"€ 11,00 per litre"
HOP HOOLIGANS – Neon Gods,"€ 6,90",Romania,4.04,Hop Hooligans,14.5%,IPA - Quadruple,330ml,"€ 20,91 per litre"
Empire Of Light,"€ 5,10",Romania,3.95,Hop Hooligans,6%,IPA - Imperial / Double New England / Hazy,Can 500ml,"€ 10,20 per litre"
Horns,"€ 8,50",Romania,3.95,Hop Hooligans,11%,Stout - Imperial / Double,Can 500ml,"€ 17,00 per litre"
Full Sprint,"€ 4,70",Romania,3.93,Hop Hooligans,4%,IPA - Session,Can 500ml,"€ 9,40 per litre"
The Other Side Of The World,"€ 5,50",Romania,3.91,Hop Hooligans,6%,IPA - New England / Hazy,Can 500ml,"€ 11,00 per litre"
Dark Engineering,"€ 14,94",Estonia,4.30,Põhjala,14%,Stout - Imperial / Double Oatmeal,330ml,"€ 45,27 per litre"
Barrel-Aged Speedway Stout: Vanilla Shake Edition,"€ 18,90",United States,4.30,AleSmith Brewing Company,14.1%,Stout - Imperial / Double Coffee,473ml,"€ 39,96 per litre"
Sauce,"€ 11,84",Spain,4.18,SOMA Beer,8%,IPA - Imperial / Double New England / Hazy,Can 440ml,"€ 26,91 per litre"
Petit Saison,"€ 7,69",England,4.09,The Kernel Brewery,5.2%,Farmhouse Ale - Saison,330ml,"€ 23,30 per litre"
Dry Stout Citra Centennial,"€ 6,54",England,3.84,The Kernel Brewery,4.5%,Stout - Irish Dry,330ml,"€ 19,82 per litre"
Three Rules of Authentic Trappist,"€ 18,99",Netherlands,3.82,Bierbrouwerij De Koningshoeven,7.4%,Belgian Dubbel,Bottle 750ml,"€ 25,32 per litre"
Brown Ale Cascade,"€ 6,64",England,3.79,The Kernel Brewery,5.5%,Brown Ale - American,330ml,"€ 20,12 per litre"
Celebrator,"€ 3,42",Germany,3.76,Ayinger Privatbrauerei,6.7%,Bock - Doppelbock,330ml,"€ 10,36 per litre"
Grisette Nelson Sauvin,"€ 6,64",England,3.72,The Kernel Brewery,4.9%,Farmhouse Ale - Grisette,330ml,"€ 20,12 per litre"
Santa's Little Helper,"€ 7,37",Denmark,3.71,Mikkeller,10.9%,Belgian Strong Dark Ale,330ml,"€ 22,33 per litre"
A Red & White Christmas,"€ 7,69",Denmark,3.69,Mikkeller,8.7%,Winter Ale,330ml,"€ 23,30 per litre"
aU Ungespundet Naturtrüb,"€ 3,54",Germany,3.58,Mahr's Bräu,5.2%,Kellerbier / Zwickelbier,330ml,"€ 10,73 per litre"
Schammelsdorfer Hell,"€ 4,37",Germany,3.56,Brauerei Knoblach Schammelsdorf,4.9%,Lager - Helles,500ml,"€ 8,74 per litre"
Hoppy Xmas,"€ 4,57",Scotland,3.55,BrewDog,6%,IPA - American,330ml,"€ 13,85 per litre"
Schammelsdorfer Lagerbier,"€ 4,37",Germany,3.51,Brauerei Knoblach Schammelsdorf,5.3%,Kellerbier / Zwickelbier,500ml,"€ 8,74 per litre"
Freie Liebe,"€ 4,25",Germany,3.23,Brauhaus Nittenau,0.5%,Non-Alcoholic - Lager,330ml,"€ 12,88 per litre"
45 Days Of X-Mas,"€ 5,62",Denmark,3.18,To Øl,5%,Lager - Vienna,Can 440ml,"€ 12,77 per litre"
Samplelicious – Double IPA,"€ 6,25",Germany,4.10,Schwarze Rose,7.5%,IPA - Imperial / Double New England / Hazy,Can 440ml,"€ 14,20 per litre"
Acid Traxx – Red Honey Doppelbock,"€ 5,95",Germany,4.10,Schwarze Rose,8%,Honig Doppelbock,Can 440ml,"€ 13,52 per litre"
Regenbogen Lori – Oatcream IPA,"€ 4,95",Germany,4.10,Schwarze Rose,6.9%,Oatcream IPA,330ml,"€ 15,00 per litre"
7 Year Anniversary  (+ Arpus Glass) - 7x,"€ 53,00",Latvia,4.25,Ārpus Brewing Co.,13%,Stout - Imperial / Double Pastry,7-pack,"Total price: € 53,00"
7 Year Anniversary & NEW Release  (+ Arpus Glass) - 10x,"€ 74,00",Latvia,4.25,Ārpus Brewing Co.,13%,Stout - Imperial / Double Pastry,10-pack,"Total price: € 74,00"
Nordic Noir 3,"€ 19,95",Norway,4.30,Nøgne Ø,15%,Strong Ale - Other,330ml,"€ 60,45 per litre"
Nordic Noir 3 Loupiac Barrel Ed,"€ 21,95",Norway,4.20,Nøgne Ø,15%,Strong Ale - Other,330ml,"€ 66,52 per litre"
Nordic Noir 3 Brandy Barrel Ed,"€ 21,95",Norway,4.19,Nøgne Ø,15%,Strong Ale - Other,330ml,"€ 66,52 per litre"
Konkey Dong,"€ 9,90",United States,4.25,Hoof Hearted Brewing,8%,IPA - Imperial / Double,330ml,"€ 66,52 per litre"
Momma Needs Her Fruit Punch,"€ 9,50",United States,4.02,Hoof Hearted Brewing,7%,IPA - New England / Hazy,330ml,"€ 66,52 per litre"
Stowford Press Dark Berry,"€ 3,70",England,3.39,Westons Cider,4%,Cider - Other Fruit,330ml,"€ 66,52 per litre"
Stowford Press Medium Dry Cider,"€ 3,70",England,3.30,Westons Cider,4.5%,Cider - Dry,330ml,"€ 66,52 per litre"
7 Year Anniversary Barrel Aged Imperial Stout,"€ 8,99",Latvia,4.25,Ārpus Brewing Co.,13%,Stout - Imperial / Double Pastry,Can 440ml,"€ 20,43 per litre"
Straffe Hendrik Heritage 2023,"€ 23,99",Belgium,4.18,Brouwerij De Halve Maan,11%,Belgian Quadrupel,Can 440ml,"€ 20,43 per litre"
Sèxtuple,"€ 8,99",Belgium,4.18,Menno Olivier Brewing,11%,Belgian Quadrupel,Can 440ml,"€ 20,43 per litre"
Mönchsambacher Lager,"€ 2,50",Germany,3.74,Brauerei Zehendner,5.5%,Kellerbier / Zwickelbier,500ml,"€ 5,00 per litre"
Mönchsambacher Export,"€ 1,90",Germany,3.65,Brauerei Zehendner,5.2%,Lager - Dortmunder / Export,500ml,"€ 3,80 per litre"
Nothelfer Bio Weisse,"€ 2,10",Germany,3.63,Alte Klosterbrauerei Vierzehnheiligen Brauerei Trunk,5.3%,Wheat Beer - Hefeweizen,500ml,"€ 4,20 per litre"
Fässla Helles,"€ 1,90",Germany,3.46,Privatbrauerei Fässla Bamberg,5.4%,Lager - Helles,500ml,"€ 3,80 per litre"
Zwergla,"€ 1,90",Germany,3.44,Privatbrauerei Fässla Bamberg,6%,Lager - Munich Dunkel,500ml,"€ 3,80 per litre"
Nothelfer Vierzehnheiligener Lager,"€ 1,80",Germany,3.44,Alte Klosterbrauerei Vierzehnheiligen Brauerei Trunk,4.7%,Lager - Helles,500ml,"€ 3,60 per litre"
Fest - Bier,"€ 1,90",Germany,3.44,Held Bräu,5.3%,Festbier,500ml,"€ 3,80 per litre"
Fässla Lagerbier,"€ 1,90",Germany,3.43,Privatbrauerei Fässla Bamberg,5.5%,Lager - Amber / Red,500ml,"€ 3,80 per litre"
Nothelfer Vierzehnheiligener Pils,"€ 1,80",Germany,3.36,Alte Klosterbrauerei Vierzehnheiligen Brauerei Trunk,5.1%,Pilsner - German,500ml,"€ 3,60 per litre"
Winterbier,"€ 2,50",Germany,3.33,St. GeorgenBräu,5.6%,Festbier,500ml,"€ 5,00 per litre"
Hefeweissbier Alkoholfrei,"€ 2,50",Germany,2.83,Bayerische Staatsbrauerei Weihenstephan,0.5%,Non-Alcoholic - Wheat,500ml,"€ 5,00 per litre"
Beer : Barrel : Time (2018),"€ 489,95",United States,4.84,Side Project Brewing,15%,Stout - Imperial / Double,500ml,"€ 5,00 per litre"
Beer : Barrel : Time (2020),"€ 399,99",United States,4.82,Side Project Brewing,15%,Stout - Imperial / Double,,
Beer : Barrel : Time (Rye 2020),"€ 599,99",United States,4.82,Side Project Brewing,15%,Stout - Imperial / Double,,
Beer : Barrel : Time (2019),"€ 399,95",United States,4.81,Side Project Brewing,15%,Stout - Imperial / Double,,
Beer : Barrel : Time (2021),"€ 349,95",United States,4.81,Side Project Brewing,15%,Stout - Imperial / Double,Bottle 750ml,"€ 466,60 per litre"
Derivation TWCP,"€ 499,99",United States,4.77,Side Project Brewing,15%,Stout - Imperial / Double,Bottle 750ml,"€ 466,60 per litre"
Continuance Blend #1,"€ 199,99",United States,4.70,Side Project Brewing,15%,Strong Ale - American,Bottle 750ml,"€ 466,60 per litre"
Silent Barrel #633 (The Wine & Cheese Place),"€ 299,95",United States,4.64,Side Project Brewing,15%,Stout - Imperial / Double,Bottle 750ml,"€ 466,60 per litre"
Anabasis Blend #4,"€ 219,99",United States,4.60,Side Project Brewing,14%,Barleywine - American,Bottle 750ml,"€ 466,60 per litre"
Längst (Blend #3),"€ 139,99",United States,4.35,Side Project Brewing,12%,Historical Beer - Adambier,Bottle 750ml,"€ 466,60 per litre"
Otto,"€ 59,99",United States,4.35,Perennial Artisan Ales,13.8%,Stout - Imperial / Double Pastry,Bottle 750ml,"€ 79,99 per litre"
Bière du Pays (Blend #10),"€ 36,99",United States,4.16,Side Project Brewing,4%,Farmhouse Ale - Saison,Bottle 750ml,"€ 79,99 per litre"
Empathy V.1 (Red),"€ 77,99",United States,4.43,Anchorage Brewing Company,16.7%,Stout - Imperial / Double,Bottle 750ml,"€ 79,99 per litre"
Hygge,"€ 59,99",United States,3.50,Anchorage Brewing Company,18.2%,Barleywine - American,Bottle 750ml,"€ 79,99 per litre"
Earth Is Not Flat,"€ 5,50",Romania,3.92,Hop Hooligans,6.5%,IPA - New England / Hazy,Can 330ml,"€ 16,67 per litre"
Shock Therapy V55,"€ 4,50",Romania,3.74,Hop Hooligans,6.5%,IPA - New England / Hazy,Can 500ml,"€ 9,00 per litre"
Öö,"€ 5,49",Estonia,3.93,Põhjala,10.5%,Porter - Imperial / Double Baltic,330ml,"€ 16,64 per litre"
Maisel & Friends Hopfenreiter 2024,"€ 2,69",Germany,3.67,Brauerei Gebr. Maisel,8.5%,IPA - Imperial / Double,330ml,"€ 8,15 per litre"
Ice Cold Pilsner,"€ 3,49",Denmark,3.34,Mikkeller,4.5%,Pilsner - Italian,330ml,"€ 10,58 per litre"
Drink'in the Snow,"€ 2,79",Denmark,2.84,Mikkeller,0.3%,Non-Alcoholic - Other,330ml,"€ 8,45 per litre"
"Cuvée de Mortagne Forte - Carcavelos ""Vila Oeiras"" BA (2022)","€ 22,95",Belgium,4.30,Brouwerij Alvinne,17%,Belgian Quadrupel,Bottle 375ml,"€ 61,20 per litre"
Verzet Oud Bruin,"€ 3,12",Belgium,3.59,Brouwerij 't Verzet,6%,Sour - Flanders Oud Bruin,330ml,"€ 9,45 per litre"
Morpheus Saison,"€ 2,81",Belgium,3.38,Brouwerij Alvinne,7%,Farmhouse Ale - Saison,330ml,"€ 8,52 per litre"
Pacific,"€ 3,60",Poland,3.68,Browar Artezan,5%,Pale Ale - American,Can 500ml,"€ 7,20 per litre"
Framboise,"€ 2,00",Belgium,3.77,Brouwerij Lindemans,2.5%,Lambic - Framboise,Bottle 250ml,"€ 8,00 per litre"
Tripel,"€ 3,10",Netherlands,3.55,Grutte Pier Brouwerij,7.5%,Belgian Tripel,330ml,"€ 9,39 per litre"
Hopzz_ Sublime,"€ 6,99",Poland,4.03,Browar PINTA,6%,IPA - New England / Hazy,500ml,"€ 13,98 per litre"
Hopzz_ Essential,"€ 6,99",Poland,4.02,Browar PINTA,6%,IPA - New England / Hazy,500ml,"€ 13,98 per litre"
The Omen vol.2,"€ 6,49",Poland,3.95,TankBusters.Co,7.4%,IPA - Black / Cascadian Dark Ale,500ml,"€ 12,98 per litre"
Hazy Discovery Transylvania,"€ 5,99",Poland,3.86,Browar PINTA,6%,IPA - New England / Hazy,500ml,"€ 11,98 per litre"
Hazy Discovery Žalec,"€ 5,99",Poland,3.85,Browar PINTA,6%,IPA - New England / Hazy,500ml,"€ 11,98 per litre"
The Crown Is Mine,"€ 6,49",Poland,3.77,TankBusters.Co,5.8%,IPA - New England / Hazy,500ml,"€ 12,98 per litre"
Pompelmocello,"€ 3,79",England,3.63,Siren Craft Brew,6%,IPA - Sour,Can 440ml,"€ 8,61 per litre"
Badin / Hoppy People Raclette Intervention,"€ 5,13",Norway,3.90,Bådin,8%,IPA - Imperial / Double New England / Hazy,Can 440ml,"€ 11,66 per litre"
Badin Sequoia Affair,"€ 4,97",Norway,3.67,Bådin,6.5%,IPA - American,Can 440ml,"€ 11,30 per litre"
Badin / Ophiussa Perseverence,"€ 3,41",Norway,3.65,Bådin,6.5%,IPA - American,330ml,"€ 10,33 per litre"
Badin Solitaire,"€ 3,97",Norway,3.64,Bådin,6.5%,IPA - New England / Hazy,330ml,"€ 12,03 per litre"
Badin Mallow Mango,"€ 5,59",Norway,3.44,Bådin,5.9%,Sour - Fruited,Can 440ml,"€ 12,70 per litre"
Badin Kjerringøy,"€ 3,21",Norway,3.38,Bådin,4.7%,Gluten-Free,330ml,"€ 9,73 per litre"
Geuze Mariage Parfait 2019,"€ 5,71",Belgium,3.98,Brouwerij Boon,8%,Lambic - Gueuze,Bottle 375ml,"€ 15,23 per litre"
BA Ambiente (2020),"€ 99,99",United States,4.51,Shared,14%,Stout - Imperial / Double,Bottle 375ml,"€ 15,23 per litre"
Achromatic Vibes 2020,"€ 84,99",United States,4.48,Shared,12%,Stout - Imperial / Double,,
Golden Ratio,"€ 44,99",United States,4.44,3 Sons Brewing Co.,12.3%,Strong Ale - Other,,
It's All Swell,"€ 9,99",United States,4.40,Vitamin Sea Brewing,8%,IPA - Imperial / Double New England / Hazy,,
Broz Night Out⁴,"€ 10,69",United States,4.39,The Veil Brewing Co.,9%,IPA - Imperial / Double New England / Hazy,,
Medianoche (2024),"€ 41,99",United States,4.37,WeldWerks Brewing Co.,12.3%,Stout - Imperial / Double,,
Naughty Temple,"€ 37,99",United States,4.18,Toppling Goliath Brewing Co.,14.2%,Strong Ale - American,,
Nectaron Dry Hop Pseudo Sue,"€ 9,69",United States,4.11,Toppling Goliath Brewing Co.,5.8%,Pale Ale - American,,
New Leaf,"€ 37,99",United States,4.23,Bottle Logic Brewing,14.6%,Stout - Imperial / Double Pastry,,
King Sue,"€ 12,96",United States,4.30,Toppling Goliath Brewing Co.,7.8%,IPA - Imperial / Double New England / Hazy,473ml,"€ 27,40 per litre"
Birodalmi Bagoly Kentucky Whisky BA,"€ 8,52",Hungary,4.21,Balkezes,12%,Porter - Imperial / Double Baltic,330ml,"€ 25,82 per litre"
Rustic Peach (2017),"€ 24,90",United States,4.16,Crooked Stave Artisan Beer Project,6.5%,Sour - Fruited,Bottle 750ml,"€ 33,20 per litre"
CASSIS FRAMBOISE (2022),"€ 19,82",France,4.11,Popihn Sauvages,7%,Wild Ale - Other,Bottle 750ml,"€ 26,43 per litre"
Crazy Lines #56: Sabro vs. Talus,"€ 5,91",Poland,3.95,Browar Nepomucen,7%,IPA - Imperial / Double New England / Hazy,500ml,"€ 11,82 per litre"
West Coast IPA,"€ 5,08",Sweden,3.80,Stigbergets Bryggeri,6.5%,IPA - New England / Hazy,330ml,"€ 15,39 per litre"
Compelling Argument,"€ 8,52",Spain,3.79,Garage Beer Co.,7.5%,Sour - Fruited Berliner Weisse,Can 440ml,"€ 19,36 per litre"
Sigma,"€ 4,25",Belgium,3.74,Brouwerij Alvinne,8%,Sour - Other,330ml,"€ 12,88 per litre"
Gouden Carolus Classic,"€ 3,42",Belgium,3.73,Brouwerij Het Anker,8.5%,Belgian Strong Dark Ale,330ml,"€ 10,36 per litre"
Brain Dance,"€ 3,11",Hungary,3.49,Reketye Brewing Co.,3.7%,Sour - Berliner Weisse,Can 330ml,"€ 9,42 per litre"
Lazer Crush,"€ 5,08",England,3.14,Beavertown,0.3%,Non-Alcoholic - IPA,330ml,"€ 15,39 per litre"
Lervig All I Want For Christmas,"€ 34,99",Norway,4.16,LERVIG,15%,Stout - Imperial / Double,Bottle 750ml,"€ 46,65 per litre"
Ich Bin Peach,"€ 3,99",Denmark,3.72,Mikkeller,3.7%,Sour - Fruited Berliner Weisse,330ml,"€ 12,09 per litre"
Muse 2022,"€ 22,50",France,4.29,Ammonite,5.5%,Sour - Other,Bottle 750ml,"€ 30,00 per litre"
Vinifera Syrah 2022,"€ 26,00",France,4.09,Ammonite,6.5%,Sour - Other,Bottle 750ml,"€ 34,67 per litre"
Vinifera Sauvignon 2022,"€ 26,00",France,4.08,Ammonite,6.3%,Sour - Other,Bottle 750ml,"€ 34,67 per litre"
Vinifera Gewurztraminer 2022,"€ 26,00",France,3.97,Ammonite,6.2%,Sour - Other,Bottle 750ml,"€ 34,67 per litre"
Gueuze,"€ 19,20",Belgium,4.33,Brasserie Cantillon,5%,Lambic - Gueuze,Bottle 750ml,"€ 25,60 per litre"
AleSmith x Mikkeller BA Speedway Vanilla Shake,"€ 14,79",United States,4.30,AleSmith Brewing Company,14.03%,Stout - Imperial / Double Coffee,473ml,"€ 31,27 per litre"
De Nos Sarcophages,"€ 11,99",Canada,4.24,Messorem,8.6%,IPA - Imperial / Double New England / Hazy,473ml,"€ 25,35 per litre"
Pan IPAni Bezalkoholowe,"€ 3,60",Poland,3.94,Trzech Kumpli,0.5%,Non-Alcoholic - IPA,Can 500ml,"€ 7,20 per litre"
Pan IPAni Double,"€ 4,10",Poland,3.84,Trzech Kumpli,7%,IPA - Imperial / Double New England / Hazy,Bottle 500ml,"€ 8,20 per litre"
Pan IPAni,"€ 3,60",Poland,3.82,Trzech Kumpli,6%,IPA - White / Wheat,Bottle 500ml,"€ 7,20 per litre"
Califia West Coast IPA,"€ 3,80",Poland,3.79,Trzech Kumpli,7%,IPA - American,Bottle 500ml,"€ 7,60 per litre"
Misty,"€ 3,40",Poland,3.78,Trzech Kumpli,5.5%,IPA - New England / Hazy,Bottle 500ml,"€ 6,80 per litre"
2024 ADV,"€ 50,00",Netherlands,?,Mister Hop,9%,Belgian Tripel,Bottle 500ml,"€ 6,80 per litre"
XMAS Monk - Weihnachtsdubbel,"€ 3,90",Germany,3.79,KUEHN KUNZ ROSEN,7.5%,Belgian Dubbel,330ml,"€ 11,82 per litre"
Unplugged- Alkoholfreies Pale Ale,"€ 2,90",Germany,3.40,KUEHN KUNZ ROSEN,0.5%,Non-Alcoholic - Pale Ale,330ml,"€ 8,79 per litre"
Van Winkle BBT,"€ 249,99",United States,4.82,Side Project Brewing,14%,Stout - Imperial / Double,,
10 Years Double Barrel Anabasis,"€ 199,99",United States,4.65,Side Project Brewing,15%,Barleywine - English,Bottle 375ml,"€ 533,31 per litre"
Vintage Ale 2020,"€ 10,95",England,3.89,Fuller's Brewery,8.5%,Old / Stock Ale,500ml,"€ 21,90 per litre"
Vintage Ale 2021,"€ 10,95",England,3.87,Fuller's Brewery,8.5%,Old / Stock Ale,500ml,"€ 21,90 per litre"
Barbara Eisbock,"€ 4,95",Germany,3.72,Hochdorfer Kronenbrauerei,11%,Bock - Eisbock,330ml,"€ 15,00 per litre"
Quadriga – Brut Beer,"€ 6,45",Germany,3.61,Rügener Insel-Brauerei,10.5%,Bière de Champagne / Bière Brut,330ml,"€ 19,55 per litre"
BarbaraBock – Doppelbock,"€ 3,85",Germany,3.37,Hochdorfer Kronenbrauerei,8.5%,Bock - Doppelbock,330ml,"€ 11,67 per litre"
Don't Tell Gus!,"€ 9,65",England,4.24,Verdant Brewing Co,8%,IPA - Imperial / Double New England / Hazy,Can 440ml,"€ 21,93 per litre"
Parrain Oude Gueuze,"€ 17,95",Belgium,3.98,Geuzestekerij Parrain,6.5%,Lambic - Gueuze,Bottle 750ml,"€ 23,93 per litre"
Sublimo,"€ 5,99",Sweden,3.76,Stigbergets Bryggeri,5.5%,Pale Ale - American,Can 440ml,"€ 13,61 per litre"
Schwarze Rose Alien Love Call,"€ 6,79",Hungary,3.74,FIRST Craft Beer,8%,Lager - Other,Can 440ml,"€ 15,43 per litre"
Knoblach Räuschla,"€ 2,00",Germany,3.56,Brauerei Knoblach Schammelsdorf,5.4%,Märzen,500ml,"€ 4,00 per litre"
Drei Kronen Helle Lotte,"€ 2,30",Germany,3.55,Brauerei Drei Kronen Memmelsdorf,4.7%,Lager - Helles,500ml,"€ 4,60 per litre"
Günther Hausbrauer Vollbier,"€ 1,90",Germany,3.52,Günther-Bräu,4.8%,Lager - Helles,500ml,"€ 3,80 per litre"
Aufsesser Lager,"€ 1,90",Germany,3.42,Privatbrauerei Rothenbach,4.9%,Lager - Amber / Red,500ml,"€ 3,80 per litre"
Drei Kronen Orgelweisse,"€ 2,50",Germany,3.41,Brauerei Drei Kronen Memmelsdorf,5.1%,Wheat Beer - Hefeweizen,500ml,"€ 5,00 per litre"
Weiherer Rauch,"€ 2,10",Germany,3.39,Brauerei Kundmüller,5.3%,Rauchbier,500ml,"€ 4,20 per litre"
Val-Dieu Excellence Bourbon,"€ 27,95",Belgium,4.15,Brasserie de l'Abbaye du Val-Dieu,13.7%,Belgian Strong Golden Ale,Bottle 750ml,"€ 37,27 per litre"
Val-Dieu Excellence Rhum,"€ 27,95",Belgium,4.00,Brasserie de l'Abbaye du Val-Dieu,14%,Belgian Strong Dark Ale,Bottle 750ml,"€ 37,27 per litre"
Ugar Brewery Spectrum Mental Health Spacewalk,"€ 5,80",Hungary,3.83,UGAR Brewery,5.7%,IPA - New England / Hazy,500ml,"€ 11,60 per litre"
Gus Knows!,"€ 7,40",England,4.10,Verdant Brewing Co,6.5%,IPA - New England / Hazy,,
They Went On Forever,"€ 7,25",England,4.03,Verdant Brewing Co,6%,IPA - New England / Hazy,Can 440ml,"€ 16,48 per litre"
There Will Be No Intervals,"€ 5,65",England,3.99,Verdant Brewing Co,4.5%,Pale Ale - New England / Hazy,Can 440ml,"€ 12,84 per litre"
Boerenerf Eylenbosch Cuvée Heritage 2023,"€ 50,00",Belgium,4.07,Het Boerenerf Eylenbosch,6.67%,Lambic - Gueuze,Bottle 1500ml,"€ 33,33 per litre"
Hansebock,"€ 19,90",Germany,3.60,Barbarossa I Am,8%,Bock - Doppelbock,Bottle 750ml,"€ 26,53 per litre"
Ghost In The Machine,"€ 9,60",United States,4.30,Parish Brewing Co.,8.5%,IPA - Imperial / Double New England / Hazy,Bottle 750ml,"€ 26,53 per litre"
Goulden Carolus Christmas,"€ 7,10",Belgium,3.61,Brouwerij Het Anker,10.5%,Winter Ale,Bottle 330ml,"€ 21,52 per litre"
Harvester of Sorrow (2024),"€ 5,99",Germany,3.99,Sudden Death Brewing Co.,8%,IPA - Imperial / Double,Can 440ml,"€ 13,61 per litre"
TDH Kohia Nelson SubZero Hop Kief™ IPA,"€ 4,50",Latvia,3.86,Ārpus Brewing Co.,6.5%,IPA - New England / Hazy,Can 440ml,"€ 10,23 per litre"
Its Intergalactic,"€ 4,65",Netherlands,3.76,Brouwerij Kees,8.2%,IPA - American,Can 440ml,"€ 10,57 per litre"
Drop Bock,"€ 3,99",Netherlands,3.61,Brouwerij Frontaal,7.5%,Bock - Doppelbock,330ml,"€ 12,09 per litre"
Eagle Warrior Barrel Aged (Mezcal barrels),"€ 9,50",Belgium,4.15,Galea Craft Beers,14%,Barleywine - Other,330ml,"€ 28,79 per litre"
Tonka x Coffee x Vanilla Imperial Stout (Third Moon collab) CROWLER,"€ 13,50",Latvia,4.14,Ārpus Brewing Co.,12%,Stout - Imperial / Double,500ml,"€ 27,00 per litre"
"Txuleton (9th Anniversary, SOMA collab) CROWLER","€ 12,90",Spain,4.12,Basqueland Brewing,8%,IPA - Imperial / Double,500ml,"€ 25,80 per litre"
Nighty Knight Barrel Aged (Martinique Rum & French Whisky barrels),"€ 9,50",Belgium,4.08,Galea Craft Beers,12.5%,Stout - Imperial / Double,330ml,"€ 28,79 per litre"
Barrel Aged Stout - Ardmore,"€ 7,40",Belgium,3.95,Totem,10%,Stout - Imperial / Double,330ml,"€ 22,42 per litre"
Antwerp,"€ 5,50",Belgium,3.92,Galea Craft Beers,14%,Stout - Russian Imperial,330ml,"€ 16,67 per litre"
Nice to See You Tooth CROWLER,"€ 11,20",Belgium,3.79,Uncharted Brew Co.,5.5%,IPA - Session,500ml,"€ 22,40 per litre"
Two Chefs One Dok (Two Chefs Brewing),"€ 4,70",Belgium,3.56,Dok Brewing Company,5.5%,Stout - Irish Dry,330ml,"€ 14,24 per litre"
45 Days Later (To Øl collab),"€ 8,30",Belgium,3.56,Boundary,5.5%,Stout - Irish Dry,Can 440ml,"€ 18,86 per litre"
Barrel Aged Stout - Woodford Reserve,"€ 7,40",Belgium,?,Totem,10%,Stout - Belgian,330ml,"€ 22,42 per litre"
Gutenberg Bock – Rotwein Barrel Aged Edition 2023,"€ 9,95",Germany,3.99,KUEHN KUNZ ROSEN,9%,Bock - Doppelbock,330ml,"€ 30,15 per litre"
Offenbarung Barrel Aged Barley Wine – Edition 2024 St. Kilian Whisky (Peated) Ex Amarone,"€ 9,95",Germany,3.88,KUEHN KUNZ ROSEN,10.5%,Barleywine - Other,330ml,"€ 30,15 per litre"
XMAS Monk – Dubbel,"€ 4,25",Germany,3.79,KUEHN KUNZ ROSEN,7.5%,Belgian Dubbel,330ml,"€ 12,88 per litre"
Schrille Nacht – Winter IPA,"€ 3,95",Germany,3.63,KUEHN KUNZ ROSEN/ Schwarze Rose,6.8%,IPA - Other,330ml,"€ 11,97 per litre"
Meenzer Biensche – Honig Ale,"€ 3,95",Germany,3.55,KUEHN KUNZ ROSEN,5.5%,Honey Beer,330ml,"€ 11,97 per litre"
Gutenberg Bock – Barrel Aged Edition 2024 St. Kilian Whisky Ex Rhum Agricol,"€ 9,95",Germany,?,KUEHN KUNZ ROSEN,9%,Bock - Doppelbock,330ml,"€ 30,15 per litre"
Christmas In Cali,"€ 5,60",England,3.70,Siren Craft Brew,6%,IPA - American,Can 440ml,"€ 12,73 per litre"
Suspended In Mistletoe,"€ 5,10",England,3.62,Siren Craft Brew,4%,Pale Ale - American,Can 440ml,"€ 11,59 per litre"
Miracle On Marshmallow Mount,"€ 4,60",England,3.62,Siren,5.1%,Pale Ale - American,Can 440ml,"€ 10,45 per litre"
Lidmašinas,"€ 5,59",England,3.62,Frontaal X Ārpus,10%,Imperial Stout,Can 440ml,"€ 12,70 per litre"
50N4E Oude Geuze 2023,"€ 35,00",Belgium,4.40,Brasserie Cantillon,7%,Lambic - Traditional,Bottle 750ml,"€ 46,67 per litre"
Porter Baltique Grande Cuvee 2023,"€ 22,99",Canada,4.33,LTM - Les Trois Mousquetaires,10%,Porter - Imperial / Double Baltic,Bottle 750ml,"€ 46,67 per litre"
Divinity,"€ 34,69",Canada,4.31,Flying Monkeys Craft Brewery,17%,Barleywine - American,473ml,"€ 73,34 per litre"
The Chocolate Manifesto,"€ 12,99",Canada,4.12,Flying Monkeys Craft Brewery,10%,Stout - Imperial / Double Milk,Can 473ml,"€ 27,46 per litre"
The Chocolate Manifesto,"€ 8,49",Canada,4.12,Flying Monkeys Craft Brewery,10%,Stout - Imperial / Double Milk,473ml,"€ 17,95 per litre"
Péché Mortel,"€ 8,29",Canada,4.10,Brasserie Dieu du Ciel!,9.5%,Stout - Imperial / Double Coffee,Bottle 341ml,"€ 24,31 per litre"
Grande Cuvée Porter Baltique,"€ 16,49",Canada,4.10,LTM - Les Trois Mousquetaires,10%,Porter - Imperial / Double Baltic,Bottle 750ml,"€ 21,99 per litre"
IPA,"€ 6,99",Canada,3.97,LTM - Les Trois Mousquetaires,6%,IPA - American,473ml,"€ 14,78 per litre"
Moralité,"€ 7,99",Canada,3.96,Brasserie Dieu du Ciel!,6.9%,IPA - American,473ml,"€ 14,78 per litre"
Petite IPA,"€ 6,29",Canada,3.87,LTM - Les Trois Mousquetaires,4.6%,IPA - Session,,
Sour Citra,"€ 6,69",Canada,3.86,LTM - Les Trois Mousquetaires,5.2%,Sour - Other,,
Black IPA,"€ 6,99",Canada,3.83,LTM - Les Trois Mousquetaires,6.8%,IPA - Black / Cascadian Dark Ale,,
Dent De Requin,"€ 7,99",Canada,3.81,Brasserie Dieu du Ciel!,6.5%,IPA - American,473ml,"€ 16,89 per litre"
Grande Cuvée Doppelbock,"€ 16,49",Canada,3.81,LTM - Les Trois Mousquetaires,8.6%,Bock - Doppelbock,473ml,"€ 16,89 per litre"
"Ça Mon Ami, C'est Une Pinte!","€ 7,69",Canada,3.77,Brasserie Dieu du Ciel!,5%,Blonde / Golden Ale - Other,473ml,"€ 16,89 per litre"
IPA Blanche,"€ 6,99",Canada,3.76,LTM - Les Trois Mousquetaires,6%,IPA - White / Wheat,473ml,"€ 14,78 per litre"
Juicy Ass,"€ 6,29",Canada,3.75,Flying Monkeys Craft Brewery,6.5%,IPA - American,Can 473ml,"€ 13,30 per litre"
Disco Soleil,"€ 7,99",Canada,3.68,Brasserie Dieu du Ciel!,6.5%,IPA - Fruited,Can 473ml,"€ 13,30 per litre"
Réserve de Noël,"€ 17,29",Canada,3.68,LTM - Les Trois Mousquetaires,10.5%,Winter Warmer,Can 473ml,"€ 13,30 per litre"
Blanche du Paradis,"€ 7,69",Canada,3.67,Brasserie Dieu du Ciel!,5.5%,Wheat Beer - Witbier / Blanche,473ml,"€ 16,26 per litre"
Space Age Sunshine,"€ 8,49",Canada,3.66,Flying Monkeys Craft Brewery,11.6%,IPA - Quadruple,473ml,"€ 17,95 per litre"
Rosée d'Hibiscus,"€ 7,99",Canada,3.63,Brasserie Dieu du Ciel!,5.9%,Wheat Beer - Witbier / Blanche,Bottle 473ml,"€ 16,89 per litre"
Voyageur des Brumes,"€ 7,69",Canada,3.60,Brasserie Dieu du Ciel!,5.1%,Bitter - Extra Special / Strong (ESB),Bottle 473ml,"€ 16,26 per litre"
Maibock,"€ 6,29",Canada,3.57,LTM - Les Trois Mousquetaires,6.8%,Bock - Hell / Maibock / Lentebock,Bottle 473ml,"€ 16,26 per litre"
Gose,"€ 5,99",Canada,3.57,LTM - Les Trois Mousquetaires,3.8%,Sour - Traditional Gose,Bottle 473ml,"€ 16,26 per litre"
Oktoberfest,"€ 6,29",Canada,3.56,LTM - Les Trois Mousquetaires,6%,Märzen,Bottle 473ml,"€ 16,26 per litre"
Sentinelle,"€ 7,69",Canada,3.52,Brasserie Dieu du Ciel!,5.1%,Kölsch,473ml,"€ 16,26 per litre"
Blanche à La Mangue,"€ 6,29",Canada,3.50,LTM - Les Trois Mousquetaires,5%,Wheat Beer - Fruited,473ml,"€ 16,26 per litre"
Rousse,"€ 6,29",Canada,3.30,LTM - Les Trois Mousquetaires,5%,Lager - Vienna,473ml,"€ 16,26 per litre"
Blonde,"€ 6,29",Canada,3.23,LTM - Les Trois Mousquetaires,5%,Lager - Helles,,
Stu Mostów X Kompaan X Morpheus,"€ 3,70",Belgium,3.84,Brouwerij Alvinne,5%,Sour - Other,,
Stu Mostów X Morpheus ZuBREWka,"€ 3,00",Belgium,3.84,Brouwerij Alvinne,5%,Sour - Other,330ml,"€ 9,09 per litre"
Naka (仲),"€ 3,00",Belgium,3.77,Brouwerij Alvinne,5.5%,Sour - Other,330ml,"€ 9,09 per litre"
Plum & Smoked Beetroot,"€ 4,30",Belgium,3.66,Brouwerij Alvinne,5.5%,Smoked Beer,330ml,"€ 9,09 per litre"
Sticke Alt,"€ 6,29",Canada,3.57,LTM - Les Trois Mousquetaires,6%,Altbier - Sticke,330ml,"€ 9,09 per litre"
Tropic & Phantasm NEIPA,"€ 4,90",Netherlands,3.17,Brouwerij de Molen,7.5%,IPA - New England / Hazy,330ml,"€ 14,85 per litre"
Firestrata,"€ 5,90",Romania,4.05,Hop Hooligans,7%,IPA - Imperial / Double New England / Hazy,Can 330ml,"€ 17,88 per litre"
Leviathan,"€ 16,90",Denmark,4.48,Bad Seed Brewing,13%,Barleywine - English,330ml,"€ 51,21 per litre"
Grand Duc,"€ 11,90",Denmark,4.15,Bad Seed Brewing,14%,Stout - Imperial / Double,330ml,"€ 36,06 per litre"
Dark Reign,"€ 11,90",Denmark,4.13,Bad Seed Brewing,14%,Stout - Imperial / Double,330ml,"€ 36,06 per litre"
Adephagia,"€ 8,50",Denmark,3.92,Bad Seed Brewing,12%,Stout - Imperial / Double,330ml,"€ 25,76 per litre"
Christmas Unicorn (2024),"€ 5,50",Denmark,3.81,Bad Seed Brewing,6%,IPA - New England / Hazy,Can 440ml,"€ 12,50 per litre"
Nisseøl,"€ 6,90",Denmark,3.81,Bad Seed Brewing,9%,IPA - Imperial / Double,Can 440ml,"€ 15,68 per litre"
Death Crust,"€ 5,90",Denmark,3.77,Bad Seed Brewing,5.8%,IPA - New England / Hazy,Can 440ml,"€ 13,41 per litre"
Painkiller,"€ 4,90",Denmark,3.67,Bad Seed Brewing,5%,Pilsner - Other,Can 440ml,"€ 11,14 per litre"
Costa Pacifica '24 (2024),"€ 8,70",Netherlands,?,Brouwerij Bello,12.5%,Belgian Quadrupel,330ml,"€ 26,36 per litre"
Belle Fleur,"€ 3,15",Belgium,3.63,Brouwerij De Dochter van de Korenaar,6%,IPA - Belgian,330ml,"€ 9,55 per litre"
Hibernatus,"€ 3,05",Belgium,3.59,Brasserie Lupulus,9.5%,Winter Warmer,330ml,"€ 9,24 per litre"
Super Fractal Julia Set,"€ 10,95",United States,4.27,Equilibrium Brewery,10.5%,IPA - Triple,473ml,"€ 23,15 per litre"
Magick Nectar 2024,"€ 47,50",United States,4.40,3 Sons Brewing Co.,15%,Stout - Imperial / Double,500ml,"€ 95,00 per litre"
Off the Rack Paragon 2023 by Rackhouse,"€ 29,95",Norway,4.38,LERVIG,13.5%,Barleywine - Other,Bottle 750ml,"€ 39,93 per litre"
Earth Dance,"€ 7,25",Brazil,4.21,Cervejaria Fermi,8%,IPA - Imperial / Double New England / Hazy,Can 440ml,"€ 16,48 per litre"
All The Beautiful Things,"€ 7,25",Brazil,4.17,Cervejaria Escafandrista,8%,IPA - Imperial / Double New England / Hazy,Can 440ml,"€ 16,48 per litre"
Vieille Groseille (Old Ale),"€ 7,50",France,3.93,Brasserie La Malpolon,10%,Old / Stock Ale,330ml,"€ 22,73 per litre"
Fieldburner (Lager Pre Prohibition) PRE ORDER,"€ 15,00",United States,3.86,Tree House Brewing Company,5.5%,Lager - American Pre-Prohibition,330ml,"€ 22,73 per litre"
Aurach (Zoigl),"€ 8,75",Canada,3.74,Nano Cinco,5.1%,Historical Beer - Zoigl,473ml,"€ 18,50 per litre"
Orchestra of Angels,"€ 2,50",Netherlands,3.65,100 Watt Brewery,0.4%,IPA - New England / Hazy,330ml,"€ 7,58 per litre"
Marble Mild (Mild Dark),"€ 4,50",England,3.64,Marble Beers Ltd,4.1%,Mild - Dark,500ml,"€ 9,00 per litre"
Garde Fou (Biere de Garde),"€ 3,75",France,3.63,Brasserie La Malpolon,7.3%,Farmhouse Ale - Bière de Garde,330ml,"€ 11,36 per litre"
Road Trippin' (XPA),"€ 4,00",Northern Ireland,3.58,Bullhouse Brew Co,4%,Pale Ale - XPA (Extra Pale),Can 440ml,"€ 9,09 per litre"
Lush DIPA,"€ 4,95",Belgium,3.57,Dok Brewing Company,8%,IPA - American,Can 440ml,"€ 11,25 per litre"
Mad In Black,"€ 5,45",Hungary,3.44,Mad Scientist,5%,Pilsner - Other,Can 440ml,"€ 12,39 per litre"
Spitsbergen Weissbier,"€ 4,50",Norway,3.40,Svalbard Bryggeri,5.5%,Wheat Beer - Hefeweizen,330ml,"€ 13,64 per litre"
Steam Beer (California Common),"€ 3,95",Norway,3.32,Oslo Brewing Company,5%,California Common,330ml,"€ 11,97 per litre"
Bitter-Ballenbad (Bitter Best),"€ 2,99",Belgium,3.25,Dok Brewing Company,4.5%,Bitter - Best,330ml,"€ 9,06 per litre"
#4000,"€ 6,85",Netherlands,4.21,Brouwerij de Molen,14%,Belgian Quadrupel,330ml,"€ 20,76 per litre"
The Algorithm pt. 3,"€ 6,90",Netherlands,4.19,Uiltje Brewing Company,14.5%,Stout - Imperial / Double,330ml,"€ 20,76 per litre"
Lacerda (canned: 04-10-24),"€ 7,20",Spain,4.12,Garage Beer Co.,8.5%,IPA - Imperial / Double New England / Hazy,Can 440ml,"€ 16,36 per litre"
Blades of Steel 2 (canned: 10-10-24),"€ 6,80",Germany,4.11,Sudden Death Brewing Co.,6.5%,IPA - New England / Hazy,Can 440ml,"€ 15,45 per litre"
Grand Réserve 2024,"€ 24,95",Belgium,4.10,Bières de Chimay,10.5%,Belgian Strong Dark Ale,,
Birthday Juice,"€ 8,10",Romania,4.09,Hop Hooligans,10%,IPA - Triple New England / Hazy,500ml,"€ 16,20 per litre"
Barrel Series 019,"€ 11,05",Sweden,4.08,Nerdbrewing,11.5%,Stout - Imperial / Double,330ml,"€ 33,48 per litre"
Dragon Slayer,"€ 6,95",Greece,4.07,Seven Island Brewery,8%,IPA - Imperial / Double New England / Hazy,Can 440ml,"€ 15,80 per litre"
Dominion,"€ 4,65",Estonia,4.07,Pühaste Brewery,11%,Stout - Imperial / Double,330ml,"€ 14,09 per litre"
Wyrm Reaper,"€ 6,95",Greece,4.06,Seven Island Brewery,8%,IPA - Imperial / Double New England / Hazy,Can 440ml,"€ 15,80 per litre"
Firestrata,"€ 7,30",Romania,4.05,Hop Hooligans,8%,IPA - Imperial / Double New England / Hazy,Can 440ml,"€ 15,80 per litre"
Perfect Krush (canned: 01-10-24),"€ 5,55",Italy,3.98,CRAK Brewery,6.5%,IPA - American,330ml,"€ 16,82 per litre"
Maag,"€ 4,99",Estonia,3.97,Pühaste Brewery,12.5%,Barleywine - Other,330ml,"€ 15,12 per litre"
Downtime BA Campfire Toasted Marshmallow,"€ 11,30",Sweden,3.97,Nerdbrewing,11.3%,Stout - Imperial / Double,330ml,"€ 34,24 per litre"
Three Rules of Authentic Trappist,"€ 10,95",Netherlands,3.82,Bierbrouwerij De Koningshoeven,7.4%,Belgian Dubbel,Bottle 750ml,"€ 14,60 per litre"
Gingerman's Candy Cabin,"€ 8,15",Greece,3.80,Seven Island Brewery,11%,Stout - Imperial / Double Pastry,Can 440ml,"€ 18,52 per litre"
Hyper Fine (Mortalis collab),"€ 8,50",Spain,4.16,Garage Beer Co.,6%,Sour - Fruited Berliner Weisse,Can 440ml,"€ 19,32 per litre"
Lunala,"€ 6,95",Ireland,4.29,Lough Gill Brewery,14.8%,Stout - Imperial / Double,330ml,"€ 21,06 per litre"
Chongus,"€ 6,20",Ireland,4.17,Whiplash,10.8%,Stout - Imperial / Double,Can 440ml,"€ 14,09 per litre"
140 Years,"€ 8,50",Switzerland,4.25,Hoppy People,10%,IPA - Triple New England / Hazy,Can 440ml,"€ 19,32 per litre"
Tete De Mort Triple,"€ 2,85",Belgium,3.55,Brasserie du Bocq,8.1%,Belgian Tripel,330ml,"€ 8,64 per litre"
Breugem Manhug,"€ 3,35",Netherlands,3.38,Breugem Bier,5.7%,IPA - Other,330ml,"€ 10,15 per litre"
Blond,"€ 2,95",Netherlands,3.31,Grutte Pier Brouwerij,4.5%,Belgian Blonde,330ml,"€ 8,94 per litre"
Filibuster – New England IPA,"€ 6,25",Germany,4.05,Atelier der Braukünste,6.7%,IPA - New England / Hazy,Can 440ml,"€ 14,20 per litre"
Hopfenweizen,"€ 3,25",Germany,3.64,Brauerei Kundmüller,5.2%,Wheat Beer - Hopfenweisse,500ml,"€ 6,50 per litre"
Mirabellensäckel – Gose mit Mirabellen Collab Holystoner + Daubringer,"€ 3,95",Germany,3.55,Freigeist Bierkultur,4.2%,Sour - Fruited Gose,330ml,"€ 11,97 per litre"
Gloom,"€ 8,55",Finland,4.29,Revenant Brewing Project,10.1%,IPA - Triple New England / Hazy,330ml,"€ 11,97 per litre"
Jumbo King,"€ 6,95",England,4.28,Pentrich Brewing Co.,8.5%,IPA - Imperial / Double,Can 440ml,"€ 15,80 per litre"
HEX (canned: 14-10-24),"€ 7,95",Spain,4.27,SOMA Beer,10%,IPA - Triple New England / Hazy,Can 440ml,"€ 18,07 per litre"
Oseberg,"€ 20,50",Ireland,4.22,Lough Gill Brewery,13.4%,Stout - Imperial / Double,Bottle 750ml,"€ 27,33 per litre"
Lifebloom (canned: 30-09-34),"€ 8,65",Portugal,4.19,Ophiussa Brewing Co.,5%,Sour - Smoothie / Pastry,Can 440ml,"€ 19,66 per litre"
Yule M%&?!&k Bourbon Barrel Aged (2021),"€ 11,60",Denmark,4.18,To Øl,14.5%,Stout - Imperial / Double Milk,Can 440ml,"€ 19,66 per litre"
IRL (canned: 23-10-24),"€ 7,35",Spain,4.13,SOMA Beer,8%,IPA - Imperial / Double New England / Hazy,Can 440ml,"€ 16,70 per litre"
Rosa (canned: 17-09-24),"€ 8,65",Portugal,4.13,Ophiussa Brewing Co.,5%,Sour - Smoothie / Pastry,Can 440ml,"€ 19,66 per litre"
Planet On Wires,"€ 6,95",England,4.12,Pentrich Brewing Co.,8.3%,IPA - Imperial / Double,Can 440ml,"€ 15,80 per litre"
Don Quichot,"€ 4,70",Netherlands,4.07,Brouwerij Kees,14%,Barleywine - Other,330ml,"€ 14,24 per litre"
Sterrenstof (canned: 04-11-24),"€ 6,85",Finland,3.98,Revenant Brewing Project,8%,IPA - Imperial / Double New England / Hazy,Can 440ml,"€ 15,57 per litre"
Boltzmann Brain (canned: 22-08-24),"€ 6,60",England,3.92,Azvex Brewing Company,6.4%,IPA - New England / Hazy,Can 440ml,"€ 15,00 per litre"
Chardonnay 2023 (Volcanic Soul Serie),"€ 8,35",Spain,3.82,Poch's Cervesa Artesana,11.4%,Pilsner - Imperial / Double,330ml,"€ 25,30 per litre"
Canela Fina (Volcanic Soul Serie),"€ 6,90",Spain,3.81,Poch's Cervesa Artesana,10.1%,Stout - Imperial / Double,330ml,"€ 25,30 per litre"
Sextuple,"€ 8,80",Spain,3.81,Menno Oliver,10.1%,Stout - Imperial / Double,330ml,"€ 25,30 per litre"
Dongus,"€ 6,20",Ireland,4.12,Whiplash,10.5%,Stout - Imperial / Double Coffee,Can 440ml,"€ 14,09 per litre"
Maximum Sunshine,"€ 7,65",England,4.07,Neon Raptor Brewing Co.,8.4%,IPA - Imperial / Double New England / Hazy,Can 440ml,"€ 17,39 per litre"
Dingus,"€ 6,20",Ireland,4.00,Whiplash,11.4%,Stout - Imperial / Double,Can 440ml,"€ 14,09 per litre"
"Denim, Denim, Denim","€ 6,60",England,3.99,Neon Raptor Brewing Co.,6.2%,IPA - New England / Hazy,Can 440ml,"€ 15,00 per litre"
No No Noise,"€ 6,60",England,3.95,Neon Raptor Brewing Co.,6.5%,IPA - New England / Hazy,Can 440ml,"€ 15,00 per litre"
Slushasaurus Pineapple & Grapefruit,"€ 6,30",England,3.72,Neon Raptor Brewing Co.,5%,Sour - Fruited,Can 440ml,"€ 15,00 per litre"
Gueuze Selection Lambic 1999,"€ 86,05",Belgium,4.21,Belle-Vue,5.2%,Lambic - Gueuze,Bottle 750ml,"€ 114,73 per litre"
Hazy Discovery Zalec,"€ 5,50",Poland,3.85,Browar PINTA,6.5%,IPA - New England / Hazy,500ml,"€ 11,00 per litre"
Tiny Barrel Project Candy Man Scotch,"€ 9,95",Hungary,4.27,Mad Scientist,11%,Stout - Imperial / Double,330ml,"€ 30,15 per litre"
Thornbridge x Stone West Side Glory,"€ 4,05",England,3.73,Thornbridge Brewery,7%,IPA - American,Can 440ml,"€ 9,20 per litre"
Brewdog Post Punk,"€ 2,00",Scotland,3.54,BrewDog,5.4%,IPA - Fruited,330ml,"€ 6,06 per litre"
Hazy Discovery Transylvania,"€ 5,50",Poland,3.86,Browar PINTA,6.5%,IPA - New England / Hazy,500ml,"€ 11,00 per litre"
Péché Mortel,"€ 4,50",Canada,4.10,Brasserie Dieu du Ciel!,9.5%,Stout - Imperial / Double Coffee,Bottle 341ml,"€ 13,20 per litre"
Saison Du Pinacle,"€ 12,60",Canada,3.79,Brasserie Dunham,6.5%,Farmhouse Ale - Saison,Bottle 750ml,"€ 16,80 per litre"
Naked,"€ 3,40",Germany,3.13,BRLO,0.5%,Non-Alcoholic - Pale Ale,330ml,"€ 10,30 per litre"
Blessed (2024),"€ 77,99",United States,4.75,Anchorage Brewing Company,16%,Stout - Imperial / Double,330ml,"€ 10,30 per litre"
Seven Seas Of Rye Fiji Rum BA,"€ 8,25",Estonia,4.01,Anderson's Craft Beer,12%,Stout - Imperial / Double,330ml,"€ 25,00 per litre"
The Omen vol. 2,"€ 6,00",Poland,3.95,TankBusters.Co,7.4%,IPA - Black / Cascadian Dark Ale,500ml,"€ 12,00 per litre"
Keep dreaming,"€ 5,60",Hungary,4.10,Brew Your Mind,7%,IPA - American,Can 440ml,"€ 12,73 per litre"
Fruit Works Raspberry - Blueberry - Blackberry,"€ 6,64",Hungary,4.01,Brew Your Mind,5.5%,Sour - Fruited,Can 440ml,"€ 15,09 per litre"
Apple Of The God,"€ 4,77",Hungary,3.75,Etyeki Sörmanufaktúra,6%,Sour - Fruited,330ml,"€ 14,45 per litre"
Hepworth Thomas Hardy's Ale 2024,"€ 8,00",England,4.09,Hepworth & Co,11.3%,Barleywine - English,Bottle 250ml,"€ 32,00 per litre"
Hepworth Thomas Hardy's Ale The Historical Vintage 2024,"€ 8,40",England,4.06,Hepworth & Co,11.3%,Barleywine - English,Bottle 250ml,"€ 33,60 per litre"
Yule Malt (2024),"€ 11,70",Denmark,3.99,To Øl,12.3%,Stout - Imperial / Double Milk,Bottle 375ml,"€ 31,20 per litre"
To Øl x Wylam Consonance 1019,"€ 6,00",Denmark,3.71,To Øl,5.5%,Pale Ale - New England / Hazy,Can 440ml,"€ 13,64 per litre"
Pére Noël (2024),"€ 3,75",Belgium,3.69,Brouwerij De Ranke,7%,Winter Ale,330ml,"€ 11,36 per litre"
t IJ IJndejaars 2024,"€ 3,75",Netherlands,3.60,Brouwerij 't IJ,9%,Winter Ale,330ml,"€ 11,36 per litre"
Kerstmus (2024),"€ 12,95",Netherlands,3.54,Bird Brewery,8%,Belgian Tripel,Bottle 750ml,"€ 17,27 per litre"
Apres Kievit,"€ 3,95",Netherlands,3.47,Bird Brewery,8.6%,Winter Ale,330ml,"€ 11,97 per litre"
Stroopwafel Stout,"€ 3,25",Netherlands,3.29,Two Chefs Brewing,6%,Stout - American,330ml,"€ 9,85 per litre"
Winterbinkske 2024,"€ 3,75",Belgium,?,Brouwerij Kerkom,8.3%,Winter Ale,330ml,"€ 11,36 per litre"
Ice Breaker (2024),"€ 3,25",Netherlands,?,Stadshaven Brouwerij,8.5%,Winter Ale,330ml,"€ 9,85 per litre"
Giotto 2023,"€ 12,95",Italy,4.44,CRAK Brewery,12%,Stout - Pastry,Bottle 375ml,"€ 34,53 per litre"
Hop Hooligans Sharpest Knife In the Drawer,"€ 8,95",Greece,4.43,P.i.g.s. Brewery,6%,Sour - Smoothie / Pastry,500ml,"€ 17,90 per litre"
The Algorithm Pt. 3,"€ 7,50",Netherlands,4.19,Uiltje Brewing Company,14.5%,Stout - Imperial / Double,330ml,"€ 22,73 per litre"
Evil Dead 2 (2024),"€ 9,50",England,4.16,Rivington Brewing Co,8%,IPA - Imperial / Double,500ml,"€ 19,00 per litre"
Birthday Juice,"€ 8,50",Romania,4.09,Hop Hooligans,10%,IPA - Triple New England / Hazy,500ml,"€ 17,00 per litre"
Firestrata,"€ 7,95",Romania,4.05,Hop Hooligans,8%,IPA - Imperial / Double New England / Hazy,500ml,"€ 15,90 per litre"
VNDL Pistache,"€ 12,50",France,4.05,Vendale,12%,Grape Ale - Other,Bottle 750ml,"€ 16,67 per litre"
Piece of Cake 'Rocky Road',"€ 5,50",Netherlands,4.04,Brouwerij Frontaal,10%,Stout - Imperial / Double Pastry,330ml,"€ 16,67 per litre"
Crawling Distance V2,"€ 7,95",Romania,4.03,Hop Hooligans,8%,IPA - Imperial / Double New England / Hazy,500ml,"€ 15,90 per litre"
For the Love of Hops 'Scarlet',"€ 6,95",Netherlands,4.03,Brouwerij Frontaal,9.5%,IPA - Triple New England / Hazy,Can 440ml,"€ 15,80 per litre"
VNDL Tinto,"€ 11,95",France,3.73,Vendale,11%,Grape Ale - Other,Bottle 750ml,"€ 15,93 per litre"
Cloudwater - MCI : Black Forest Gateau Edition,"€ 15,90",UK,3.73,Cloudwater,11%,Grape Ale - Other,Can 440ml,"€ 36,14 per litre"
What Dreams Are Made of,"€ 7,29",England,4.17,Verdant Brewing Co,8.4%,IPA - Imperial / Double New England / Hazy,Can 440ml,"€ 16,57 per litre"
Color Cascade,"€ 6,69",Germany,4.05,Blech.Brut,6.5%,IPA - New England / Hazy,Can 440ml,"€ 15,20 per litre"
Val-Dieu Bourbon Du Val-Dieu 2024,"€ 27,50",Belgium,4.15,Brasserie de l'Abbaye du Val-Dieu,13.7%,Belgian Strong Golden Ale,Bottle 750ml,"€ 36,67 per litre"
Astral Grains,"€ 4,50",Ireland,3.81,LINEMAN,7.2%,Stout - Foreign / Export,Can 440ml,"€ 10,23 per litre"
Val-Dieu Bière de Noël,"€ 6,95",Belgium,3.55,Brasserie de l'Abbaye du Val-Dieu,7%,Winter Warmer,Bottle 750ml,"€ 9,27 per litre"
Val-Dieu Bière de Noël,"€ 2,95",Belgium,3.55,Brasserie de l'Abbaye du Val-Dieu,7%,Winter Warmer,330ml,"€ 8,94 per litre"
Golden Spear Blonde,"€ 4,75",Ireland,3.54,Killarney Brewing Company,4.8%,Blonde / Golden Ale - Other,500ml,"€ 9,50 per litre"
De Weekbreker,"€ 3,30",Netherlands,3.51,Brewery42,10%,Belgian Tripel,330ml,"€ 10,00 per litre"
Abbaye du Lys Triple,"€ 9,95",France,3.48,Brasserie Goudale - Les Brasseurs de Gayant,7.9%,Belgian Tripel,Bottle 750ml,"€ 13,27 per litre"
Gordon Xmas Ale,"€ 2,95",Belgium,3.41,Brewery John Martin & Brewery Timmermans,8.8%,Scotch Ale / Wee Heavy,330ml,"€ 8,94 per litre"
Val-Dieu Fruitée,"€ 2,95",Belgium,3.31,Brasserie de l'Abbaye du Val-Dieu,9%,Fruit Beer,330ml,"€ 8,94 per litre"
Val-Dieu Excellence Du Val-Dieu Rhum Oak Barrel Aged (2024),"€ 27,50",Belgium,4.00,Brasserie de l'Abbaye du Val-Dieu,14%,Belgian Strong Dark Ale,Bottle 750ml,"€ 36,67 per litre"
Bourbon Barrel Aged Export Stout,"€ 16,75",Ireland,3.97,Killarney Brewing Company,8.7%,Stout - Foreign / Export,Bottle 750ml,"€ 22,33 per litre"
Kismet,"€ 9,50",Ireland,3.95,LINEMAN,11.5%,Strong Ale - Other,500ml,"€ 19,00 per litre"
Fluid Dynamic,"€ 4,50",Ireland,3.65,LINEMAN,4.8%,Pale Ale - XPA (Extra Pale),Can 440ml,"€ 10,23 per litre"
Christmas In Killarney,"€ 4,95",Ireland,3.50,Killarney Brewing Company,6.7%,Belgian Dubbel,500ml,"€ 9,90 per litre"
Gordon Xmas Ale,"€ 11,50",Belgium,3.41,Brewery John Martin & Brewery Timmermans,8.8%,Scotch Ale / Wee Heavy,Bottle 750ml,"€ 15,33 per litre"
Zundert Trappist 10,"€ 6,70",Netherlands,3.74,Trappistenbrouwerij de Kievit B.V.,10%,Belgian Quadrupel,Bottle 330ml,"€ 20,30 per litre"
Zundert Trappist 8,"€ 5,20",Netherlands,3.65,Trappistenbrouwerij de Kievit B.V.,8%,Belgian Tripel,Bottle 330ml,"€ 15,76 per litre"
Schlenkerla Eiche Doppelbock,"€ 6,20",Germany,3.72,"Schlenkerla (""Heller-Bräu"" Trum)",8%,Rauchbier,Bottle 500ml,"€ 12,40 per litre"
Troubadour Westkust,"€ 2,70",Belgium,3.56,Brouwerij The Musketeers,8.6%,IPA - Imperial / Double Black,Bottle 500ml,"€ 12,40 per litre"
Kaintz Modern Tripel,"€ 3,65",Netherlands,3.46,Brouwerij Poesiat & Kater,8%,Belgian Tripel,Can 330ml,"€ 11,06 per litre"
Père Noël,"€ 7,95",Belgium,3.45,Brouwerij De Ranke,7%,Winter Ale,Bottle 750ml,"€ 10,60 per litre"
Double Bie,"€ 2,75",Belgium,3.09,Brouwerij De Bie,6%,Belgian Dubbel,330ml,"€ 8,33 per litre"
Arpus 7 Year Anniversary Smoothie Sour Ale,"€ 6,90",Latvia,4.30,Ārpus Brewing Co.,4.5%,Sour - Smoothie / Pastry,Can 440ml,"€ 15,68 per litre"
Arpus 7 Year Anniversary Barrel Aged Imperial Stout,"€ 10,60",Latvia,4.25,Ārpus Brewing Co.,13%,Stout - Imperial / Double Pastry,Can 440ml,"€ 24,09 per litre"
Arpus 7 Year Anniversary Coconut IPA,"€ 5,80",Latvia,4.02,Ārpus Brewing Co.,6.8%,IPA - Fruited,Can 440ml,"€ 13,18 per litre"
Arpus 7 Year Anniversary Bloody Mary Smoothie Sour Ale,"€ 6,95",Latvia,3.63,Ārpus Brewing Co.,6%,Sour - Tomato / Vegetable Gose,Can 440ml,"€ 15,80 per litre"
Solara X Range Brewing,"€ 9,50",England,4.36,Track Brewing Company,8.4%,IPA - Imperial / Double,Can 440ml,"€ 21,59 per litre"
Shinryu,"€ 6,00",England,3.82,Gravity Well Brewing Co,6.5%,IPA - American,Can 440ml,"€ 13,64 per litre"
Local Group,"€ 6,00",England,3.97,Gravity Well Brewing Co,6.2%,IPA - New England / Hazy,Can 440ml,"€ 13,64 per litre"
Oerbier,"€ 5,70",Belgium,3.71,Brouwerij De Dolle Brouwers,9%,Belgian Strong Dark Ale,330ml,"€ 17,27 per litre"
Salvator,"€ 3,70",Germany,3.60,Paulaner Brauerei,7.9%,Bock - Doppelbock,330ml,"€ 11,21 per litre"
Munich Hell Lager 33cl,"€ 2,80",Germany,3.45,Paulaner Brauerei,4.9%,Lager - Helles,330ml,"€ 8,48 per litre"
Holy Mountain 2024,"€ 8,20",Scotland,4.43,Holy Goat Brewing,6.2%,Sour - Fruited,Bottle 375ml,"€ 21,87 per litre"
Foehammer 2024,"€ 11,40",Scotland,4.26,Holy Goat Brewing,11.2%,Stout - Imperial / Double,Can 440ml,"€ 25,91 per litre"
Samichlaus Barrique 2022,"€ 9,90",Austria,4.25,Schloss Eggenberg,14%,Bock - Doppelbock,Bottle 330ml,"€ 30,00 per litre"
Samichlaus Classic 2024,"€ 8,40",Austria,4.23,Schloss Eggenberg,14%,Bock - Doppelbock,Bottle 330ml,"€ 25,45 per litre"
Cult Of Arduinna,"€ 8,20",Scotland,3.94,Holy Goat Brewing,8.4%,Sour - Flanders Red Ale,Bottle 375ml,"€ 21,87 per litre"
Damnation IPA V4,"€ 7,20",Scotland,3.88,Holy Goat Brewing,6%,IPA - American,Can 440ml,"€ 16,36 per litre"
Salted Caramel Tonkoko,"€ 4,40",England,3.85,Brew York,4.3%,Stout - Milk / Sweet,Can 440ml,"€ 10,00 per litre"
Hop Sessions 013,"€ 4,50",England,3.63,Brew York,4.2%,IPA - New England / Hazy,Can 440ml,"€ 10,23 per litre"
Rhubarbra Streisand,"€ 4,20",England,3.58,Brew York,5.5%,Pale Ale - Fruited,Can 440ml,"€ 9,55 per litre"
Liquid Gold,"€ 4,50",England,3.55,Brew York,5.4%,IPA - New England / Hazy,Can 440ml,"€ 10,23 per litre"
Labyrinth,"€ 6,00",England,3.78,Drop Project,6%,IPA - New England / Hazy,Can 440ml,"€ 13,64 per litre"
Do Not Eat the Yellow Snow,"€ 5,49",Netherlands,3.64,Uiltje Brewing Company,8.9%,IPA - Imperial / Double,Can 440ml,"€ 12,48 per litre"
Greengage 2023,"€ 20,40",England,4.00,Balance Brewing & Blending,6.5%,Wild Ale - Other,Bottle 750ml,"€ 27,20 per litre"
Bazooko Circus,"€ 8,29",Spain,4.15,Garage Beer Co.,10%,IPA - Triple New England / Hazy,Can 440ml,"€ 18,84 per litre"
Lacerda,"€ 7,49",Spain,4.12,Garage Beer Co.,8.5%,IPA - Imperial / Double New England / Hazy,Can 440ml,"€ 17,02 per litre"
Mint 400,"€ 6,99",Spain,4.09,Garage Beer Co.,7.2%,IPA - New England / Hazy,Can 440ml,"€ 15,89 per litre"
Dominion,"€ 4,99",Estonia,4.07,Pühaste Brewery,11%,Stout - Imperial / Double,330ml,"€ 15,12 per litre"
Beans & Biscuits,"€ 4,79",Estonia,4.06,Pühaste Brewery,9%,Stout - Imperial / Double Pastry,330ml,"€ 14,52 per litre"
Spectrum Shift,"€ 5,79",Estonia,4.05,Pühaste Brewery,10%,IPA - Triple New England / Hazy,330ml,"€ 17,55 per litre"
Chariot of Helios,"€ 7,99",England,4.03,Azvex Brewing Company,8%,IPA - Imperial / Double New England / Hazy,Can 440ml,"€ 18,16 per litre"
Maag,"€ 4,99",Estonia,3.97,Pühaste Brewery,12.5%,Barleywine - Other,330ml,"€ 15,12 per litre"
Bonito Del Norte,"€ 6,49",Spain,3.96,Basqueland Brewing,6.2%,IPA - New England / Hazy,Can 440ml,"€ 14,75 per litre"
Sèxtuple,"€ 9,29",Spain,3.96,Poch's Cervesa Artesana,11%,Barleywine - Other,330ml,"€ 28,15 per litre"
Pistache,"€ 12,49",France,3.93,Prizm Brewing Co.,12%,IPA - Imperial / Double New England / Hazy,Bottle 750ml,"€ 16,65 per litre"
Boltzmann Brain,"€ 6,79",England,3.92,Azvex Brewing Company,6.4%,IPA - New England / Hazy,Can 440ml,"€ 15,43 per litre"
Wairua,"€ 4,99",Estonia,3.91,Pühaste Brewery,8%,IPA - Imperial / Double New England / Hazy,330ml,"€ 15,12 per litre"
Raoul Duke,"€ 6,79",Spain,3.91,Garage Beer Co.,7.4%,IPA - American,Can 440ml,"€ 15,43 per litre"
Cymatic Sand,"€ 6,49",England,3.91,Azvex Brewing Company,6.5%,IPA - New England / Hazy,Can 440ml,"€ 14,75 per litre"
Chardonnay Volcanic Soul Series,"€ 8,79",Spain,3.82,Poch's Cervesa Artesana,11.4%,Pilsner - Imperial / Double,330ml,"€ 26,64 per litre"
Sarvik,"€ 3,49",Estonia,3.79,Pühaste Brewery,8%,Bock - Doppelbock,330ml,"€ 10,58 per litre"
Bramble On,"€ 6,79",Spain,3.72,Basqueland Brewing,5.7%,Sour - Fruited,Can 440ml,"€ 15,43 per litre"
Tinto,"€ 11,99",France,3.72,Prizm,11%,Grape Ale - Other,Bottle 750ml,"€ 15,99 per litre"
Straffe Hendrik Xmas Blend,"€ 22,80",Belgium,3.87,Brouwerij De Halve Maan,11%,Winter Ale,Bottle 750ml,"€ 30,40 per litre"
Delirium Christmas (750ml),"€ 13,50",Belgium,3.76,Delirium - Huyghe Brewery,10%,Winter Ale,Bottle 750ml,"€ 18,00 per litre"
Christmas Shake,"€ 10,80",Sweden,3.69,Omnipollo,7.5%,IPA - Imperial / Double Milkshake,Can 440ml,"€ 24,55 per litre"
Delirium Barrel Aged Sour Blond (750ml),"€ 27,90",Belgium,3.64,Delirium - Huyghe Brewery,10.8%,Sour - Other,Bottle 750ml,"€ 37,20 per litre"
Oaked Vintermust Sour,"€ 4,80",Sweden,3.28,Omnipollo,0.3%,Non-Alcoholic - Sour,Can 330ml,"€ 14,55 per litre"
Stille Nacht 2024,"€ 9,00",Belgium,4.11,Brouwerij De Dolle Brouwers,12%,Belgian Strong Golden Ale,Bottle 330ml,"€ 27,27 per litre"
De La Senne Schieve X-mas,"€ 5,10",Belgium,3.64,Brasserie de la Senne,8%,Winter Ale,Bottle 330ml,"€ 15,45 per litre"
Troubadour Winter,"€ 5,90",Belgium,3.54,Brouwerij The Musketeers,9.99%,Winter Ale,Bottle 330ml,"€ 17,88 per litre"
Père Noël,"€ 4,40",Belgium,3.45,Brouwerij De Ranke,7%,Winter Ale,Bottle 330ml,"€ 13,33 per litre"
Scorpion Kick,"€ 7,79",Spain,4.12,Oso Brew Co,6.5%,IPA - New England / Hazy,Can 440ml,"€ 17,70 per litre"
Personal Best,"€ 7,19",Spain,4.02,Oso Brew Co,5.5%,IPA - New England / Hazy,Can 440ml,"€ 16,34 per litre"
Double Top,"€ 8,99",Spain,3.97,Oso Brew Co,8.5%,IPA - Imperial / Double New England / Hazy,Can 440ml,"€ 20,43 per litre"
Liquid Jazz,"€ 7,79",Spain,3.85,Oso Brew Co,6.5%,Sour - Fruited Berliner Weisse,Can 440ml,"€ 17,70 per litre"
Hercules,"€ 6,29",Spain,3.83,Oso Brew Co,4.8%,Stout - English,Can 440ml,"€ 14,30 per litre"
Ogham,"€ 6,95",Ireland,4.33,Lough Gill Brewery,14.8%,Stout - Imperial / Double,330ml,"€ 21,06 per litre"
Lunula,"€ 6,95",Ireland,4.29,Lough Gill Brewery,14.8%,Stout - Imperial / Double,330ml,"€ 21,06 per litre"
Spear,"€ 6,95",Ireland,4.09,Lough Gill Brewery,13%,Stout - Imperial / Double Oatmeal,330ml,"€ 21,06 per litre"
Tara,"€ 6,95",Ireland,3.74,Lough Gill Brewery,12%,Stout - Imperial / Double,330ml,"€ 21,06 per litre"
Horizont Night Shift 2024 BA Meggyes-Mákos Imperial Milk Porter,"€ 11,60",Hungary,4.18,HORIZONT Brewing,11%,Porter - Imperial / Double,330ml,"€ 35,15 per litre"
Baskwadder Dubbel Whisky Barrel Aged,"€ 2,75",Belgium,3.48,Brouwerij Leysen,7.8%,Belgian Dubbel,330ml,"€ 35,15 per litre"
Runxter Sun,"€ 2,60",Belgium,3.14,Brouwerij Donbosvalk,6.2%,Belgian Blonde,330ml,"€ 35,15 per litre"
Runxter Stout,"€ 2,50",Belgium,2.83,Brouwerij Donbosvalk,6.6%,Stout - Irish Dry,330ml,"€ 35,15 per litre"
Gouden Carolus Whisky,"€ 4,25",Belgium,4.00,Brouwerij Het Anker,11.7%,Belgian Strong Dark Ale,330ml,"€ 12,88 per litre"
On Tour #5,"€ 5,90",Belgium,?,Fugu Brewing Co.,7%,IPA - Milkshake,Can 440ml,"€ 13,41 per litre"
Christmas Ale,"€ 2,95",Belgium,3.68,Brouwerij Corsendonk,8.1%,Winter Ale,330ml,"€ 8,94 per litre"
Bon Secours Noël,"€ 2,90",Belgium,3.48,Brasserie Caulier,9%,Winter Ale,330ml,"€ 8,79 per litre"
Père Noël,"€ 2,55",Belgium,3.45,Brouwerij De Ranke,7%,Winter Ale,330ml,"€ 7,73 per litre"
Winter Bie,"€ 2,30",Belgium,3.34,Brouwerij De Bie,8%,Winter Warmer,330ml,"€ 6,97 per litre"
Kerstbier,"€ 2,75",Netherlands,3.30,Brouwerij Klein Duimpje,8.5%,Winter Warmer,330ml,"€ 6,97 per litre"
Forehead,"€ 3,90",Romania,?,Bereta Brewing Co.,6.8%,IPA - American,Can 440ml,"€ 8,86 per litre"
Rochefort 10,"€ 3,60",Belgium,4.05,Abbaye Notre-Dame de Saint-Rémy,11.3%,Belgian Quadrupel,330ml,"€ 10,91 per litre"
Rochefort 8,"€ 2,95",Belgium,3.85,Abbaye Notre-Dame de Saint-Rémy,9.2%,Belgian Strong Dark Ale,330ml,"€ 8,94 per litre"
Westmalle Trappist Tripel,"€ 2,85",Belgium,3.81,Brouwerij der Trappisten van Westmalle,9.5%,Belgian Tripel,330ml,"€ 8,64 per litre"
Straffe Hendrik Brugs Tripel Bier,"€ 3,10",Belgium,3.76,Brouwerij De Halve Maan,9%,Belgian Tripel,330ml,"€ 9,39 per litre"
Zundert 10,"€ 2,99",Netherlands,3.74,Trappistenbrouwerij de Kievit B.V.,10%,Belgian Quadrupel,330ml,"€ 9,06 per litre"
Gouden Carolus Classic,"€ 2,40",Belgium,3.73,Brouwerij Het Anker,8.5%,Belgian Strong Dark Ale,330ml,"€ 7,27 per litre"
Delirium Argentum,"€ 2,75",Belgium,3.60,Delirium - Huyghe Brewery,7%,IPA - Belgian,330ml,"€ 8,33 per litre"
Schuppenboer Maxima,"€ 3,75",Belgium,3.54,Brouwerij Het Nest,14%,Belgian Strong Golden Ale,330ml,"€ 11,36 per litre"
Kwaremont Blond,"€ 2,50",Belgium,3.49,Brouwerij De Brabandere,6.6%,Belgian Blonde,330ml,"€ 7,58 per litre"
Brouwerij de Klep Wit Gold,"€ 3,70",Netherlands,3.47,Brouwerij De Klep,5.8%,Belgian Blonde,330ml,"€ 11,21 per litre"
Brouwerij de Klep Paeterke Döbbel,"€ 3,40",Netherlands,3.44,Brouwerij De Klep,7%,Belgian Dubbel,330ml,"€ 10,30 per litre"
Gueuze,"€ 1,85",Belgium,3.41,Brouwerij Lindemans,5%,Lambic - Gueuze,Bottle 250ml,"€ 7,40 per litre"
Brouwerij de Klep Ôzze Alt,"€ 3,60",Netherlands,3.25,Brouwerij De Klep,4.8%,Altbier - Traditional,330ml,"€ 10,91 per litre"
Bon Secours De Noël,"€ 3,40",Belgium,3.48,Brasserie Caulier,9%,Winter Ale,330ml,"€ 10,30 per litre"
Winter Warmer,"€ 4,50",Sweden,3.40,Poppels Bryggeri,7.8%,Winter Warmer,330ml,"€ 13,64 per litre"
De Pimpelmeesch Kerst Snol,"€ 3,75",Netherlands,3.32,Dorpsbrouwerij de Pimpelmeesch,8.5%,Winter Ale,330ml,"€ 11,36 per litre"
Gutenberg Bock Barrel Aged,"€ 8,90",Germany,3.98,KUEHN KUNZ ROSEN,9%,Bock - Doppelbock,330ml,"€ 26,97 per litre"
Friends- NEIPA Sour,"€ 14,90",Austria,3.96,Brauerei Hofstetten,6.9%,IPA - Sour,330ml,"€ 45,15 per litre"
Offenbarung Barrel Aged,"€ 8,90",Germany,3.93,KUEHN KUNZ ROSEN,10.5%,Barleywine - Other,330ml,"€ 26,97 per litre"
Friends -NEIPA,"€ 4,50",Austria,3.79,Brauerei Hofstetten,10.5%,Freeze-Distilled Beer,330ml,"€ 13,64 per litre"
Schrille Nacht,"€ 3,90",Germany,3.63,KUEHN KUNZ ROSEN/ Schwarze Rose,6.8%,IPA - Other,330ml,"€ 11,82 per litre"
Hofstettner Saphir,"€ 3,70",Austria,3.62,Brauerei Hofstetten,7.4%,Bock - Hell / Maibock / Lentebock,330ml,"€ 11,21 per litre"
Mystique IPA,"€ 3,90",Germany,3.61,KUEHN KUNZ ROSEN,7%,IPA - American,330ml,"€ 11,82 per litre"
Bio- Zwicklbock,"€ 3,50",Austria,3.58,Brauerei Hofstetten,7.4%,Bock - Single / Traditional,330ml,"€ 10,61 per litre"
Granitbock,"€ 3,90",Austria,3.58,Brauerei Hofstetten,7.3%,Historical Beer - Steinbier,330ml,"€ 11,82 per litre"
Granit,"€ 2,90",Austria,3.56,Brauerei Hofstetten,5.5%,Lager - Vienna,330ml,"€ 8,79 per litre"
Kerlig hell,"€ 3,50",Germany,3.51,KUEHN KUNZ ROSEN,5.2%,Lager - IPL (India Pale Lager),330ml,"€ 10,61 per litre"
Eichhorn ProBier Paket,"€ 29,00",Germany,3.44,Braumanufaktur Hertl,5.7%,Festbier,500ml,"€ 58,00 per litre"
Kuehnes Blondes,"€ 3,50",Germany,3.36,KUEHN KUNZ ROSEN,4.9%,Wheat Beer - Witbier / Blanche,330ml,"€ 10,61 per litre"
Aventinus Eisbock Tap 09 – Eisbock,"€ 3,25",Germany,3.79,Schneider Weisse G. Schneider & Sohn,12%,Bock - Eisbock,330ml,"€ 9,85 per litre"
Pumpkin Spice Sour,"€ 4,10",Poland,3.90,Browar Stu Mostów,6.9%,Sour - Fruited,Bottle 500ml,"€ 8,20 per litre"
Pszeniczny,"€ 2,70",Poland,3.49,WRCLW,5%,Wheat Beer - Hefeweizen,Bottle 500ml,"€ 5,40 per litre"
Pszeniczny,"€ 48,60",Poland,3.49,WRCLW,5%,Wheat Beer - Hefeweizen,20-pack,"Total price: € 48,60"
Pszeniczny - karton 20 szt.,"€ 48,60",Poland,3.49,WRCLW,5%,Wheat Beer - Hefeweizen,20-pack,"Total price: € 48,60"
Pszeniczny,"€ 20,10",Poland,3.49,WRCLW,5%,Wheat Beer - Hefeweizen,,
IPA,"€ 1,90",Poland,3.35,Browar Fortuna,7%,IPA - Imperial / Double New England / Hazy,Bottle 500ml,"€ 3,80 per litre"
Noa Pecan Mud Cake Stout,"€ 8,40",Sweden,4.19,Omnipollo,11%,Stout - Imperial / Double Pastry,Bottle 500ml,"€ 3,80 per litre"
Millésime 2023 Oude Schaarbeekse Kriek,"€ 11,85",Belgium,4.04,Brouwerij Boon,6.5%,Lambic - Kriek,Bottle 750ml,"€ 15,80 per litre"
Westvleteren 8,"€ 5,95",Belgium,4.18,Brouwerij De Sint-Sixtusabdij van Westvleteren,8%,Belgian Dubbel,330ml,"€ 18,03 per litre"
Westvleteren Blond,"€ 4,95",Belgium,4.01,Brouwerij De Sint-Sixtusabdij van Westvleteren,5.8%,Belgian Blonde,330ml,"€ 15,00 per litre"
Steenuilke,"€ 2,65",Belgium,3.46,Brouwerij De Ryck,6.5%,Spiced / Herbed Beer,Bottle 330ml,"€ 8,03 per litre"
NOA Pecan Mud Cake Stout,"€ 9,30",Sweden,4.19,Omnipollo,11%,Stout - Imperial / Double Pastry,330ml,"€ 28,18 per litre"
Blueprint (Enigma),"€ 9,30",Netherlands,4.13,Folkingebrew,8.5%,IPA - Imperial / Double New England / Hazy,Can 440ml,"€ 21,14 per litre"
Harvest Time,"€ 10,00",Netherlands,4.12,Folkingebrew,10%,IPA - Triple New England / Hazy,Can 440ml,"€ 22,73 per litre"
Blueprint (Galaxy),"€ 9,30",Netherlands,4.12,Folkingebrew,8.5%,IPA - Imperial / Double New England / Hazy,Can 440ml,"€ 21,14 per litre"
World in a World,"€ 9,30",Netherlands,3.98,Folkingebrew,7%,IPA - Sour,Can 440ml,"€ 21,14 per litre"
Mirage,"€ 9,30",Netherlands,3.89,Folkingebrew,5%,IPA - Sour,Can 440ml,"€ 21,14 per litre"
Lindenhardter Bockbier,"€ 2,30",Germany,3.60,Brauerei Kürzdörfer,6.8%,Bock - Single / Traditional,500ml,"€ 4,60 per litre"
Held Weizenbock,"€ 2,10",Germany,3.57,Held Bräu,6.9%,Bock - Weizenbock,500ml,"€ 4,20 per litre"
Dunkel,"€ 1,90",Germany,3.52,Brauerei Reichold,5.2%,Lager - Munich Dunkel,500ml,"€ 3,80 per litre"
Krug Bockbier,"€ 2,10",Germany,3.48,Krug-Bräu,6.8%,Bock - Single / Traditional,500ml,"€ 4,20 per litre"
Hübner Festbier,"€ 2,10",Germany,3.47,Hübner Bräu Steinfeld,5.5%,Festbier,500ml,"€ 4,20 per litre"
Held Festbier,"€ 2,00",Germany,3.44,Held Bräu,5.3%,Festbier,500ml,"€ 4,00 per litre"
London Black Nitro,"€ 7,50",England,3.77,Anspach & Hobday,4.4%,Porter - English,Can 440ml,"€ 17,05 per litre"
Michaeli Märzen,"€ 19,99",Germany,3.78,Brauhaus Riegele,6%,Märzen,Bottle 750ml,"€ 26,65 per litre"
Tama Imperial Salted Caramel & Chocolate Biscuit Stout,"€ 5,99",Croatia,3.94,The Garden Brewery,8.1%,Stout - Imperial / Double Pastry,Can 440ml,"€ 13,61 per litre"
Oseka Hazy IPA,"€ 5,99",Croatia,3.83,The Garden Brewery,6.2%,IPA - New England / Hazy,Can 440ml,"€ 13,61 per litre"
Lübi Premium Extra Pale Ale,"€ 5,69",Germany,3.80,Sudden Death Brewing Co.,5.5%,Pale Ale - XPA (Extra Pale),Can 440ml,"€ 12,93 per litre"
Obala New England Pale Ale,"€ 5,79",Croatia,3.79,The Garden Brewery,4.7%,Pale Ale - New England / Hazy,Can 440ml,"€ 13,16 per litre"
Milkshake IPA,"€ 4,19",Croatia,3.77,The Garden Brewery,6.2%,IPA - Milkshake,330ml,"€ 12,70 per litre"
"Dolina Imperial Blueberry, Lemon & Vanilla Sour","€ 5,99",Croatia,3.67,The Garden Brewery,7.1%,Sour - Fruited,Can 440ml,"€ 13,61 per litre"
Shuma IPA,"€ 3,89",Croatia,3.61,The Garden Brewery,6%,IPA - American,330ml,"€ 11,79 per litre"
Lübecker Zwickel,"€ 4,49",Germany,3.61,Sudden Death Brewing Co.,4.8%,Kellerbier / Zwickelbier,Can 440ml,"€ 10,20 per litre"
Lübecker Helles,"€ 4,49",Germany,3.57,Sudden Death Brewing Co.,4.8%,Lager - Helles,Can 440ml,"€ 10,20 per litre"
Pale Ale,"€ 3,59",Croatia,3.57,The Garden Brewery,4.8%,Pale Ale - American,330ml,"€ 10,88 per litre"
Uvala House Sour Berliner Weisse,"€ 5,19",Croatia,3.54,The Garden Brewery,3.5%,Sour - Other,Can 440ml,"€ 11,80 per litre"
Lübecker Pilsener,"€ 4,49",Germany,3.53,Sudden Death Brewing Co.,4.8%,Pilsner - German,Can 440ml,"€ 10,20 per litre"
Camba Chiemsee Dark Black Lager,"€ 3,29",Germany,3.53,Camba Bavaria,5.6%,Schwarzbier,Can 440ml,"€ 7,48 per litre"
Sudden Death Drunken Pumpkin Spiced Amber Ale,"€ 6,99",Germany,3.32,Braumanufaktur Hertl/ Sudden Death Brewing Co.,6.66%,Pumpkin / Yam Beer,Can 440ml,"€ 15,89 per litre"
Zora Pilsner,"€ 3,49",Croatia,3.28,The Garden Brewery,4.5%,Pilsner - German,330ml,"€ 10,58 per litre"
The Garden Brewery/Zmajska East Coast IPA,"€ 6,29",Croatia,3.92,The Garden Brewery,6.2%,IPA - New England / Hazy,Can 440ml,"€ 14,30 per litre"
"The Garden Brewery/La Pirata Imperial Chocolate, Carob & Blackberry Stout","€ 6,39",Croatia,3.82,The Garden Brewery,8.9%,Stout - Imperial / Double Pastry,Can 440ml,"€ 14,52 per litre"
"The Garden Brewery/Juguetes Perdidos Eclipse, Vic Secret & Sabro Hazy Double IPA","€ 6,29",Croatia,3.81,The Garden Brewery,7.1%,IPA - Imperial / Double New England / Hazy,Can 440ml,"€ 14,30 per litre"
The Garden Brewery/Makarska New England Pale Ale,"€ 5,99",Croatia,3.71,The Garden Brewery,4.4%,Pale Ale - New England / Hazy,Can 440ml,"€ 13,61 per litre"
The Garden Brewery/Anti Korpo Mango Panna Cotta Sour,"€ 5,99",Croatia,3.69,The Garden Brewery,6.8%,Sour - Smoothie / Pastry,Can 440ml,"€ 13,61 per litre"
"The Garden Brewery/Morenos Florida Weisse Kiwi, Papaya & Lemon","€ 5,99",Croatia,3.50,The Garden Brewery,5.8%,Sour - Berliner Weisse,Can 440ml,"€ 13,61 per litre"
Kehrwieder Tallinn Baltic Porter,"€ 3,49",Germany,3.47,Kehrwieder Kreativbrauerei,6.3%,Porter - Baltic,330ml,"€ 10,58 per litre"
Erdinger Schneeweiße,"€ 2,69",Germany,3.46,Erdinger Weissbräu,5.6%,Wheat Beer - Hefeweizen,500ml,"€ 5,38 per litre"
Birth Low-Alcoholic West Coast IPA,"€ 5,59",Croatia,3.39,The Garden Brewery,0.5%,Non-Alcoholic - IPA,Can 440ml,"€ 12,70 per litre"
BEACH,"€ 22,80",Denmark,3.37,To Øl,4%,Sour - Fruited Berliner Weisse,6-pack,"Total price: € 22,80"
BEACH,"€ 66,40",Denmark,3.37,To Øl,4%,Sour - Fruited Berliner Weisse,24-pack,"Total price: € 66,40"
Poch's Volcanic Soul Series Chardonnay 2023,"€ 8,80",Spain,3.82,Poch's Cervesa Artesana,11.4%,Pilsner - Imperial / Double,330ml,"€ 26,67 per litre"
Poch's Volcanic Soul Series Canela Fina,"€ 7,25",Spain,3.81,Poch's Cervesa Artesana,10.1%,Stout - Imperial / Double,330ml,"€ 26,67 per litre"
Stone (Arrogant Consortia) Arrogant Bastard Ale,"€ 3,65",United States,3.68,Arrogant Consortia,7.2%,Strong Ale - American,330ml,"€ 26,67 per litre"
Uiltje I Demand A Raspberry,"€ 4,95",Netherlands,3.46,Uiltje Brewing Company,9.5%,Stout - Imperial / Double,330ml,"€ 26,67 per litre"
Cherry,"€ 4,65",Poland,3.79,Funky Fluid,4%,Sour - Fruited Berliner Weisse,500ml,"€ 9,30 per litre"
Hot & Humid,"€ 5,29",Wales,3.46,Polly's Brew Co.,4.5%,Sour - Fruited,Can 440ml,"€ 12,02 per litre"
Dark Way,"€ 4,65",Spain,3.83,Cervesa Espiga,10.5%,Stout - Imperial / Double,330ml,"€ 14,09 per litre"
Original Smokey,"€ 3,75",Netherlands,3.62,De Kromme Haring,8.5%,Porter - Smoked,330ml,"€ 11,36 per litre"
Floccus,"€ 4,60",Poland,3.96,Browar Stu Mostów,5.6%,IPA - Sour,Bottle 500ml,"€ 9,20 per litre"
Ogham 2024,"€ 6,75",Ireland,4.33,Lough Gill Brewery,14.8%,Stout - Imperial / Double,330ml,"€ 20,45 per litre"
Harald Bluetooth Barrel Aged (2024),"€ 14,75",Denmark,4.32,Fanø Bryghus,13.9%,Barleywine - Other,500ml,"€ 29,50 per litre"
7 Year Anniversary Smoothie Sour Ale,"€ 6,75",Latvia,4.30,Ārpus Brewing Co.,4.5%,Sour - Smoothie / Pastry,Can 440ml,"€ 15,34 per litre"
Warrior,"€ 7,00",Brazil,4.26,Spartacus Brewing,8.5%,IPA - Imperial / Double New England / Hazy,Can 440ml,"€ 15,91 per litre"
7 Year Anniversary Barrel Aged Imperial Stout,"€ 10,00",Latvia,4.25,Ārpus Brewing Co.,13%,Stout - Imperial / Double Pastry,Can 440ml,"€ 22,73 per litre"
Clowns,"€ 7,00",Netherlands,4.25,White Dog Brewery,10%,IPA - Triple New England / Hazy,Can 440ml,"€ 15,91 per litre"
Monstrosity Part I,"€ 7,00",Netherlands,4.24,White Dog Brewery,11%,Stout - Imperial / Double Pastry,Can 440ml,"€ 15,91 per litre"
Monstrosity Part II,"€ 7,00",Netherlands,4.24,White Dog Brewery,11%,Stout - Imperial / Double Pastry,Can 440ml,"€ 15,91 per litre"
Oseberg,"€ 20,00",Ireland,4.22,Lough Gill Brewery,13.4%,Stout - Imperial / Double,Bottle 750ml,"€ 26,67 per litre"
7 Year Anniversary Quintuple Dry Hopped QIPA,"€ 7,00",Latvia,4.21,Ārpus Brewing Co.,11%,IPA - Quadruple,Can 440ml,"€ 15,91 per litre"
Warrior 2024,"€ 6,75",Ireland,4.20,Lough Gill Brewery,14%,Stout - Imperial / Double,330ml,"€ 20,45 per litre"
Freedom Don't Come Free,"€ 6,75",Brazil,4.19,Spartacus Brewing,7%,IPA - New England / Hazy,Can 440ml,"€ 15,34 per litre"
Horror Vacui,"€ 23,00",Hungary,4.16,Mad Scientist,11.3%,Stout - Imperial / Double,500ml,"€ 46,00 per litre"
Year Of The Bear,"€ 32,00",Denmark,4.09,Fanø Bryghus,12.1%,Stout - Imperial / Double,Bottle 750ml,"€ 42,67 per litre"
7 Year Anniversary QDH DIPA,"€ 6,00",Latvia,4.06,Ārpus Brewing Co.,8%,IPA - Imperial / Double New England / Hazy,Can 440ml,"€ 13,64 per litre"
7 Year Anniversary QDH IPA,"€ 5,75",Latvia,4.06,Ārpus Brewing Co.,6.8%,IPA - Imperial / Double New England / Hazy,Can 440ml,"€ 13,07 per litre"
Chariot Of Helios,"€ 7,80",England,4.03,Azvex Brewing Company,8%,IPA - Imperial / Double New England / Hazy,Can 440ml,"€ 17,73 per litre"
Drip,"€ 6,45",Netherlands,4.03,White Dog Brewery,6%,IPA - American,Can 440ml,"€ 14,66 per litre"
7 Year Anniversary Coconut IPA,"€ 5,75",Latvia,4.02,Ārpus Brewing Co.,6.8%,IPA - Fruited,Can 440ml,"€ 13,07 per litre"
Sønderho Kro Oyster Safari (Oyster Stout),"€ 10,00",Denmark,4.01,Fanø Bryghus,9.1%,Stout - Oyster,500ml,"€ 20,00 per litre"
Pinso A Granel,"€ 5,40",Spain,3.98,Poch's Cervesa Artesana,10.5%,Barleywine - English,330ml,"€ 16,36 per litre"
Chardonnay Volcanic Soul Series,"€ 8,50",Spain,3.82,Poch's Cervesa Artesana,11.4%,Pilsner - Imperial / Double,330ml,"€ 25,76 per litre"
Eisbock,"€ 49,95",Netherlands,3.74,Brouwerij Emelisse,26%,Freeze-Distilled Beer,700ml,"€ 71,36 per litre"
That's What CZ Said (Lager Polotmavé),"€ 4,75",Romania,3.57,Bereta Brewing Co.,5.1%,Lager - Polotmavé (Czech Amber),Can 440ml,"€ 10,80 per litre"
Extinction Is Forever!: Tasmanian Devil,"€ 4,65",Austria,3.55,Brauhaus Bevog,4.3%,Lager - Munich Dunkel,500ml,"€ 9,30 per litre"
Vadehav,"€ 7,50",Denmark,3.37,Fanø Bryghus,6.5%,Brown Ale - American,500ml,"€ 15,00 per litre"
Lunula 2024,"€ 6,75",Ireland,4.29,Lough Gill Brewery,14.8%,Stout - Imperial / Double,330ml,"€ 20,45 per litre"
Spear 2024,"€ 6,75",Ireland,4.25,Lough Gill Brewery,13%,Stout - Imperial / Double Oatmeal,330ml,"€ 20,45 per litre"
Tara 2024,"€ 6,75",Ireland,4.24,Lough Gill Brewery,14.8%,Stout - Imperial / Double,330ml,"€ 20,45 per litre"
Chongus,"€ 6,15",Ireland,4.17,Whiplash,10.8%,Stout - Imperial / Double,Can 440ml,"€ 13,98 per litre"
Dongus,"€ 6,15",Ireland,4.12,Whiplash,10.5%,Stout - Imperial / Double Coffee,Can 440ml,"€ 13,98 per litre"
Dingus,"€ 6,15",Ireland,4.00,Whiplash,11.4%,Stout - Imperial / Double,Can 440ml,"€ 13,98 per litre"
Thick Stew,"€ 6,15",Ireland,3.93,Whiplash,8%,IPA - Imperial / Double,Can 440ml,"€ 13,98 per litre"
Nice Mover,"€ 5,00",Ireland,3.77,Whiplash,6.8%,IPA - American,Can 440ml,"€ 11,36 per litre"
Sailing24 Tripel,"€ 6,95",Netherlands,3.35,Berging Brouwerij,10.3%,Belgian Tripel,330ml,"€ 21,06 per litre"
Sailing24 Barley Wine,"€ 6,95",Netherlands,3.07,Berging Brouwerij,12.5%,Barleywine - Other,330ml,"€ 21,06 per litre"
Sailing24 IDS,"€ 6,95",Netherlands,?,Berging Brouwerij,10.3%,Stout - Imperial / Double,330ml,"€ 21,06 per litre"
Sailing24 Quadrupel,"€ 6,95",Netherlands,?,Berging Brouwerij,10.6%,Belgian Quadrupel,330ml,"€ 21,06 per litre"
Wishing Well X State Of Kind Brew,"€ 7,80",England,4.16,Phantom Brewing Co.,8%,IPA - Imperial / Double,Can 440ml,"€ 17,73 per litre"
Darkside - 2024,"€ 7,10",England,3.96,Phantom Brewing Co.,8%,Stout - Imperial / Double,Can 440ml,"€ 16,14 per litre"
Senior Prawn,"€ 5,10",England,3.81,Phantom Brewing Co.,5%,Pale Ale - New England / Hazy,Can 440ml,"€ 11,59 per litre"
Finback / Cerebral - Fields Of Tall Grass,"€ 11,50",United States,4.20,Finback Brewery,8%,IPA - Imperial / Double,Can 473ml,"€ 24,31 per litre"
Rolling In Clouds,"€ 10,70",United States,4.10,Finback Brewery,7.1%,IPA - New England / Hazy,Can 473ml,"€ 22,62 per litre"
Grapefruit Crush,"€ 11,30",United States,4.08,Finback Brewery,8%,IPA - Fruited,Can 473ml,"€ 23,89 per litre"
Peanut Butter Milk Stout,"€ 5,60",United States,3.99,Belching Beaver Brewery,5.3%,Stout - Milk / Sweet,Can 355ml,"€ 15,77 per litre"
All Or Nothing,"€ 9,20",United States,3.86,Threes Brewing,6.8%,IPA - American,Can 473ml,"€ 19,45 per litre"
Weissbier,"€ 4,80",Germany,3.67,Augustiner-Bräu München,5.4%,Wheat Beer - Hefeweizen,Bottle 500ml,"€ 9,60 per litre"
Lagerbier Hell,"€ 5,00",Germany,3.64,Augustiner-Bräu München,5.2%,Lager - Helles,Bottle 500ml,"€ 10,00 per litre"
Winterbock,"€ 5,30",Germany,3.55,Ayinger Privatbrauerei,6.7%,Bock - Doppelbock,Bottle 500ml,"€ 10,60 per litre"
Dunkel,"€ 4,90",Germany,3.54,Herzoglich Bayerisches Brauhaus Tegernsee,5%,Lager - Munich Dunkel,Bottle 500ml,"€ 9,80 per litre"
Hell,"€ 5,10",Germany,3.49,Flötzinger Bräu,5%,Lager - Helles,Bottle 500ml,"€ 10,20 per litre"
Rauchbier Marzen,"€ 4,80",Germany,3.48,"Schlenkerla (""Heller-Bräu"" Trum)",5.1%,Rauchbier,Bottle 500ml,"€ 9,60 per litre"
Helles,"€ 4,70",Germany,3.45,"Schlenkerla (""Heller-Bräu"" Trum)",4.3%,Lager - Helles,Bottle 500ml,"€ 9,40 per litre"
Blind Date X Bang the Elephant,"€ 7,20",England,4.47,Full Circle Brew Co,12.5%,Stout - Imperial / Double Pastry,330ml,"€ 21,82 per litre"
Novum X Dark Elements,"€ 7,70",England,4.20,Neon Raptor Brewing Co.,8.2%,IPA - Imperial / Double New England / Hazy,Can 440ml,"€ 17,50 per litre"
Dooper,"€ 7,10",England,4.08,Full Circle Brew Co,8.1%,IPA - Imperial / Double New England / Hazy,Can 440ml,"€ 16,14 per litre"
Kong Island,"€ 10,80",England,4.07,Neon Raptor Brewing Co.,12%,Stout - Imperial / Double Pastry,Can 440ml,"€ 24,55 per litre"
Swerve City,"€ 8,30",Scotland,3.97,Overtone Brewing Co,8%,IPA - Imperial / Double,Can 440ml,"€ 18,86 per litre"
Fresh from Hop Focus,"€ 5,40",England,3.85,Northern Monk,5.3%,IPA - New England / Hazy,Can 440ml,"€ 12,27 per litre"
Dark Horse X Rivington,"€ 5,90",England,3.82,Full Circle Brew Co,6%,IPA - Other,Can 440ml,"€ 13,41 per litre"
Faith and Jaipur X Thornbridge,"€ 6,00",England,3.80,Northern Monk,5.9%,IPA - New England / Hazy,Can 440ml,"€ 13,64 per litre"
Festive Star 2024,"€ 3,60",England,?,Northern Monk,5.2%,Porter - Other,330ml,"€ 10,91 per litre"
Pioneers & Explorers (PULP • w. Marlobobo),"€ 8,90",Sweden,4.34,Elmeleven,5%,Sour - Smoothie / Pastry,Can 440ml,"€ 20,23 per litre"
Cuvee Armand & Gaston 16|17 (assemblage No.60),"€ 26,99",Belgium,4.46,Brouwerij 3 Fonteinen,5.2%,Lambic - Gueuze,Can 440ml,"€ 20,23 per litre"
Never Ending Trails,"€ 26,75",Hungary,4.15,Mad Scientist,11.5%,Belgian Quadrupel,500ml,"€ 53,50 per litre"
Dankhouse Brewing Company  Stay Puffed: Grape Cherry,"€ 9,75",United States,4.14,DankHouse Brewing Company,6%,Sour - Fruited,500ml,"€ 53,50 per litre"
Pohjala Blatic Porter Day 2024,"€ 3,99",Estonia,4.04,Põhjala,10%,Porter - Imperial / Double Baltic,500ml,"€ 53,50 per litre"
Struise Clash Of The Titans - Grand Reserva,"€ 5,99",Belgium,3.95,De Struise Brouwers,12.6%,Barleywine - Other,500ml,"€ 53,50 per litre"
Pohjala Maple Banger,"€ 4,50",Estonia,3.92,Põhjala,12.5%,Stout - Imperial / Double,330ml,"€ 13,64 per litre"
Cinnamon Abduction,"€ 17,99",United States,3.92,Pipeworks Brewing Company,10.5%,Stout - Imperial / Double,Bottle 650ml,"€ 27,68 per litre"
Grand Prestige,"€ 7,99",Netherlands,3.81,Hertog Jan,10%,Barleywine - Other,Bottle 750ml,"€ 10,65 per litre"
Saison Dupont,"€ 1,89",Belgium,3.68,Brasserie Dupont,6.5%,Farmhouse Ale - Saison,330ml,"€ 5,73 per litre"
Brugse Zot Blond,"€ 6,64",Belgium,3.67,Brouwerij De Halve Maan,6%,Belgian Blonde,Bottle 750ml,"€ 8,85 per litre"
Zeeuwse Bierselectie Luctor Et Emergo Blond - Kruik,"€ 7,99",Netherlands,3.62,The Holy Spiritus,6%,Cider - Dry,Bottle 750ml,"€ 8,85 per litre"
Tripel,"€ 3,60",Netherlands,3.51,De Blije Zoutelander,8.5%,Belgian Tripel,330ml,"€ 10,91 per litre"
Kriek,"€ 1,99",Netherlands,3.26,Bierbrouwerij Vermeersen,3.5%,Fruit Beer,Bottle 250ml,"€ 7,96 per litre"
T' Zoutse Molentje Blond,"€ 3,29",Netherlands,3.25,De Blije Zoutelander,5.5%,Belgian Blonde,330ml,"€ 9,97 per litre"
Beun Brewing Company Old Zeeland Garage Bier,"€ 3,65",Netherlands,3.25,,5.5%,Belgian Blonde,330ml,"€ 9,97 per litre"
Rose de Gambrinus,"€ 16,50",Belgium,4.27,Brasserie Cantillon,5%,Lambic - Framboise,Bottle 750ml,"€ 22,00 per litre"
Cuvee St Gilloise 2024,"€ 25,00",Belgium,4.26,Brasserie Cantillon,5%,Lambic - Traditional,Bottle 750ml,"€ 33,33 per litre"
Morpheus Wit,"€ 4,00",Belgium,3.26,Brouwerij Alvinne,5.5%,Wheat Beer - Witbier / Blanche,330ml,"€ 12,12 per litre"
Bruna Del Pirineu,"€ 4,50",Spain,3.69,Poch's Cervesa Artesana,10.2%,Belgian Quadrupel,330ml,"€ 13,64 per litre"
Lambo Door,"€ 10,90",United States,4.22,Grimm Artisanal Ales,8%,IPA - Imperial / Double New England / Hazy,Can 473ml,"€ 23,04 per litre"
Lumen,"€ 10,10",United States,4.16,Grimm Artisanal Ales,6.4%,IPA - American,Can 473ml,"€ 21,35 per litre"
Vliet,"€ 8,60",United States,3.64,Threes Brewing,5.2%,Pilsner - German,Can 473ml,"€ 18,18 per litre"
S'mores Blueprint,"€ 31,10",United States,4.32,Equilibrium Brewery,11%,Stout - Imperial / Double Pastry,Bottle 500ml,"€ 62,20 per litre"
Basqueland / Track - Salsa Verde,"€ 14,30",Spain,4.21,Basqueland Brewing,10%,IPA - Triple New England / Hazy,Can 440ml,"€ 32,50 per litre"
Vapid,"€ 11,30",United States,4.13,Aslin Beer Company,8.7%,IPA - Imperial / Double,Can 473ml,"€ 23,89 per litre"
Basqueland / SOMA - Txuleton,"€ 11,70",Spain,4.12,Basqueland Brewing,8%,IPA - Imperial / Double,Can 440ml,"€ 26,59 per litre"
Basqueland / Amundsen - Sobremesa,"€ 14,00",Spain,4.11,Basqueland Brewing,12%,Stout - Imperial / Double Pastry,Can 440ml,"€ 31,82 per litre"
The Worminator,"€ 11,10",United States,4.11,KCBC - Kings County Brewers Collective,8%,IPA - Imperial / Double New England / Hazy,Can 473ml,"€ 23,47 per litre"
Quantum Orchestra,"€ 12,60",United States,4.06,Equilibrium Brewery,8.5%,IPA - Imperial / Double,Can 473ml,"€ 26,64 per litre"
Astro Zombie,"€ 9,20",United States,4.05,Aslin Beer Company,6.7%,IPA - American,Can 473ml,"€ 19,45 per litre"
Basqueland / Cloudwater - Bonito Del Norte,"€ 10,50",Spain,3.96,Basqueland Brewing,6.4%,IPA - New England / Hazy,Can 440ml,"€ 23,86 per litre"
Sherlock Bones,"€ 10,70",United States,3.95,KCBC - Kings County Brewers Collective,7.2%,IPA - New England / Hazy,Can 473ml,"€ 22,62 per litre"
Kosmic Krush,"€ 10,80",United States,3.93,Equilibrium Brewery,8%,IPA - Imperial / Double,Can 473ml,"€ 22,83 per litre"
Flash Frame,"€ 10,20",United States,3.90,Grimm Artisanal Ales,7%,IPA - American,Can 473ml,"€ 21,56 per litre"
Basqueland / Outer Range - Surf & Turf,"€ 10,20",Spain,3.86,Basqueland Brewing,7%,IPA - American,Can 440ml,"€ 23,18 per litre"
Theorem,"€ 10,80",United States,3.76,Equilibrium Brewery,8%,IPA - Imperial / Double,Can 473ml,"€ 22,83 per litre"
Death Of The Party,"€ 10,30",United States,3.75,KCBC - Kings County Brewers Collective,5%,Sour - Fruited,Can 473ml,"€ 21,78 per litre"
Basqueland / Arpus Brewing Co - Bramble On,"€ 11,00",Spain,3.72,Basqueland Brewing,5.7%,Sour - Fruited,Can 440ml,"€ 25,00 per litre"
Basqueland / Meta - Gazpatxo,"€ 9,30",Spain,3.67,Basqueland Brewing,6.2%,Lager - IPL (India Pale Lager),Can 440ml,"€ 21,14 per litre"
Barrel Aged Blue Suede Shews,"€ 375,00",United States,4.92,Pips Meadery,14%,Mead - Other,200ml,"€ 1.875,00 per litre"
Gingerman's Candy Cabin,"€ 8,45",Greece,3.80,Seven Island Brewery,11%,Stout - Imperial / Double Pastry,Can 440ml,"€ 19,20 per litre"
Sarvik,"€ 3,50",Estonia,3.79,Pühaste Brewery,8%,Bock - Doppelbock,330ml,"€ 10,61 per litre"
Eleven x Kompaan Rook 'n Roll,"€ 3,95",Netherlands,3.32,Brouwerij Eleven,5%,Lager - Smoked,330ml,"€ 10,61 per litre"
Cospell,"€ 7,44",Poland,4.01,Funky Fluid,11%,Stout - Imperial / Double Coffee,500ml,"€ 14,88 per litre"
Gelato: Bloody,"€ 6,01",Poland,3.96,Funky Fluid,5.5%,Sour - Smoothie / Pastry,500ml,"€ 12,02 per litre"
Gelato: Verde,"€ 6,01",Poland,3.88,Funky Fluid,5.5%,Sour - Smoothie / Pastry,500ml,"€ 12,02 per litre"
Gelato: Spooky,"€ 6,01",Poland,3.86,Funky Fluid,5.5%,Sour - Smoothie / Pastry,500ml,"€ 12,02 per litre"
Funky Fluid / SOMA Porque Te vas?,"€ 6,22",Poland,3.81,Funky Fluid,6.8%,IPA - Other,500ml,"€ 12,44 per litre"
Don't Put it on Pizza,"€ 4,62",Poland,3.71,Funky Fluid,4.8%,IPA - Session,500ml,"€ 9,24 per litre"
Michael,"€ 6,37",Poland,3.59,Funky Fluid,8.1%,IPA - Imperial / Double Milkshake,500ml,"€ 12,74 per litre"
Ambrosia,"€ 39,00",Belgium,4.32,Het Boerenerf Eylenbosch,12%,Mead - Other,Bottle 375ml,"€ 104,00 per litre"
Chongus,"€ 12,00",Ireland,4.17,Whiplash,10.8%,Stout - Imperial / Double,Can 440ml,"€ 27,27 per litre"
Pescharina (Oogst 2023),"€ 29,40",Belgium,4.17,Het Boerenerf Eylenbosch,6.2%,Lambic - Fruit,Bottle 750ml,"€ 39,20 per litre"
24K Tuesday,"€ 42,00",United States,4.16,The Bruery,17.5%,Stout - Imperial / Double,Bottle 375ml,"€ 112,00 per litre"
Mirabelle (Oogst 2023),"€ 29,70",Belgium,4.09,Het Boerenerf Eylenbosch,7.11%,Lambic - Fruit,Bottle 750ml,"€ 39,60 per litre"
Love Bites,"€ 23,90",United States,4.05,The Bruery,9.2%,Stout - Imperial / Double Pastry,Can 473ml,"€ 50,53 per litre"
Bzart Kriekenlambiek Millésime 2023,"€ 42,40",Belgium,4.02,Oud Beersel,8.5%,Lambic - Kriek,Bottle 750ml,"€ 56,53 per litre"
Dingus,"€ 12,00",Ireland,4.00,Whiplash,11.4%,Stout - Imperial / Double,Can 440ml,"€ 27,27 per litre"
Bzart Druivenlambiek Millésime 2023,"€ 42,40",Belgium,3.99,Oud Beersel,8.5%,Lambic - Fruit,Bottle 750ml,"€ 56,53 per litre"
Thick Stew,"€ 8,30",Ireland,3.93,Whiplash,8%,IPA - Imperial / Double,Can 440ml,"€ 18,86 per litre"
Blossom's Creek,"€ 33,60",United States,3.92,The Bruery Terreux,5.7%,Sour - Fruited,Bottle 750ml,"€ 44,80 per litre"
Orderville,"€ 5,90",United States,3.92,Modern Times Beer,7.2%,IPA - New England / Hazy,Can 355ml,"€ 16,62 per litre"
Deftones Phantom Bride,"€ 7,20",United States,3.87,Belching Beaver Brewery,7.1%,IPA - American,Can 473ml,"€ 15,22 per litre"
Goses Are Red,"€ 7,80",United States,3.87,The Bruery Terreux,5.6%,Sour - Fruited Gose,Can 473ml,"€ 16,49 per litre"
Escape,"€ 7,50",United States,3.86,Offshoot Beer Co.,7.1%,IPA - American,Can 473ml,"€ 15,86 per litre"
Relax,"€ 8,40",United States,3.86,Offshoot Beer Co.,6.8%,IPA - New England / Hazy,Can 473ml,"€ 17,76 per litre"
Midnight Mischief,"€ 6,30",Ireland,3.84,Whiplash,5.8%,Märzen,Can 440ml,"€ 14,32 per litre"
Dungeon Map,"€ 5,90",United States,3.82,Modern Times Beer,7.2%,IPA - American,Can 355ml,"€ 16,62 per litre"
Nice Mover,"€ 6,10",Ireland,3.77,Whiplash,6.8%,IPA - American,Can 440ml,"€ 13,86 per litre"
Nut Brown Ale,"€ 5,00",United States,3.73,AleSmith Brewing Company,5%,Brown Ale - English,Can 355ml,"€ 14,08 per litre"
La Petit Provision,"€ 5,90",United States,3.58,The Bruery,3.5%,Table Beer,Can 473ml,"€ 12,47 per litre"
Cuvee Armand & Gaston #28 23|24,"€ 16,70",Belgium,?,Brouwerij 3 Fonteinen,6.5%,Lambic - Gueuze,Bottle 375ml,"€ 44,53 per litre"
Sabro Galaxy IPA,"€ 3,25",Scotland,3.46,BRULO,6.5%,Non-Alcoholic - IPA,330ml,"€ 9,85 per litre"
Yule M%&?!&k Bourbon Barrel Aged (2021),"€ 11,99",Denmark,4.18,To Øl,14.5%,Stout - Imperial / Double Milk,Bottle 375ml,"€ 31,97 per litre"
Klostersud,"€ 1,90",Germany,3.36,Klosterbrauerei Weissenohe,5.4%,Lager - Vienna,500ml,"€ 3,80 per litre"
Winterbinkske,"€ 3,35",Belgium,3.55,Brouwerij Kerkom,8.3%,Winter Ale,500ml,"€ 3,80 per litre"
Eternal Hibernation Bourbon Infused,"€ 3,50",Belgium,3.88,FoxTown Beer Crew,11.8%,Barleywine - English,330ml,"€ 10,61 per litre"
Hurry Up,"€ 5,00",Spain,3.74,Caleya,6.6%,IPA - Fruited,Can 440ml,"€ 11,36 per litre"
Ultima Rum Oaked,"€ 2,75",Belgium,3.57,Bierfirma Ultima,10%,Barleywine - Other,330ml,"€ 8,33 per litre"
The Algorithm Pt. 3,"€ 6,99",Netherlands,4.19,Uiltje Brewing Company,14.5%,Stout - Imperial / Double,,
Delirium Tremens,"€ 3,19",Belgium,3.85,Delirium - Huyghe Brewery,8.5%,Belgian Strong Golden Ale,330ml,"€ 9,67 per litre"
Ivan the Impostor – Foreign Legion 2024,"€ 5,49",Netherlands,3.94,KOMPAAN Dutch Craft Beer Company,12%,Belgian Quadrupel,330ml,"€ 9,67 per litre"
Candric LaMer – Foreign Legion 2024,"€ 5,49",Netherlands,3.89,KOMPAAN Dutch Craft Beer Company,10.9%,Barleywine - American,330ml,"€ 9,67 per litre"
Vlad the Vet – Foreign Legion 2024,"€ 5,49",Netherlands,3.77,KOMPAAN Dutch Craft Beer Company,11.1%,Stout - Imperial / Double,330ml,"€ 9,67 per litre"
Jesse Rauchmann – Foreign Legion 2024,"€ 5,49",Netherlands,3.76,KOMPAAN Dutch Craft Beer Company,9.8%,Bock - Doppelbock,330ml,"€ 9,67 per litre"
Smokey – Foreign Legion 2024,"€ 5,49",Netherlands,3.74,KOMPAAN Dutch Craft Beer Company,10%,Bock - Doppelbock,330ml,"€ 9,67 per litre"
Eggens Imperial Stout Barrel Aged #BA23Q4-LAPHR,"€ 6,39",Netherlands,3.74,Eggens Craft Beer,10%,Bock - Doppelbock,330ml,"€ 9,67 per litre"
Gloom,"€ 8,99",Finland,4.29,Revenant Brewing Project,10.1%,IPA - Triple New England / Hazy,Can 440ml,"€ 20,43 per litre"
Lifebloom,"€ 8,99",Portugal,4.19,Ophiussa Brewing Co.,5%,Sour - Smoothie / Pastry,Can 440ml,"€ 20,43 per litre"
Rudolf (Cellar Series),"€ 9,29",Estonia,4.16,Põhjala,12%,Rye Wine,330ml,"€ 28,15 per litre"
Rosa,"€ 8,99",Portugal,4.13,Ophiussa Brewing Co.,5%,Sour - Smoothie / Pastry,Can 440ml,"€ 20,43 per litre"
Void,"€ 7,49",Finland,4.12,Factory Brewing,7.3%,IPA - New England / Hazy,Can 440ml,"€ 17,02 per litre"
Awakening,"€ 5,99",Finland,4.12,Revenant Brewing Project,8%,IPA - Imperial / Double New England / Hazy,330ml,"€ 18,15 per litre"
Very Big Moose 2024 Rye Barrel Aged,"€ 6,99",Scotland,4.05,Fierce Beer,12.5%,Stout - Russian Imperial,330ml,"€ 21,18 per litre"
Bad Moon Rising,"€ 6,49",Spain,4.04,Little Rain Brewing Company,6.5%,IPA - New England / Hazy,Can 440ml,"€ 14,75 per litre"
Embla 2024,"€ 17,49",Norway,4.04,Salikatt Bryggeri,9.5%,Bock - Doppelbock,Bottle 375ml,"€ 46,64 per litre"
Copenhague,"€ 6,49",Spain,4.03,Little Rain Brewing Company,7.9%,IPA - Imperial / Double New England / Hazy,Can 440ml,"€ 14,75 per litre"
Wretched World DIPA,"€ 6,49",Sweden,4.03,Apex Brewing Company,8%,IPA - Imperial / Double New England / Hazy,Can 440ml,"€ 14,75 per litre"
Dissolve Me,"€ 6,49",Spain,3.99,Little Rain Brewing Company,6.8%,IPA - New England / Hazy,Can 440ml,"€ 14,75 per litre"
Un Buen Dia,"€ 6,49",Spain,3.99,Little Rain Brewing Company,7.3%,IPA - New England / Hazy,Can 440ml,"€ 14,75 per litre"
New England Christmas 2024,"€ 6,49",Norway,3.98,Salikatt Bryggeri,7%,IPA - New England / Hazy,Can 440ml,"€ 14,75 per litre"
Progressive Dialogue,"€ 7,79",Finland,3.98,Factory Brewing,8.5%,IPA - Imperial / Double,Can 440ml,"€ 17,70 per litre"
Sterrenstof,"€ 6,99",Finland,3.98,Revenant Brewing Project,8%,IPA - Imperial / Double New England / Hazy,Can 440ml,"€ 15,89 per litre"
Keres,"€ 5,49",Sweden,3.97,Apex Brewing Company,6.5%,IPA - New England / Hazy,Can 440ml,"€ 12,48 per litre"
Failure Drill,"€ 5,49",Sweden,3.94,Apex Brewing Company,6.5%,IPA - New England / Hazy,Can 440ml,"€ 12,48 per litre"
Juleglød 2024,"€ 7,29",Norway,3.92,Salikatt Bryggeri,10%,Belgian Quadrupel,Can 440ml,"€ 16,57 per litre"
Very Big Moose 2024 Maple & Hazelnut Edition,"€ 6,99",Scotland,3.92,Fierce Beer,12.5%,Stout - Imperial / Double,330ml,"€ 21,18 per litre"
Timeless 2024,"€ 13,79",Norway,3.92,Salikatt Bryggeri,8.9%,Lager - Dark,Can 440ml,"€ 31,34 per litre"
#14 DIPA,"€ 5,99",Denmark,3.91,To Øl,8.2%,IPA - Imperial / Double,Can 440ml,"€ 13,61 per litre"
Re-decapitated IPA,"€ 5,49",Sweden,3.91,Apex Brewing Company,6.5%,IPA - New England / Hazy,Can 440ml,"€ 12,48 per litre"
Very Big Moose 2024 - Two Year Bourbon Edition,"€ 6,99",Scotland,3.89,Fierce Beer,12.5%,Stout - Imperial / Double,330ml,"€ 21,18 per litre"
Halcyon IPA,"€ 5,49",Sweden,3.88,Apex Brewing Company,6.5%,IPA - New England / Hazy,Can 440ml,"€ 12,48 per litre"
Quadzilla II,"€ 7,49",Denmark,3.87,To Øl,13%,IPA - Quadruple,Can 440ml,"€ 17,02 per litre"
Xmas Quad BA (2023),"€ 6,99",Denmark,3.64,To Øl,11%,Belgian Quadrupel,330ml,"€ 21,18 per litre"
Verzet Naked Kameradski,"€ 4,31",Belgium,4.00,Brouwerij 't Verzet,15%,Stout - Russian Imperial,330ml,"€ 13,06 per litre"
Oude Kriek Jart-Elle,"€ 6,89",Belgium,3.93,Lambiek Fabriek,6%,Lambic - Kriek,Bottle 375ml,"€ 18,37 per litre"
Proost Op Het Leven 4x,"€ 15,50",Belgium,3.67,Scheldebrouwerij,8%,Belgian Tripel,330ml,"€ 46,97 per litre"
Peach,"€ 2,59",Belgium,3.34,Brouwerij Liefmans,3.8%,Fruit Beer,Bottle 250ml,"€ 10,36 per litre"
Don't Tell Gus,"€ 9,40",England,4.24,Verdant Brewing Co,8%,IPA - Imperial / Double New England / Hazy,Can 440ml,"€ 21,36 per litre"
Plum Porter Grand Reserve Port Infused,"€ 16,20",England,4.22,Titanic Brewery,6.5%,Porter - Other,Bottle 750ml,"€ 21,60 per litre"
Cherry Porter Grand Reserve Amaretto Infused,"€ 16,20",England,4.09,Titanic Brewery,6.5%,Porter - Other,Bottle 750ml,"€ 21,60 per litre"
Schlenkerla Rauchbier Märzen,"€ 4,40",Germany,3.48,"Schlenkerla (""Heller-Bräu"" Trum)",5.1%,Rauchbier,Bottle 500ml,"€ 8,80 per litre"
Sonoma AF,"€ 5,00",England,3.54,Track Brewing Company,0.5%,Non-Alcoholic - Pale Ale,Can 440ml,"€ 11,36 per litre"
Grand Prestige,"€ 9,60",Netherlands,3.81,Hertog Jan,10%,Barleywine - Other,Bottle 750ml,"€ 12,80 per litre"
Paix Dieu,"€ 3,60",Belgium,3.77,Brasserie Caulier,10%,Belgian Tripel,330ml,"€ 10,91 per litre"
St Feuillien Grand Cru,"€ 3,40",Belgium,3.71,Brasserie St-Feuillien,9.5%,Belgian Strong Golden Ale,330ml,"€ 10,30 per litre"
Achel Tripel,"€ 3,20",Belgium,3.67,Brouwerij der Sint-Benedictusabdij De Achelse Kluis,8%,Belgian Tripel,330ml,"€ 9,70 per litre"
Rituel 9°,"€ 2,45",Belgium,3.64,Abbaye de Leffe,9%,Belgian Strong Golden Ale,330ml,"€ 7,42 per litre"
Blonde Tripel,"€ 6,95",Belgium,3.60,Brasserie Lupulus,8.5%,Belgian Tripel,Bottle 750ml,"€ 9,27 per litre"
Hopera,"€ 2,95",Belgium,3.54,Brasserie Lupulus,6%,IPA - Belgian,330ml,"€ 8,94 per litre"
Kriek Lambic,"€ 2,95",Belgium,3.50,Brouwerij Mort Subite,4%,Lambic - Kriek,Bottle 250ml,"€ 11,80 per litre"
Cuvee des Trolls,"€ 2,75",Belgium,3.47,Brasserie Dubuisson,7%,Belgian Blonde,Bottle 250ml,"€ 11,00 per litre"
Winter Master,"€ 4,25",Belgium,3.76,Brewery De Meester,12%,Barleywine - Other,330ml,"€ 12,88 per litre"
Pronka,"€ 4,50",Netherlands,3.73,De Grieze,10.4%,Barleywine - Other,330ml,"€ 13,64 per litre"
1818 Quadrupel,"€ 4,20",Netherlands,3.72,Brouwerij Maallust,10%,Belgian Quadrupel,300ml,"€ 14,00 per litre"
Troubadour Magma,"€ 2,95",Belgium,3.68,Brouwerij The Musketeers,9%,IPA - Belgian,330ml,"€ 8,94 per litre"
Loc Brewery Dinky,"€ 3,40",Netherlands,3.61,LOC Brewery,4.8%,Pale Ale - New England / Hazy,330ml,"€ 10,30 per litre"
Texels Tuunwal Tripel,"€ 2,95",Netherlands,3.54,Texelse Bierbrouwerij,8.5%,Belgian Tripel,300ml,"€ 9,83 per litre"
Jubel Joop VI,"€ 3,50",Netherlands,3.52,Jopen,6%,IPA - Cold,330ml,"€ 10,61 per litre"
De Molen Sorachi & Sriracha,"€ 3,75",Netherlands,3.51,Brouwerij de Molen,8%,Porter - Other,330ml,"€ 11,36 per litre"
Hapkin,"€ 3,30",Belgium,3.50,Brouwerij Alken-Maes,8.5%,Belgian Strong Golden Ale,330ml,"€ 10,00 per litre"
Vliegende Hollander,"€ 4,50",Netherlands,3.46,Brouwerij Homeland,10.5%,Stout - Oatmeal,330ml,"€ 13,64 per litre"
Moray IPA,"€ 2,25",Netherlands,3.42,Stadshaven Brouwerij,5.5%,IPA - Other,330ml,"€ 6,82 per litre"
Texels Zeebries Blond,"€ 2,60",Netherlands,3.40,Thiels Gleske,5%,Belgian Blonde,300ml,"€ 8,67 per litre"
Bio Blond,"€ 2,95",Netherlands,3.40,Jopen,6.5%,Belgian Blonde,330ml,"€ 8,94 per litre"
Paljas Blond,"€ 2,50",Belgium,3.37,Brouwerij Henricus,6%,Belgian Blonde,330ml,"€ 7,58 per litre"
Hofbräu HB Pure,"€ 2,50",Germany,3.21,Staatliches Hofbräuhaus München,5.3%,Lager - Helles,500ml,"€ 5,00 per litre"
Bierbrouwerij VD Volendam Vølenbock,"€ 3,50",Germany,3.21,Brouwerij VD Volendam,6.5%,Herfstbok,330ml,"€ 10,61 per litre"
Fano Bryghus Gorm the Old Rum Cask Edition 2023,"€ 14,95",Denmark,4.27,Fanø Bryghus,12.5%,Stout - Imperial / Double Pastry,500ml,"€ 29,90 per litre"
Waking Fantasy,"€ 4,95",Estonia,3.96,Pühaste Brewery,12%,Stout - Imperial / Double,500ml,"€ 29,90 per litre"
Belgian Strong Dark Ale,"€ 8,50",Portugal,3.95,Lupum,10.5%,Belgian Strong Dark Ale,330ml,"€ 25,76 per litre"
140 Years,"€ 8,90",Switzerland,4.25,Hoppy People,10%,IPA - Triple New England / Hazy,Can 440ml,"€ 20,23 per litre"
I Love Hops #12,"€ 9,80",Switzerland,4.07,Hoppy People,8%,IPA - Imperial / Double New England / Hazy,Can 440ml,"€ 22,27 per litre"
Shake S'More,"€ 9,90",Scotland,4.04,Vault City Brewing,6.2%,Sour - Smoothie / Pastry,Can 440ml,"€ 22,50 per litre"
"Right Here, Right Now (collab Outer Range)","€ 8,50",Switzerland,3.98,Hoppy People,8%,IPA - Imperial / Double New England / Hazy,Can 440ml,"€ 19,32 per litre"
Libertus 900,"€ 4,80",Belgium,3.67,Braxatorium Parcensis,9%,Grape Ale - Other,330ml,"€ 14,55 per litre"
Libertus 2 Rogge,"€ 4,50",Belgium,3.52,Braxatorium Parcensis,8.5%,Belgian Tripel,330ml,"€ 13,64 per litre"
Andere Anna,"€ 4,80",Belgium,3.50,Man & Brouw,4%,Sour - Other,330ml,"€ 14,55 per litre"
Rik & Raf,"€ 2,30",Belgium,3.60,BramBrass,8.5%,Belgian Tripel,330ml,"€ 6,97 per litre"
EP.III Trinity of the Sith,"€ 8,99",Netherlands,4.28,Brouwerij de Molen,20%,Freeze-Distilled Beer,330ml,"€ 27,24 per litre"
Don Quichot,"€ 4,69",Netherlands,4.07,Brouwerij Kees,14%,Barleywine - Other,330ml,"€ 14,21 per litre"
Pastry Train Canelé,"€ 3,99",Netherlands,3.90,Brouwerij Kees,13.1%,Stout - Imperial / Double Pastry,330ml,"€ 12,09 per litre"
Fai Tality – Foreign Legion 2024,"€ 5,49",Netherlands,3.65,KOMPAAN Dutch Craft Beer Company,10.4%,Barleywine - English,330ml,"€ 12,09 per litre"
Fano x Hazy Bear Brewing Year of the Bear,"€ 36,95",Denmark,4.09,Fanø Bryghus,12%,Stout - Imperial / Double,330ml,"€ 12,09 per litre"
Baladin Noël Orange & Cacao,"€ 3,95",Italy,3.73,BIRRIFICIO AGRICOLO BALADIN - Baladin Indipendente Italian Farm Brewery,8.5%,Belgian Strong Dark Ale,330ml,"€ 11,97 per litre"
Fuerst Wiacek Whippersnapper,"€ 7,29",Germany,4.05,FUERST WIACEK,8%,IPA - Imperial / Double,Can 440ml,"€ 16,57 per litre"
Fuerst Wiacek Fisticuffs & Flowers,"€ 6,99",Germany,4.00,FUERST WIACEK,6.8%,IPA - New England / Hazy,Can 440ml,"€ 15,89 per litre"
Fuerst Wiacek Roaring Forties,"€ 6,39",Germany,3.99,FUERST WIACEK,6.2%,IPA - New England / Hazy,Can 440ml,"€ 14,52 per litre"
Dragon Slayer,"€ 6,49",Greece,4.07,Seven Island Brewery,8%,IPA - Imperial / Double New England / Hazy,Can 440ml,"€ 14,75 per litre"
Wyrm Reaper,"€ 6,49",Greece,4.06,Seven Island Brewery,8%,IPA - Imperial / Double New England / Hazy,Can 440ml,"€ 14,75 per litre"
Trivial ABV,"€ 6,60",Romania,4.02,Bereta Brewing Co.,9%,IPA - Triple New England / Hazy,Can 440ml,"€ 15,00 per litre"
Bereta x Zichovec That's What CZ Said,"€ 4,75",Romania,3.57,Bereta Brewing Co.,5.1%,Lager - Polotmavé (Czech Amber),Can 440ml,"€ 10,80 per litre"
Billie's,"€ 6,60",Poland,3.93,Ziemia Obiecana,9%,IPA - Triple New England / Hazy,Can 440ml,"€ 10,80 per litre"
Nihilista,"€ 5,85",Poland,3.89,Ziemia Obiecana,7%,IPA - Imperial / Double New England / Hazy,500ml,"€ 11,70 per litre"
Fano Bryghus Harald Bluetooth,"€ 14,95",Denmark,3.76,Fanø Bryghus,10.5%,Barleywine - Other,500ml,"€ 11,70 per litre"
Sudden Death A Grand Toast,"€ 7,99",Germany,4.09,Sudden Death Brewing Co.,9.3%,IPA - Imperial / Double New England / Hazy,Can 440ml,"€ 18,16 per litre"
The Family Pizza,"€ 8,99",Germany,4.06,Sudden Death Brewing Co.,13%,IPA - Quadruple,Can 440ml,"€ 20,43 per litre"
Pie Town USA,"€ 8,79",Germany,3.93,Sudden Death Brewing Co.,8%,Sour - Smoothie / Pastry,Can 440ml,"€ 19,98 per litre"
Vortex,"€ 5,99",Germany,3.82,Sudden Death Brewing Co.,4.5%,Schwarzbier,Can 440ml,"€ 13,61 per litre"
Dance Rave Dance,"€ 3,20",Belgium,3.55,Brasserie Surréaliste,4.2%,IPA - Session,330ml,"€ 9,70 per litre"
Witte Dame,"€ 3,50",Netherlands,3.45,100 Watt Brewery,5.1%,Wheat Beer - Witbier / Blanche,330ml,"€ 9,70 per litre"
MONSTROSITY PART 1,"€ 7,50",Netherlands,4.44,White Dog Brewery,11%,Stout - Imperial / Double Pastry,Can 440ml,"€ 17,05 per litre"
Ogham (2024),"€ 7,50",Ireland,4.33,Lough Gill Brewery,14.8%,Stout - Imperial / Double,330ml,"€ 22,73 per litre"
Spear (2024),"€ 7,50",Ireland,4.25,Lough Gill Brewery,13%,Stout - Imperial / Double Oatmeal,330ml,"€ 22,73 per litre"
Tara (2024),"€ 7,50",Ireland,4.24,Lough Gill Brewery,14.8%,Stout - Imperial / Double,330ml,"€ 22,73 per litre"
MONSTROSITY PART 2,"€ 7,50",Netherlands,4.24,White Dog Brewery,11%,Stout - Imperial / Double Pastry,Can 440ml,"€ 17,05 per litre"
Warrior (2024),"€ 7,50",Ireland,4.20,Lough Gill Brewery,14%,Stout - Imperial / Double,330ml,"€ 22,73 per litre"
IRL,"€ 7,50",Spain,4.13,SOMA Beer,8%,IPA - Imperial / Double New England / Hazy,Can 440ml,"€ 17,05 per litre"
Freshhhh,"€ 6,95",Spain,4.13,SOMA Beer,6%,IPA - New England / Hazy,Can 440ml,"€ 15,80 per litre"
Dongus,"€ 6,50",Ireland,4.12,Whiplash,10.5%,Stout - Imperial / Double Coffee,Can 440ml,"€ 14,77 per litre"
Maximum Sunshine,"€ 7,95",England,4.07,Neon Raptor Brewing Co.,8.4%,IPA - Imperial / Double New England / Hazy,Can 440ml,"€ 18,07 per litre"
OPP,"€ 6,95",Spain,4.03,SOMA Beer,6.5%,IPA - New England / Hazy,Can 440ml,"€ 15,80 per litre"
Dingus,"€ 6,50",Ireland,4.00,Whiplash,11.4%,Stout - Imperial / Double,Can 440ml,"€ 14,77 per litre"
Denim Denim Denim,"€ 6,95",England,3.99,Neon Raptor Brewing Co.,6.2%,IPA - New England / Hazy,Can 440ml,"€ 15,80 per litre"
Thick Stew,"€ 6,50",Ireland,3.93,Whiplash,8%,IPA - Imperial / Double,Can 440ml,"€ 14,77 per litre"
Nice Mover,"€ 5,50",Ireland,3.77,Whiplash,6.8%,IPA - American,Can 440ml,"€ 12,50 per litre"
Keizer Augustus,"€ 3,50",Netherlands,3.75,Brouwerij Rodanum,10%,Belgian Strong Golden Ale,Can 440ml,"€ 12,50 per litre"
ROTT.Barrels #8 Heaven Hill Barrel Aged Imperial Stout,"€ 7,99",Netherlands,4.07,ROTT. Brouwers,13%,Belgian Quadrupel,330ml,"€ 24,21 per litre"
Track / Range Brewing - Solara,"€ 10,90",England,4.36,Track Brewing Company,8.4%,IPA - Imperial / Double,Can 440ml,"€ 24,77 per litre"
Track / Cloudwater - Glacia,"€ 8,50",England,3.96,Track Brewing Company,7.2%,IPA - American,Can 440ml,"€ 19,32 per litre"
Coronado - Weekend Vibes IPA,"€ 6,70",United States,3.79,Coronado Brewing Company,6.8%,IPA - American,473ml,"€ 14,16 per litre"
Pips Meadery - Barrel Aged Blue Suede Shews,"€ 100,00",United States,4.92,Pips Meadery,14%,Mead - Other,200ml,"€ 500,00 per litre"
The Bruery - No Oven Required,"€ 44,90",United States,4.30,The Bruery,17.7%,Stout - Imperial / Double,Bottle 750ml,"€ 59,87 per litre"
The Bruery - Goses Are Red,"€ 7,30",United States,3.87,The Bruery Terreux,5.3%,Sour - Fruited Gose,473ml,"€ 15,43 per litre"
The Bruery - Offshoot - Viaje,"€ 6,20",United States,3.65,Offshoot Beer Co.,4.7%,Lager - Mexican,473ml,"€ 13,11 per litre"
The Bruery - Black Tuesday 2023,"€ 40,00",USA,3.65,The Bruery,19.5%,Lager - Mexican,Bottle 375ml,"€ 106,67 per litre"
zeroLabs Unfiltered 0.0,"€ 3,90",Germany,3.59,Zero Labs GmbH,19.5%,Non-Alcoholic - Other,330ml,"€ 11,82 per litre"
Upstream- Pale Ale,"€ 2,50",Ireland,3.56,Rye River Brewing Company,4.5%,Pale Ale - Other,330ml,"€ 7,58 per litre"
Lil' Bangin'- Session IPA,"€ 2,50",Ireland,3.44,Rye River Brewing Company,3.8%,IPA - Session,330ml,"€ 7,58 per litre"
Baltic Barista,"€ 3,90",Germany,3.38,BRLO,7%,Porter - Coffee,330ml,"€ 11,82 per litre"
Schwiegervater's Stolz,"€ 2,90",Germany,3.28,Braumanufaktur Hertl,4.9%,Rauchbier,500ml,"€ 5,80 per litre"
Belching Beaver - Peanut Butter Milk Stout,"€ 5,40",United States,3.99,Belching Beaver Brewery,5.3%,Stout - Milk / Sweet,355ml,"€ 15,21 per litre"
Belching Beaver - Deftones Phantom Bride,"€ 6,50",United States,3.87,Belching Beaver Brewery,7.1%,IPA - American,Can 440ml,"€ 14,77 per litre"
Coronado - Palm Sway Tropical IPA,"€ 6,60",United States,3.67,Coronado Brewing Company,6.5%,IPA - American,473ml,"€ 13,95 per litre"
Belching Beaver - Me So Honey Blonde,"€ 4,80",United States,3.52,Belching Beaver Brewery,5.5%,Blonde / Golden Ale - Other,355ml,"€ 13,52 per litre"
Maui - Pineapple Mana Wheat,"€ 5,20",United States,3.64,Maui Brewing Company,5.5%,Wheat Beer - Fruited,355ml,"€ 14,65 per litre"
The Bruery - Offshoot - Relax,"€ 7,60",United States,?,Offshoot Beer Co.,6.7%,IPA - American,473ml,"€ 16,07 per litre"
Schneider TAPX Cuvee Barrique Edition 2019,"€ 12,99",Germany,3.88,Schneider Weisse G. Schneider & Sohn,9.5%,Bock - Weizenbock,Bottle 750ml,"€ 17,32 per litre"
Schneider Aventinus Eisbock,"€ 2,99",Germany,3.79,Schneider Weisse G. Schneider & Sohn,12%,Bock - Eisbock,330ml,"€ 9,06 per litre"
Schneider TAP4 Festweisse,"€ 2,29",Germany,3.65,Schneider Weisse G. Schneider & Sohn,6.2%,Wheat Beer - Hefeweizen,500ml,"€ 4,58 per litre"
Schneider LoveBeer Weissbier,"€ 2,19",Germany,3.50,Schneider Weisse G. Schneider & Sohn,4.9%,Wheat Beer - Hefeweizen,500ml,"€ 4,38 per litre"
BRLO x Lervig Rosinenbomber Imperial Stout,"€ 3,69",Germany,3.15,BRLO,3.5%,Sour - Fruited Berliner Weisse,330ml,"€ 11,18 per litre"
Firestone Walker - Parabola 2024,"€ 15,80",United States,4.29,Firestone Walker Brewing Company,13.8%,Stout - Russian Imperial,355ml,"€ 44,51 per litre"
Firestone Walker - Mind Haze Brain Melter,"€ 6,00",United States,3.81,Firestone Walker Brewing Company,8.5%,IPA - Imperial / Double New England / Hazy,355ml,"€ 16,90 per litre"
Firestone Walker - Mind Haze Cosmic Crusher,"€ 6,20",United States,3.78,Firestone Walker Brewing Company,9.5%,IPA - Imperial / Double,355ml,"€ 17,46 per litre"
Firestone Walker - Mind Haze,"€ 4,80",United States,3.76,Firestone Walker Brewing Company,6.2%,IPA - New England / Hazy,355ml,"€ 13,52 per litre"
Firestone Walker - Mixed IPA,"€ 50,10",USA,3.76,Firestone Walker,6.4%,IPA - New England / Hazy,355ml,"€ 141,13 per litre"
Firestone Walker - Parabolita 2023,"€ 13,90",USA,3.76,Firestone Walker,9.2%,IPA - New England / Hazy,473ml,"€ 29,39 per litre"
Popihn Sauvage Shiso Rouge (2023),"€ 16,32",France,4.07,Popihn Sauvages,7%,Wild Ale - Other,Bottle 750ml,"€ 21,76 per litre"
American IS - Barrel Aged Blend,"€ 8,17",France,4.01,Popihn,13.5%,Stout - Imperial / Double,330ml,"€ 24,76 per litre"
Salsa Verde TIPA x Track,"€ 10,00",Spain,4.21,Basqueland Brewing,10%,IPA - Triple New England / Hazy,Can 440ml,"€ 22,73 per litre"
Txuleton DIPA x SOMA,"€ 9,20",Spain,4.12,Basqueland Brewing,8%,IPA - Imperial / Double,Can 440ml,"€ 20,91 per litre"
Sobremesa Imperial Stout x Amundsen,"€ 9,20",Spain,4.11,Basqueland Brewing,12%,Stout - Imperial / Double Pastry,Can 440ml,"€ 20,91 per litre"
Cocina Vasca DIPA,"€ 9,20",Spain,4.02,Basqueland Brewing,8%,IPA - Imperial / Double New England / Hazy,Can 440ml,"€ 20,91 per litre"
Bonito Del Norte IPA x Cloudwater,"€ 8,40",Spain,3.96,Basqueland Brewing,6.4%,IPA - New England / Hazy,Can 440ml,"€ 19,09 per litre"
Surf & Turf IPA x Outer Range,"€ 8,00",Spain,3.86,Basqueland Brewing,7%,IPA - American,Can 440ml,"€ 18,18 per litre"
Bramble On Sour x Ārpus,"€ 8,60",Spain,3.72,Basqueland Brewing,5.7%,Sour - Fruited,Can 440ml,"€ 19,55 per litre"
Jule Sovs,"€ 79,80",Denmark,3.44,To Øl,6.1%,IPA - New England / Hazy,24-pack,"Total price: € 79,80"
Brokilde Winter,"€ 79,80",Denmark,3.42,To Øl,8.5%,Belgian Tripel,24-pack,"Total price: € 79,80"
45 Days of X-mas,"€ 66,40",Denmark,3.18,To Øl,5%,Lager - Vienna,24-pack,"Total price: € 66,40"
Lidmašīnas,"€ 6,95",Netherlands,4.05,Brouwerij Frontaal,10%,Stout - Imperial / Double,Can 440ml,"€ 15,80 per litre"
King JJJuliusss,"€ 28,99",United States,4.68,Tree House Brewing Company,8.4%,IPA - Imperial / Double,Can 440ml,"€ 15,80 per litre"
St. Bernardus Christmas Ale,"€ 8,35",Belgium,3.88,Brouwerij St.Bernardus,10%,Winter Ale,Bottle 750ml,"€ 11,13 per litre"
Gouden Carolus Christmas,"€ 2,45",Belgium,3.61,Brouwerij Het Anker,10.5%,Winter Ale,Bottle 750ml,"€ 11,13 per litre"
Gouden Carolus Christmas,"€ 7,15",Belgium,3.61,Brouwerij Het Anker,10.5%,Winter Ale,Bottle 750ml,"€ 9,53 per litre"
Very Big Moose 2024 Maple & Hazelnut,"€ 8,20",Scotland,3.92,Fierce Beer,12.5%,Stout - Imperial / Double,Can 440ml,"€ 18,64 per litre"
Very Big Moose 2024 2-Year Bourbon,"€ 8,20",Scotland,3.89,Fierce Beer,12.5%,Stout - Imperial / Double,Can 440ml,"€ 18,64 per litre"
ROTT.droom,"€ 4,50",Netherlands,3.68,ROTT. Brouwers,6%,IPA - American,Can 330ml,"€ 13,64 per litre"
Piccadilly Porter,"€ 15,60",England,3.77,Cloudwater Brew Co.,4.5%,Porter - English,4-pack,"Total price: € 15,60"
Piccadilly Porter,"€ 4,80",England,3.77,Cloudwater Brew Co.,4.5%,Porter - English,4-pack,"Total price: € 4,80"
Van Honsebrouck Kasteel Rouge,"€ 1,95",Belgium,3.58,Kasteel Brouwerij Vanhonsebrouck,8%,Fruit Beer,330ml,"€ 5,91 per litre"
Sailing'24 Rum Barrel Aged Quadrupel,"€ 6,99",Netherlands,3.92,Berging Brouwerij,10.6%,Belgian Quadrupel,330ml,"€ 5,91 per litre"
Sailing'24 Rum Barrel Aged Imperial Stout,"€ 6,99",Netherlands,3.92,Berging Brouwerij,10.3%,Stout - Russian Imperial,330ml,"€ 21,18 per litre"
Sailing'24 Rum Barrel Aged Tripel,"€ 6,99",Netherlands,3.75,Berging Brouwerij,10.3%,Belgian Tripel,330ml,"€ 21,18 per litre"
Jule Sovs,"€ 6,80",Denmark,3.44,To Øl,6.1%,IPA - New England / Hazy,Can 440ml,"€ 15,45 per litre"
Brokilde Winter,"€ 5,40",Denmark,3.42,To Øl,8.5%,Belgian Tripel,Can 440ml,"€ 15,45 per litre"
45 Days of X-mas,"€ 5,40",Denmark,3.18,To Øl,5%,Lager - Vienna,Can 440ml,"€ 12,27 per litre"
Firestone Walker - Between Two Grahams,"€ 18,10",United States,4.21,Firestone Walker Brewing Company,11.5%,Stout - Imperial / Double,355ml,"€ 50,99 per litre"
Firestone Walker - Bravissimo 2023,"€ 18,20",United States,4.16,Firestone Walker Brewing Company,12%,Brown Ale - Imperial / Double,355ml,"€ 51,27 per litre"
Firestone Walker - Calisqueeze Blood Orange,"€ 4,50",United States,3.83,Firestone Walker Brewing Company,5%,Wheat Beer - Fruited,355ml,"€ 12,68 per litre"
Coronado - Big Weekend DIPA,"€ 11,50",United States,3.77,Coronado Brewing Company,8.8%,IPA - Imperial / Double,578ml,"€ 19,90 per litre"
Coronado - Orange Avenue Wit,"€ 6,00",United States,3.56,Coronado Brewing Company,5.2%,Wheat Beer - Witbier / Blanche,473ml,"€ 12,68 per litre"
Coronado - Salty Crew,"€ 4,20",United States,3.53,Coronado Brewing Company,4.5%,Blonde / Golden Ale - American,355ml,"€ 11,83 per litre"
Firestone Walker - 26th Anniversary Ale 2022,"€ 17,90",USA,3.53,Firestone Walker,11%,Blonde / Golden Ale - American,355ml,"€ 50,42 per litre"
#4000,"€ 7,99",Netherlands,4.21,Brouwerij de Molen,14%,Belgian Quadrupel,330ml,"€ 24,21 per litre"
God of Souls (Theogony Project),"€ 9,49",Greece,4.17,Seven Island Brewery,11%,Stout - Imperial / Double Coffee,Can 440ml,"€ 21,57 per litre"
God of Oceans (Theogony Project),"€ 9,49",Greece,4.13,Seven Island Brewery,11%,Stout - Imperial / Double Coffee,Can 440ml,"€ 21,57 per litre"
Gingermans Candy Cabin,"€ 8,49",Greece,3.80,Seven Island Brewery,11%,Stout - Imperial / Double Pastry,Can 440ml,"€ 19,30 per litre"
Belching Beaver - Tropical Terps,"€ 5,50",United States,3.83,Belching Beaver Brewery,6.6%,IPA - New England / Hazy,355ml,"€ 15,49 per litre"
Belching Beaver - Hazers Gonna Haze Can,"€ 5,30",United States,3.78,Belching Beaver Brewery,6.6%,IPA - New England / Hazy,355ml,"€ 14,93 per litre"
Alesmith - .394 Pale Ale,"€ 5,20",United States,3.78,AleSmith Brewing Company,6%,Pale Ale - American,355ml,"€ 14,65 per litre"
Alesmith - Party Tricks,"€ 6,30",United States,3.76,AleSmith Brewing Company,6.8%,IPA - American,Can 440ml,"€ 14,32 per litre"
Alesmith - Hazy .394,"€ 5,20",United States,3.71,AleSmith Brewing Company,6%,Pale Ale - New England / Hazy,355ml,"€ 14,65 per litre"
Alesmith - Session .394,"€ 5,00",United States,3.58,AleSmith Brewing Company,4.9%,Pale Ale - American,Can 440ml,"€ 11,36 per litre"
Alesmith - Nut Brown,"€ 4,60",USA,3.58,Alesmith,5%,Pale Ale - American,355ml,"€ 12,96 per litre"
Don Quichot,"€ 4,65",Netherlands,4.07,Brouwerij Kees,14%,Barleywine - Other,330ml,"€ 14,09 per litre"
Sailing'24 Rum Barrel Aged Barley Wine,"€ 6,99",Netherlands,4.06,Berging Brouwerij,12.5%,Barleywine - Other,330ml,"€ 21,18 per litre"
Canele - Pastry Train Stout,"€ 4,15",Netherlands,3.90,Brouwerij Kees,13.1%,Stout - Imperial / Double Pastry,330ml,"€ 12,58 per litre"
Triple Trails,"€ 4,85",Netherlands,3.86,Brouwerij Kees,8.9%,IPA - Triple,Can 440ml,"€ 11,02 per litre"
Disco Ginferno,"€ 4,10",Netherlands,3.22,Jopen,6.5%,IPA - American,330ml,"€ 12,42 per litre"
Popihn Sauvage Mirabelle (2024),"€ 17,69",France,4.30,Popihn Sauvages,7%,Wild Ale - Other,Bottle 750ml,"€ 23,59 per litre"
Popihn Sauvage Cerise Framboise (2023),"€ 18,97",France,4.28,Popihn Sauvages,6.8%,Wild Ale - Other,Bottle 750ml,"€ 23,59 per litre"
Imperial Stout - Ex Erable BA 16,"€ 8,17",France,4.10,Popihn,12%,Stout - Imperial / Double,330ml,"€ 24,76 per litre"
TIPA DDH  Riwaka / Nelson Sauvin / Citra,"€ 7,29",France,4.08,Popihn,9.6%,IPA - Triple New England / Hazy,Can 440ml,"€ 16,57 per litre"
Popihn Sauvage Barricade (2023),"€ 16,32",France,4.05,Popihn Sauvages,6.6%,Wild Ale - Other,Bottle 750ml,"€ 21,76 per litre"
Popihn / Dalons IPA DDH Citra,"€ 6,23",France,4.03,Popihn,7.2%,IPA - New England / Hazy,Can 440ml,"€ 14,16 per litre"
NEIPA DDH Talus / Simcoe / Sabro,"€ 6,23",France,4.02,Popihn,7%,IPA - New England / Hazy,Can 440ml,"€ 14,16 per litre"
DIPA DDH Idaho 7 / Mosaic,"€ 6,66",France,3.96,Popihn,8%,IPA - Imperial / Double New England / Hazy,Can 440ml,"€ 15,14 per litre"
NEIPA DDH Krush,"€ 6,23",France,3.85,Popihn,6.5%,IPA - New England / Hazy,Can 440ml,"€ 14,16 per litre"
NEPA DDH El DOrado / Simcoe / Mosaic,"€ 5,13",France,3.82,Popihn,5.5%,Pale Ale - New England / Hazy,Bottle 750ml,"€ 6,84 per litre"
Cold IPA Krush / Simcoe,"€ 6,23",France,3.81,Popihn,6.5%,IPA - Cold,Can 440ml,"€ 14,16 per litre"
Popihn Sauvage Deviation (2023),"€ 18,25",France,?,Popihn Sauvages,7%,Wild Ale - Other,Bottle 750ml,"€ 24,33 per litre"
Ankou – Whiskey BA (Silver Series),"€ 10,49",Estonia,4.36,Pühaste Brewery,13.9%,Stout - Imperial / Double,330ml,"€ 31,79 per litre"
Barrel Fermented en Barrique Brandy,"€ 24,99",Belgium,4.22,Bières de Chimay,10.5%,Belgian Strong Dark Ale,330ml,"€ 31,79 per litre"
Freddy – Bloodlust West Coast Ipa,"€ 4,29",Hungary,3.53,Mad Scientist,6.66%,IPA - Fruited,330ml,"€ 31,79 per litre"
Jason – Crystal Lake Hoppy Helles,"€ 3,49",Hungary,3.46,Mad Scientist,4.13%,Lager - Helles,330ml,"€ 10,58 per litre"
Pimpelmeesch Kerst Snol,"€ 3,45",Netherlands,3.32,Dorpsbrouwerij de Pimpelmeesch,8.5%,Winter Ale,330ml,"€ 10,58 per litre"
Hommeles Christmas,"€ 9,80",Netherlands,3.32,,8.5%,Winter Ale,330ml,"€ 10,58 per litre"
HEX,"€ 7,99",Spain,4.27,SOMA Beer,10%,IPA - Triple New England / Hazy,Can 440ml,"€ 18,16 per litre"
Warrior,"€ 6,99",Brazil,4.26,Spartacus Brewing,8.5%,IPA - Imperial / Double New England / Hazy,Can 440ml,"€ 15,89 per litre"
Freedom Don't Come Free,"€ 6,99",Brazil,4.19,Spartacus Brewing,6.5%,IPA - New England / Hazy,Can 440ml,"€ 15,89 per litre"
Yule M%&?!&k Bourbon Barrel Aged (2021),"€ 11,99",Denmark,4.18,To Øl,14.5%,Stout - Imperial / Double Milk,Bottle 375ml,"€ 31,97 per litre"
Harvest Time,"€ 6,99",Netherlands,4.12,Folkingebrew,10%,IPA - Triple New England / Hazy,Can 440ml,"€ 15,89 per litre"
AURA,"€ 6,99",Spain,4.11,SOMA Beer,6.5%,IPA - New England / Hazy,Can 440ml,"€ 15,89 per litre"
PLANET HBC 1019,"€ 5,99",Latvia,4.09,Hopalaa,6.7%,IPA - New England / Hazy,Can 440ml,"€ 13,61 per litre"
Chariot of Helios,"€ 7,99",England,4.03,Azvex Brewing Company,8%,IPA - Imperial / Double New England / Hazy,Can 440ml,"€ 18,16 per litre"
Chardonnay Volcanic Soul Series,"€ 6,99",Spain,3.82,Poch's Cervesa Artesana,11.4%,Pilsner - Imperial / Double,330ml,"€ 21,18 per litre"
Canela Fina Volcanic Soul Series,"€ 8,49",Spain,3.81,Poch's Cervesa Artesana,10.1%,Stout - Imperial / Double,330ml,"€ 25,73 per litre"
JULE SOVS,"€ 4,99",Denmark,3.44,To Øl,6.1%,IPA - New England / Hazy,Can 440ml,"€ 11,34 per litre"
Uzený Bock Bez Kosti,"€ 6,63",Czech Republic,3.70,Pivovar Mazák,6.5%,Rauchbier,Bottle 750ml,"€ 8,84 per litre"
Vánoční IPA,"€ 5,77",Czech Republic,3.66,Pivovar Mazák,6.5%,IPA - Other,Bottle 750ml,"€ 7,69 per litre"
Vánoční Stout - Vanilla Cocoa,"€ 7,02",Czech Republic,3.64,Pivovar Mazák,6.3%,Stout - Other,Bottle 750ml,"€ 9,36 per litre"
Dáreček 2024,"€ 5,24",Czech Republic,3.63,Pivovar Mazák,5%,Pale Ale - Other,Bottle 750ml,"€ 6,99 per litre"
Vánoční Světlý Ležák,"€ 5,27",Czech Republic,3.52,Pivovar Mazák,5.5%,Lager - Winter,Bottle 750ml,"€ 7,03 per litre"
Vánoční Gose - Hruška A Zázvor,"€ 6,08",Czech Republic,?,Pivovar Mazák,5.5%,Sour - Fruited Gose,Bottle 750ml,"€ 8,11 per litre"
Jumbo King (2024),"€ 6,99",England,4.30,Pentrich Brewing Co.,8%,IPA - Imperial / Double New England / Hazy,Can 440ml,"€ 15,89 per litre"
Gloom,"€ 8,49",Finland,4.29,Revenant Brewing Project,10.1%,IPA - Triple New England / Hazy,330ml,"€ 25,73 per litre"
Awakening,"€ 5,79",Finland,4.12,Revenant Brewing Project,8%,IPA - Imperial / Double New England / Hazy,330ml,"€ 17,55 per litre"
Double Soul Doughnut,"€ 6,79",England,4.01,Pentrich Brewing Co.,8%,Stout - Milk / Sweet,Can 440ml,"€ 15,43 per litre"
BLACK CHEESECAKE,"€ 5,49",Latvia,4.00,Hopalaa,10%,Stout - Imperial / Double,330ml,"€ 16,64 per litre"
Sterrenstof,"€ 6,99",Finland,3.98,Revenant Brewing Project,8%,IPA - Imperial / Double New England / Hazy,Can 440ml,"€ 15,89 per litre"
BLACK CHOCOLATE FUDGE,"€ 5,49",Latvia,3.98,Hopalaa,10%,Stout - Imperial / Double,330ml,"€ 16,64 per litre"
MANILITA,"€ 5,99",Latvia,3.92,Hopalaa,7%,IPA - New England / Hazy,Can 440ml,"€ 13,61 per litre"
#14 DIPA,"€ 5,79",Denmark,3.91,To Øl,8.2%,IPA - Imperial / Double,Can 440ml,"€ 13,16 per litre"
CASHMERE,"€ 5,99",Latvia,3.91,Hopalaa,6.6%,IPA - New England / Hazy,Can 440ml,"€ 13,61 per litre"
Pastry Train Canelé,"€ 4,29",Netherlands,3.90,Brouwerij Kees,13.1%,Stout - Imperial / Double Pastry,330ml,"€ 13,00 per litre"
HULA HOOP / WEST COAST DIPA,"€ 6,49",Latvia,3.88,Hopalaa,9%,IPA - Imperial / Double,Can 440ml,"€ 14,75 per litre"
Quadzilla II,"€ 7,29",Denmark,3.87,To Øl,13%,IPA - Quadruple,Can 440ml,"€ 16,57 per litre"
BLACK TIRAMISU,"€ 5,49",Latvia,3.78,Hopalaa,10%,Stout - Imperial / Double,330ml,"€ 16,64 per litre"
Orbital Movement,"€ 4,99",Denmark,3.77,To Øl,6%,IPA - New England / Hazy,Can 440ml,"€ 11,34 per litre"
In The Ways Of The Old Days,"€ 4,99",Denmark,3.68,To Øl,8.2%,IPA - American,Can 440ml,"€ 11,34 per litre"
Bim Bam Boom,"€ 4,60",Poland,4.13,Browar Stu Mostów,5%,Sour - Smoothie / Pastry,Bottle 500ml,"€ 9,20 per litre"
Saison Dupont,"€ 4,10",Belgium,3.68,Brasserie Dupont,6.5%,Farmhouse Ale - Saison,330ml,"€ 12,42 per litre"
Mimosa Breeze,"€ 20,40",England,4.03,Cloudwater Brew Co.,4.5%,Sour - Fruited,4-pack,"Total price: € 20,40"
Mimosa Breeze,"€ 6,00",England,4.03,Cloudwater Brew Co.,4.5%,Sour - Fruited,Can 440ml,"€ 13,64 per litre"
Ice Planet By Rackhouse,"€ 18,95",Norway,4.38,LERVIG,14.1%,Stout - Imperial / Double,Bottle 375ml,"€ 50,53 per litre"
From the Barrel '24 Jamaican Rum BA Imperial Stout,"€ 10,90",Hungary,3.82,Fehér Nyúl,12.5%,Stout - Imperial / Double,330ml,"€ 33,03 per litre"
From the Barrel '24 Maple Syrup BA Wheat Wine,"€ 10,90",Hungary,3.73,Fehér Nyúl,10.5%,Wheat Beer - Wheat Wine,330ml,"€ 33,03 per litre"
Drink The Christmas Tree 2024,"€ 5,10",Hungary,3.56,Fehér Nyúl,6.7%,IPA - Other,330ml,"€ 15,45 per litre"
From the Barrel '24 Mezcal BA Wheat Wine,"€ 10,90",Hungary,?,Fehér Nyúl,10.5%,Wheat Beer - Wheat Wine,330ml,"€ 33,03 per litre"
From the Barrel '24 Old Forester Bourbon BA Imperial Stout,"€ 10,90",Hungary,?,Fehér Nyúl,12.5%,Stout - Imperial / Double,330ml,"€ 33,03 per litre"
Esthajnal 2024,"€ 4,80",Hungary,?,Szent András Sörfőzde,5.6%,Lager - Winter,330ml,"€ 14,55 per litre"
The Goose Is Loose,"€ 6,10",Denmark,3.76,To Øl,4.2%,Sour - Fruited Gose,Can 440ml,"€ 13,86 per litre"
Queen Julius,"€ 22,99",United States,4.30,Tree House Brewing Company,8.1%,IPA - Imperial / Double,Can 440ml,"€ 13,86 per litre"
Jumbo King (2024),"€ 7,40",England,4.30,Pentrich Brewing Co.,8%,IPA - Imperial / Double New England / Hazy,Can 440ml,"€ 16,82 per litre"
Heart of A Warrior,"€ 22,99",United States,4.29,Tree House Brewing Company,7.8%,IPA - Imperial / Double New England / Hazy,Can 470ml,"€ 48,91 per litre"
Straffe Hendrik Heritage 2023,"€ 26,90",Belgium,4.18,Brouwerij De Halve Maan,11%,Belgian Quadrupel,Bottle 750ml,"€ 35,87 per litre"
Bliss,"€ 8,90",Portugal,4.17,Ophiussa Brewing Co.,5%,Sour - Smoothie / Pastry,Can 440ml,"€ 20,23 per litre"
Timberline,"€ 21,99",United States,4.15,Tree House Brewing Company,6.8%,IPA - New England / Hazy,Can 470ml,"€ 46,79 per litre"
Crimes In Citra (2024),"€ 7,10",England,4.15,Pentrich Brewing Co.,7%,IPA - American,Can 440ml,"€ 16,14 per litre"
Rosa,"€ 8,90",Portugal,4.13,Ophiussa Brewing Co.,5%,Sour - Smoothie / Pastry,Can 440ml,"€ 20,23 per litre"
Awakening,"€ 6,10",Finland,4.12,Revenant Brewing Project,8%,IPA - Imperial / Double New England / Hazy,Can 440ml,"€ 13,86 per litre"
Dominion,"€ 4,90",Estonia,4.07,Pühaste Brewery,11%,Stout - Imperial / Double,330ml,"€ 14,85 per litre"
Beans & Biscuits,"€ 4,90",Estonia,4.06,Pühaste Brewery,9%,Stout - Imperial / Double Pastry,330ml,"€ 14,85 per litre"
ROTT.brûlée,"€ 4,90",Netherlands,4.05,ROTT. Brouwers,10.5%,Stout - Imperial / Double Pastry,330ml,"€ 14,85 per litre"
Chariot of Helios,"€ 8,30",England,4.03,Azvex Brewing Company,8%,IPA - Imperial / Double New England / Hazy,Can 440ml,"€ 18,86 per litre"
Hopzz_ Sublime,"€ 7,20",Poland,4.03,Browar PINTA,6%,IPA - New England / Hazy,500ml,"€ 14,40 per litre"
For the Love of Hops 'Scarlet',"€ 7,20",Netherlands,4.03,Brouwerij Frontaal,9.5%,IPA - Triple New England / Hazy,Can 440ml,"€ 16,36 per litre"
Hopzz_ Essential,"€ 7,20",Poland,4.02,Browar PINTA,6%,IPA - New England / Hazy,500ml,"€ 14,40 per litre"
Hipster For Christmas 2021 By Rackhouse,"€ 24,90",Norway,4.01,LERVIG,13.1%,Barleywine - English,Bottle 375ml,"€ 66,40 per litre"
Black Chocolate Fudge Stout,"€ 5,70",Latvia,3.98,Hopalaa,10%,Stout - Imperial / Double,330ml,"€ 17,27 per litre"
Sèxtuple,"€ 8,90",Spain,3.96,Poch's Cervesa Artesana,11%,Barleywine - Other,330ml,"€ 26,97 per litre"
#14 DIPA,"€ 6,30",Denmark,3.91,To Øl,8.2%,IPA - Imperial / Double,Can 440ml,"€ 14,32 per litre"
Wairua,"€ 5,20",Estonia,3.91,Pühaste Brewery,8%,IPA - Imperial / Double New England / Hazy,330ml,"€ 15,76 per litre"
Hazy Discovery Transylvania,"€ 6,00",Poland,3.86,Browar PINTA,6%,IPA - New England / Hazy,500ml,"€ 12,00 per litre"
Hazy Discovery Žalec,"€ 5,80",Poland,3.85,Browar PINTA,6%,IPA - New England / Hazy,500ml,"€ 11,60 per litre"
Heavy Glimmer (2024),"€ 5,90",England,3.82,Pentrich Brewing Co.,5.2%,Pale Ale - English,Can 440ml,"€ 13,41 per litre"
Sarvik,"€ 3,70",Estonia,3.79,Pühaste Brewery,8%,Bock - Doppelbock,330ml,"€ 11,21 per litre"
Xmas Quad BA (2024),"€ 7,70",Denmark,3.64,To Øl,11%,Belgian Quadrupel,330ml,"€ 23,33 per litre"
Mäng,"€ 5,20",Estonia,3.63,Pühaste Brewery,12.5%,Pale Ale - New England / Hazy,330ml,"€ 15,76 per litre"
Maverick Monk,"€ 3,90",Netherlands,3.62,KOMPAAN Dutch Craft Beer Company,8.4%,Belgian Tripel,330ml,"€ 11,82 per litre"
Disco Ginferno,"€ 4,30",Netherlands,3.22,Jopen,6.5%,IPA - American,330ml,"€ 13,03 per litre"
Gloom,"€ 8,90",Finland,3.22,Revenant Brewing Project collab/ Panimoyhtiö Tuju,10.1%,IPA,Can 440ml,"€ 20,23 per litre"
Spectrum Shift,"€ 5,70",Estland,3.22,Pühaste Brewery collab/ Rivington Brewing Co,10%,IPA,330ml,"€ 17,27 per litre"
Sterrenstof,"€ 7,30",Finland,3.22,Revenant Brewing Project collab/ Frontaal Brewing Co.,8%,IPA,Can 440ml,"€ 16,59 per litre"
Nosferatu,"€ 5,95",Netherlands,3.82,Van Moll,11.5%,Bock - Doppelbock,330ml,"€ 18,03 per litre"
Gulden Draak Smoked,"€ 3,05",Belgium,3.53,Brouwerij Van Steenberge,10.5%,Smoked Beer,330ml,"€ 9,24 per litre"
Double Citra,"€ 7,50",France,4.05,Brasserie Cambier,8%,IPA - Imperial / Double,Can 440ml,"€ 17,05 per litre"
Paix Dieu,"€ 3,70",Belgium,3.77,Brasserie Caulier,10%,Belgian Tripel,330ml,"€ 11,21 per litre"
Lellebel,"€ 3,20",Netherlands,3.57,Brouwerij de Eeuwige Jeugd,5.7%,Blonde / Golden Ale - Other,330ml,"€ 9,70 per litre"
La Trappe Nillis,"€ 2,60",Netherlands,3.04,Bierbrouwerij De Koningshoeven,5.7%,Non-Alcoholic - Other,330ml,"€ 7,88 per litre"
SUPER 8 Flandrien 0.0,"€ 2,50",Belgium,2.75,Brouwerij Haacht Brasserie,5.7%,Non-Alcoholic - Other,330ml,"€ 7,58 per litre"
Augustiner Lagerbier Hell,"€ 5,00",Germany,3.64,Augustiner-Bräu München,5.2%,Lager - Helles,Bottle 500ml,"€ 10,00 per litre"
9th Birthday Cake Marzipan Cinnamon Roll,"€ 11,20",Norway,4.14,Amundsen Brewery,13%,Stout - Imperial / Double Pastry,Can 440ml,"€ 25,45 per litre"
Drinking Crayons,"€ 11,20",United States,4.11,Icarus Brewing,7.9%,IPA - Imperial / Double New England / Hazy,473ml,"€ 23,68 per litre"
Cyclops Sabro,"€ 11,20",Canada,4.00,Willibald Farm Brewery,8.4%,IPA - Imperial / Double,473ml,"€ 23,68 per litre"
INFINITY X Azvex,"€ 10,20",England,4.43,Pomona Island Brew Co.,11%,Stout - Imperial / Double,Can 440ml,"€ 23,18 per litre"
INFINITY X Beak,"€ 6,60",England,4.10,Pomona Island Brew Co.,6.3%,IPA - New England / Hazy,Can 440ml,"€ 15,00 per litre"
INFINITY X Rivington,"€ 5,60",England,4.04,Pomona Island Brew Co.,5.4%,Pale Ale - New England / Hazy,Can 440ml,"€ 12,73 per litre"
9th Birthday Cake Marzipan Cinnamon Roll,"€ 11,20",Norway,4.14,Amundsen Brewery,13%,Stout - Imperial / Double Pastry,Can 440ml,"€ 25,45 per litre"
Drinking Crayons,"€ 11,20",United States,4.11,Icarus Brewing,7.9%,IPA - Imperial / Double New England / Hazy,473ml,"€ 23,68 per litre"
Cyclops Sabro,"€ 11,20",Canada,4.00,Willibald Farm Brewery,8.4%,IPA - Imperial / Double,473ml,"€ 23,68 per litre"
Rochefort 10,"€ 3,95",Belgium,4.05,Abbaye Notre-Dame de Saint-Rémy,11.3%,Belgian Quadrupel,330ml,"€ 11,97 per litre"
Paix Dieu,"€ 3,95",Belgium,3.77,Brasserie Caulier,10%,Belgian Tripel,330ml,"€ 11,97 per litre"
Orval,"€ 3,50",Belgium,3.68,Brasserie d'Orval,6.2%,Pale Ale - Belgian,330ml,"€ 11,97 per litre"
Blond,"€ 3,50",Belgium,3.58,Brouwerij De Poes,8%,Belgian Strong Golden Ale,330ml,"€ 10,61 per litre"
Sloppy Joe,"€ 3,50",Netherlands,3.57,Vat'33,8%,Belgian Tripel,330ml,"€ 10,61 per litre"
Moray IPA,"€ 2,95",Netherlands,3.42,Stadshaven Brouwerij,5.5%,IPA - Other,330ml,"€ 8,94 per litre"
Great White,"€ 2,95",Netherlands,3.37,Stadshaven Brouwerij,5.3%,Wheat Beer - Other,330ml,"€ 8,94 per litre"
Sand Diver 0.3,"€ 3,25",Netherlands,3.20,De Kromme Haring,0.3%,Non-Alcoholic - Other,330ml,"€ 9,85 per litre"
MONSTROSITY PART 1,"€ 7,29",Netherlands,4.44,White Dog Brewery,11%,Stout - Imperial / Double Pastry,Can 440ml,"€ 16,57 per litre"
CLOWNS,"€ 6,99",Netherlands,4.25,White Dog Brewery,10%,IPA - Triple New England / Hazy,Can 440ml,"€ 15,89 per litre"
MONSTROSITY PART 2,"€ 7,29",Netherlands,4.24,White Dog Brewery,11%,Stout - Imperial / Double Pastry,Can 440ml,"€ 16,57 per litre"
The Algorithm Pt. 3,"€ 6,69",Netherlands,4.19,Uiltje Brewing Company,14.5%,Stout - Imperial / Double,Can 440ml,"€ 16,57 per litre"
Friend or Foe? Rum BA,"€ 7,79",Poland,4.11,Browar Rockmill,12%,Smoked Beer,330ml,"€ 23,61 per litre"
DRIP,"€ 6,29",Netherlands,4.03,White Dog Brewery,6%,IPA - American,Can 440ml,"€ 14,30 per litre"
Perfect Krush,"€ 5,29",Italy,3.98,CRAK Brewery,6.5%,IPA - American,330ml,"€ 16,03 per litre"
Giant Step,"€ 4,69",Italy,3.83,CRAK Brewery,7.5%,IPA - American,330ml,"€ 16,03 per litre"
Travail of Seven,"€ 4,99",Netherlands,3.82,Goede Kant van het Spoor,10.3%,Stout - Russian Imperial,330ml,"€ 15,12 per litre"
Creepy Hops,"€ 5,89",Poland,3.82,Browar Birbant,8.6%,IPA - Imperial / Double,500ml,"€ 11,78 per litre"
Guerilla,"€ 4,49",Italy,3.72,CRAK Brewery,5.8%,IPA - American,500ml,"€ 11,78 per litre"
A.P.G. Driessen,"€ 3,69",Netherlands,3.66,Goede Kant van het Spoor,8%,Bock - Single / Traditional,330ml,"€ 11,18 per litre"
Witchfinders,"€ 6,90",France,4.19,Prizm Brewing Co.,8%,IPA - Imperial / Double,Can 440ml,"€ 15,68 per litre"
Popihn | Imperial Stout Bourbon & Barbados Rum BA 16 mois / Vanille de Madagascar | 12%,"€ 8,30",France,4.10,Popihn,12%,Stout - Imperial / Double,330ml,"€ 25,15 per litre"
Cerise (2023),"€ 18,90",France,4.08,Popihn Sauvages,6%,Wild Ale - Other,Bottle 750ml,"€ 25,20 per litre"
"Strata / Nectaron / Citra | 6,5%","€ 6,50",France,4.08,Popihn,6.5%,IPA - New England / Hazy,Can 440ml,"€ 14,77 per litre"
Rico Case,"€ 7,80",France,4.05,Prizm Brewing Co.,10%,IPA - Triple,Can 440ml,"€ 17,73 per litre"
"Popihn | Dry Stout | 4,6%","€ 4,90",France,4.00,Popihn,4.6%,Stout - Foreign / Export,Can 440ml,"€ 11,14 per litre"
"Cascade / Simcoe / Centennial | 6,7%","€ 6,50",France,3.96,Popihn,6.7%,IPA - American,Can 440ml,"€ 14,77 per litre"
Flou De FaFa,"€ 4,90",France,3.92,VIF,6.5%,IPA - New England / Hazy,330ml,"€ 14,85 per litre"
"Citra | 6,3%","€ 6,50",France,3.87,Popihn,6.3%,IPA - New England / Hazy,Can 440ml,"€ 14,77 per litre"
"Krush | 6,5%","€ 6,50",France,3.85,Popihn,6.5%,IPA - New England / Hazy,Can 440ml,"€ 14,77 per litre"
"Popihn | Gose Fleur de Sel / Coriandre | 4,6%","€ 4,20",France,3.81,Popihn,4.6%,Sour - Traditional Gose,Can 440ml,"€ 9,55 per litre"
Tingle In My Fingers,"€ 6,70",France,3.66,Prizm Brewing Co.,7.5%,Sour - Smoothie / Pastry,Can 440ml,"€ 15,23 per litre"
Vienna,"€ 4,30",France,3.59,VIF,5%,Lager - Vienna,330ml,"€ 13,03 per litre"
Gold of the Coast,"€ 4,30",France,3.58,VIF,5%,Blonde / Golden Ale - Other,330ml,"€ 13,03 per litre"
Family Tree: England,"€ 4,30",France,3.57,VIF,5%,Bitter - Extra Special / Strong (ESB),330ml,"€ 13,03 per litre"
Cache Cache (2023),"€ 16,40",France,?,Popihn Sauvages,6%,Wild Ale - Other,Bottle 750ml,"€ 21,87 per litre"
Paragon 2023 By Rackhouse,"€ 18,99",Norway,4.38,LERVIG,13%,Barleywine - English,Bottle 375ml,"€ 50,64 per litre"
Off the Rack Paragon 2023 By Rackhouse,"€ 32,49",Norway,4.38,LERVIG,13.5%,Barleywine - Other,Bottle 750ml,"€ 43,32 per litre"
Turkey Dressing,"€ 7,79",Germany,4.17,Sudden Death Brewing Co.,5%,Sour - Fruited,Can 440ml,"€ 17,70 per litre"
Blades of Steel 2,"€ 6,99",Germany,4.11,Sudden Death Brewing Co.,6.5%,IPA - New England / Hazy,Can 440ml,"€ 15,89 per litre"
Birthday Juice,"€ 8,29",Romania,4.09,Hop Hooligans,10%,IPA - Triple New England / Hazy,500ml,"€ 16,58 per litre"
Dragon Slayer,"€ 7,29",Greece,4.07,Seven Island Brewery,8%,IPA - Imperial / Double New England / Hazy,Can 440ml,"€ 16,57 per litre"
Wyrm Reaper,"€ 7,29",Greece,4.06,Seven Island Brewery,8%,IPA - Imperial / Double New England / Hazy,Can 440ml,"€ 16,57 per litre"
Crawling Distance V2,"€ 7,99",Romania,4.03,Hop Hooligans,8%,IPA - Imperial / Double New England / Hazy,500ml,"€ 15,98 per litre"
Trivial ABV,"€ 6,79",Romania,4.02,Bereta Brewing Co.,9%,IPA - Triple New England / Hazy,Can 440ml,"€ 15,43 per litre"
Foeder Framboise By Rackhouse,"€ 20,49",Norway,4.02,LERVIG,5.3%,Sour - Fruited,Bottle 750ml,"€ 27,32 per litre"
Crystal Death (2024),"€ 6,79",Germany,3.97,Sudden Death Brewing Co.,6.5%,IPA - New England / Hazy,Can 440ml,"€ 15,43 per litre"
Empire of Light,"€ 6,49",Romania,3.95,Hop Hooligans,6%,IPA - Imperial / Double New England / Hazy,500ml,"€ 12,98 per litre"
Billie's,"€ 6,49",Poland,3.93,Ziemia Obiecana,9%,IPA - Triple New England / Hazy,500ml,"€ 12,98 per litre"
Trudno Tak,"€ 5,99",Poland,3.92,Ziemia Obiecana,8%,IPA - Imperial / Double,500ml,"€ 11,98 per litre"
Lament,"€ 5,99",Poland,3.84,Ziemia Obiecana,7%,IPA - Imperial / Double New England / Hazy,500ml,"€ 11,98 per litre"
That's What CZ Said,"€ 4,79",Romania,3.57,Bereta Brewing Co.,5.1%,Lager - Polotmavé (Czech Amber),Can 440ml,"€ 10,89 per litre"
Beer to end all Beers – QDH Quipa,"€ 7,95",Germany,4.58,FUERST WIACEK,12%,IPA - Quadruple,Can 440ml,"€ 18,07 per litre"
Sunburst – Fruited Sour – Collab Uchu Brewing,"€ 6,95",Germany,3.82,FUERST WIACEK,5%,Sour - Fruited,Can 440ml,"€ 15,80 per litre"
Petit Jus De Mort: Mûres + Framboise + Pomme Grenade,"€ 13,69",Canada,4.49,Messorem,6%,Sour - Smoothie / Pastry,473ml,"€ 28,94 per litre"
Brasserie Du Bas-Canada Kaiju,"€ 13,49",Canada,4.47,Brasserie du Bas-Canada,10%,IPA - Triple,473ml,"€ 28,52 per litre"
Mortals Dance In Defiance of the Dark,"€ 12,29",Canada,4.29,Third Moon Brewing Company,8%,IPA - Imperial / Double New England / Hazy,473ml,"€ 25,98 per litre"
Les Âmes S'Envolent : Au Crépuscule,"€ 11,49",Canada,4.23,Messorem,6.3%,IPA - New England / Hazy,473ml,"€ 24,29 per litre"
Occultation,"€ 10,99",Canada,4.13,Third Moon Brewing Company,6.5%,IPA - New England / Hazy,473ml,"€ 23,23 per litre"
Bone Tree,"€ 10,69",Canada,4.08,Third Moon Brewing Company,6.5%,IPA - New England / Hazy,473ml,"€ 22,60 per litre"
Strange Philosophies 104,"€ 12,90",United States,4.16,Mortalis Brewing Company,8%,IPA - Fruited,473ml,"€ 27,27 per litre"
Brewery / Arpus Brewing Co - Olia,"€ 10,50",England,4.38,Beak Brewery,6%,Sour - Smoothie / Pastry,Can 440ml,"€ 23,86 per litre"
Choos,"€ 10,20",England,4.20,Beak Brewery,8%,IPA - Imperial / Double,Can 440ml,"€ 23,18 per litre"
Let's Talk About It,"€ 7,50",England,4.14,Pressure Drop Brewing,7.4%,IPA - New England / Hazy,Can 440ml,"€ 17,05 per litre"
Why Do You Always Do This?,"€ 8,20",England,3.93,Pressure Drop Brewing,6.3%,Sour - Fruited,Can 440ml,"€ 18,64 per litre"
Growth Cycles,"€ 5,70",England,3.85,Pressure Drop Brewing,4.8%,Pale Ale - New England / Hazy,Can 440ml,"€ 12,95 per litre"
Doldora,"€ 20,90",England,3.85,Other World Wines,14%,Pale Ale - New England / Hazy,Bottle 750ml,"€ 27,87 per litre"
Harvest Time,"€ 6,99",Netherlands,4.12,Folkingebrew,10%,IPA - Triple New England / Hazy,Can 440ml,"€ 15,89 per litre"
Don't Tell Gus,"€ 8,99",England,4.24,Verdant Brewing Co,8%,IPA - Imperial / Double New England / Hazy,Can 440ml,"€ 20,43 per litre"
Gus Knows!,"€ 7,49",England,4.10,Verdant Brewing Co,6.5%,IPA - New England / Hazy,Can 440ml,"€ 20,43 per litre"
They went on forever,"€ 7,49",England,4.03,Verdant Brewing Co,6%,IPA - New England / Hazy,Can 440ml,"€ 17,02 per litre"
There Will Be No Intervals,"€ 5,49",England,3.99,Verdant Brewing Co,4.5%,Pale Ale - New England / Hazy,Can 440ml,"€ 12,48 per litre"
Gelato: Bloody,"€ 5,99",Poland,3.96,Funky Fluid,5.5%,Sour - Smoothie / Pastry,500ml,"€ 11,98 per litre"
Gelato: Spooky,"€ 5,99",Poland,3.86,Funky Fluid,5.5%,Sour - Smoothie / Pastry,500ml,"€ 11,98 per litre"
Hazy Discovery: Transylvania,"€ 5,99",Poland,3.86,Browar PINTA,6%,IPA - New England / Hazy,500ml,"€ 11,98 per litre"
Hazy Discovery: Zalec,"€ 5,99",Poland,3.85,Browar PINTA,6%,IPA - New England / Hazy,500ml,"€ 11,98 per litre"
Citrus Smash,"€ 4,99",Poland,3.77,TankBusters.Co,5%,IPA - Fruited,500ml,"€ 11,98 per litre"
The Crown is Mine.,"€ 5,99",Poland,3.77,TankBusters.Co,5.8%,IPA - New England / Hazy,500ml,"€ 11,98 per litre"
Wagner Bock Dunkel,"€ 2,20",Germany,3.60,Brauerei Wagner Merkendorf,7.5%,Bock - Single / Traditional,500ml,"€ 4,40 per litre"
Knoblach Lagerbier,"€ 2,00",Germany,3.51,Brauerei Knoblach Schammelsdorf,5.3%,Kellerbier / Zwickelbier,500ml,"€ 4,00 per litre"
Märzen,"€ 2,00",Germany,3.51,Brauerei Hummel,5.4%,Märzen,500ml,"€ 4,00 per litre"
Wagner Bock Hell,"€ 2,20",Germany,3.46,Brauerei Wagner Merkendorf,7.5%,Bock - Single / Traditional,500ml,"€ 4,40 per litre"
Weißenoher Altfränkisches Klosterbier,"€ 2,00",Germany,3.43,Klosterbrauerei Weissenohe,5.1%,Märzen,500ml,"€ 4,00 per litre"
Göller - Kaiser Heinrich Urstoff,"€ 2,10",Germany,3.36,Brauerei Göller,5.2%,Lager - Dortmunder / Export,500ml,"€ 4,20 per litre"
Stille Nacht 2024,"€ 6,50",Belgium,4.11,Brouwerij De Dolle Brouwers,12%,Belgian Strong Golden Ale,330ml,"€ 19,70 per litre"
Wintebinkske Grand Cru,"€ 16,50",Belgium,4.01,Brouwerij Kerkom,13%,Belgian Strong Dark Ale,Bottle 750ml,"€ 22,00 per litre"
Avec les bons Voeux,"€ 8,40",Belgium,3.80,Brasserie Dupont,9.5%,Farmhouse Ale - Saison,Bottle 750ml,"€ 11,20 per litre"
Avec les bons Voeux 1.5lt,"€ 26,50",Belgium,3.80,Brasserie Dupont,9.5%,Farmhouse Ale - Saison,Bottle 750ml,"€ 11,20 per litre"
Pere Noel,"€ 9,90",Belgium,3.45,Brouwerij De Ranke,7%,Winter Ale,Bottle 750ml,"€ 13,20 per litre"
Apollo Galaxy,"€ 6,50",Czech Republic,3.77,Pivovar Matuška,5.5%,Pale Ale - American,Bottle 750ml,"€ 8,67 per litre"
California,"€ 6,23",Czech Republic,3.63,Pivovar Matuška,5.2%,Pale Ale - American,Bottle 750ml,"€ 8,31 per litre"
Winter Stout NITRO,"€ 3,20",Poland,3.61,Browar Stu Mostów,6.1%,Stout - Other,Bottle 500ml,"€ 6,40 per litre"
Turkey Dressing,"€ 8,10",Germany,4.17,Sudden Death Brewing Co.,5%,Sour - Fruited,Can 440ml,"€ 18,41 per litre"
Primeur Ltd,"€ 4,50",Netherlands,3.60,Sion Kloosterbier,7.5%,Blonde / Golden Ale - Other,330ml,"€ 13,64 per litre"
Papa Beer,"€ 3,80",Netherlands,3.57,Brouwerij Eleven,5.5%,IPA - New England / Hazy,330ml,"€ 11,52 per litre"
Sion Bockbier,"€ 4,50",Netherlands,3.57,Sion Kloosterbier,7%,Bock - Single / Traditional,330ml,"€ 13,64 per litre"
Blond,"€ 4,20",Netherlands,3.56,Sion Kloosterbier,6%,Belgian Blonde,330ml,"€ 12,73 per litre"
Dubbel,"€ 4,50",Netherlands,3.48,Sion Kloosterbier,7%,Belgian Dubbel,Can 470ml,"€ 9,57 per litre"
Hete Klinke,"€ 3,60",Belgium,3.37,Klootzakske,6.9%,Belgian Blonde,330ml,"€ 10,91 per litre"
Schönramer Bayrisch Pale Ale,"€ 3,40",Germany,3.49,Private Landbrauerei Schönram,5.5%,Pale Ale - American,330ml,"€ 10,30 per litre"
Let him sing!,"€ 3,99",Netherlands,?,Cockroach Brew,7%,IPA - Cold,330ml,"€ 10,30 per litre"
Spontaan Gaard - Cassis 2024 butelka,"€ 14,00",Poland,4.11,Lubrow Brett & Barrel,6.7%,Lambic - Fruit,Bottle 750ml,"€ 18,67 per litre"
Spontaan Gaard - Cassis 2024 butelka,"€ 8,60",Poland,4.11,Lubrow Brett & Barrel,6.7%,Lambic - Fruit,Bottle 375ml,"€ 22,93 per litre"
Spontaan Grodziskie 2024 butelka,"€ 5,90",Poland,4.08,Lubrow Brett & Barrel,3.9%,Lambic - Other,Bottle 375ml,"€ 15,73 per litre"
Spontaan Gaard - Kersen 2024 butelka,"€ 14,00",Poland,4.05,Lubrow Brett & Barrel,6.6%,Lambic - Kriek,Bottle 750ml,"€ 18,67 per litre"
Spontaan Gaard - Kersen 2024 butelka,"€ 8,60",Poland,4.05,Lubrow Brett & Barrel,6.6%,Lambic - Kriek,Bottle 375ml,"€ 22,93 per litre"
Bretts in Keller butelka,"€ 5,90",Poland,3.88,Lubrow Brett & Barrel,6.1%,Brett Beer,Bottle 375ml,"€ 15,73 per litre"
Wet Hop'5 Desitka,"€ 3,00",Poland,3.78,Browar Trójmiejski Lubrow,4.4%,Lager - Other,Can 500ml,"€ 6,00 per litre"
ManBlanc,"€ 3,00",Poland,3.68,Browar Trójmiejski Lubrow,5.3%,Pilsner - Other,Can 500ml,"€ 6,00 per litre"
La Trappe Trappist Quadrupel,"€ 9,99",Netherlands,3.91,Bierbrouwerij De Koningshoeven,10%,Belgian Quadrupel,Bottle 750ml,"€ 13,32 per litre"
Bleue Grande Reserve,"€ 8,79",Belgium,3.90,Bières de Chimay,9%,Belgian Strong Dark Ale,Bottle 750ml,"€ 11,72 per litre"
Atomic Torpedo Imperial IPA,"€ 5,49",United States,3.87,Sierra Nevada Brewing Co.,9.2%,IPA - Imperial / Double,568ml,"€ 9,67 per litre"
Atomic Torpedo West Coast DIPA,"€ 3,99",United States,3.87,Sierra Nevada Brewing Co.,9.2%,IPA - Imperial / Double,355ml,"€ 11,24 per litre"
"Hop, Skip & Juice Hazy Pale Ale","€ 3,49",England,3.75,Marble Beers Ltd/ Vocation Brewery,5.7%,Pale Ale - New England / Hazy,Can 330ml,"€ 10,58 per litre"
Life & Death IPA,"€ 3,69",England,3.74,Vocation Brewery,6.5%,IPA - American,330ml,"€ 11,18 per litre"
Tundra Tropical IPA,"€ 5,49",Ireland,3.72,Wicklow Wolf Brewing Company,5.6%,IPA - New England / Hazy,Can 440ml,"€ 12,48 per litre"
Punk IPA alkoholfrei,"€ 3,19",Scotland,3.71,BrewDog,5.2%,IPA - American,Can 330ml,"€ 9,67 per litre"
Westmalle Trappist Dubbel,"€ 2,99",Belgium,3.69,Brouwerij der Trappisten van Westmalle,7%,Belgian Dubbel,330ml,"€ 9,06 per litre"
Crush Hour Everyday Hazy Pale Ale,"€ 3,69",England,3.64,Vocation Brewery,4.6%,Pale Ale - American,330ml,"€ 11,18 per litre"
Mammoth IPA,"€ 5,49",Ireland,3.63,Wicklow Wolf Brewing Company,6.2%,IPA - American,Can 440ml,"€ 12,48 per litre"
Heart & Soul Session IPA,"€ 3,49",England,3.61,Vocation Brewery,4.4%,IPA - Session,330ml,"€ 10,58 per litre"
St. Peter's Cream Stout,"€ 4,99",England,3.60,St. Peter’s Brewery Co.,6.5%,Stout - English,500ml,"€ 9,98 per litre"
Double IPA,"€ 3,69",Ireland,3.56,O'Hara's Brewery,7.5%,IPA - Imperial / Double,330ml,"€ 11,18 per litre"
Gold Dorée Blond,"€ 6,99",Belgium,3.55,Bières de Chimay,4.8%,Belgian Enkel / Patersbier,Bottle 750ml,"€ 9,32 per litre"
St. Louis Premium Kriek,"€ 2,99",Belgium,3.50,Kasteel Brouwerij Vanhonsebrouck,3.2%,Lambic - Kriek,Bottle 250ml,"€ 11,96 per litre"
Faro Lambic Beer,"€ 2,69",Belgium,3.47,Brouwerij Lindemans,4.5%,Lambic - Faro,Bottle 250ml,"€ 10,76 per litre"
Irish Stout,"€ 3,49",Ireland,3.46,O'Hara's Brewery,4.3%,Stout - Irish Dry,330ml,"€ 10,58 per litre"
Irish Pale Ale,"€ 3,49",Ireland,3.43,O'Hara's Brewery,5.2%,Pale Ale - Other,330ml,"€ 10,58 per litre"
Stadtbier Münster 1480,"€ 3,49",Germany,3.41,Gruthaus,5.7%,Historical Beer - Gruit / Ancient Herbed Ale,330ml,"€ 10,58 per litre"
Irish Red Nitro,"€ 4,99",Ireland,3.40,O'Hara's Brewery,4.3%,Red Ale - Irish,500ml,"€ 9,98 per litre"
Bishops Finger Kentish Strong Ale,"€ 3,79",England,3.33,Shepherd Neame,5.2%,Bitter - Extra Special / Strong (ESB),500ml,"€ 7,58 per litre"
Hertl Schwiegervater's Stolz Rauchbier,"€ 3,49",Germany,3.28,Braumanufaktur Hertl,4.9%,Rauchbier,500ml,"€ 6,98 per litre"
Lager,"€ 2,49",Belgium,3.27,Stella Artois,5%,Pilsner - Other,Bottle 250ml,"€ 9,96 per litre"
Hertl Ur-Ur-Ur-Ur-Ur-Ur-Opa Hist.Brotbier,"€ 4,99",Germany,3.26,Braumanufaktur Hertl,5.4%,Historical Beer - Other,500ml,"€ 9,98 per litre"
St. Louis Premium Gueuze,"€ 2,39",Belgium,3.23,Kasteel Brouwerij Vanhonsebrouck,4.5%,Lambic - Gueuze,Bottle 250ml,"€ 9,56 per litre"
Berliner Perle Helles Alkoholfrei,"€ 2,99",Germany,3.18,Brauerei Lemke,4.5%,Non-Alcoholic - Lager,330ml,"€ 9,06 per litre"
Moosehead Canadian Pale Ale,"€ 2,69",Canada,3.08,Moosehead Breweries Limited,5%,Pale Ale - American,355ml,"€ 7,58 per litre"
Firestone Vintage Parabola BA Imperial Stout 2024 No.16,"€ 19,99",United States,4.44,Firestone Walker Brewing Company,13%,Stout - Russian Imperial,355ml,"€ 56,31 per litre"
Firestone Vintage Paraboloid BA Imperial Stout 2022 No.01,"€ 19,99",United States,4.41,Firestone Walker Brewing Company,15%,Stout - Russian Imperial,355ml,"€ 56,31 per litre"
Firestone Double Hopnosis Imperial IPA,"€ 8,49",United States,3.85,Firestone Walker Brewing Company,8.3%,IPA - Imperial / Double,568ml,"€ 14,95 per litre"
Firestone Mind Haze Brain Melter Hazy Imperial IPA,"€ 4,99",United States,3.81,Firestone Walker Brewing Company,8.5%,IPA - Imperial / Double New England / Hazy,355ml,"€ 14,06 per litre"
Firestone Mind Haze Cosmic Crusher Juicy Imperial IPA,"€ 4,99",United States,3.78,Firestone Walker Brewing Company,9.5%,IPA - Imperial / Double,355ml,"€ 14,06 per litre"
Firestone Hopnosis IPA,"€ 4,99",United States,3.75,Firestone Walker Brewing Company,6.7%,IPA - Cold,355ml,"€ 14,06 per litre"
Firestone Vintage §ucaba BA Barleywine 2023 No.10,"€ 19,99",United States,3.75,,6.7%,IPA - Cold,355ml,"€ 56,31 per litre"
Celebrator,"€ 2,19",Germany,3.76,Ayinger Privatbrauerei,6.7%,Bock - Doppelbock,330ml,"€ 6,64 per litre"
Double Bastard Ale,"€ 4,79",United States,3.68,Stone Brewing,11%,Strong Ale - American,473ml,"€ 10,13 per litre"
BA #18 Sammi Glentauchers Barrel Aged,"€ 9,95",Netherlands,4.35,De Grieze,13.5%,Barleywine - Other,Bottle 250ml,"€ 39,80 per litre"
BA #19 Sammi Glen Moray Barrel Aged,"€ 9,95",Netherlands,4.35,De Grieze,13.5%,Barleywine - Other,Bottle 250ml,"€ 39,80 per litre"
Zichovec Vánoční Kometa,"€ 5,34",Czech Republic,4.12,Rodinný Pivovar Zichovec,7%,IPA - New England / Hazy,Can 500ml,"€ 10,68 per litre"
Zichovec GWBC Best of Show by Radim Kuba,"€ 4,93",Czech Republic,4.10,Rodinný Pivovar Zichovec,6.5%,IPA - New England / Hazy,Can 500ml,"€ 9,86 per litre"
Zichovec 12 Years Of Happiness,"€ 5,34",Czech Republic,4.06,Rodinný Pivovar Zichovec,7%,IPA - New England / Hazy,Can 500ml,"€ 10,68 per litre"
Zichovec 12 Years Of Innovation,"€ 5,64",Czech Republic,4.01,Rodinný Pivovar Zichovec,6.5%,Sour - Smoothie / Pastry,Can 500ml,"€ 11,28 per litre"
Zichovec Foggy Morning,"€ 5,34",Czech Republic,3.93,Rodinný Pivovar Zichovec,6.5%,IPA - New England / Hazy,Can 500ml,"€ 10,68 per litre"
Zichovec Ježíšek,"€ 5,64",Czech Republic,3.86,Rodinný Pivovar Zichovec,9%,IPA - Imperial / Double,Can 500ml,"€ 11,28 per litre"
Zichovec Malý Ježíšek,"€ 4,49",Czech Republic,3.62,Rodinný Pivovar Zichovec,4.1%,IPA - Session,Can 500ml,"€ 8,98 per litre"
ART+74 Pastry Philly Sour,"€ 4,60",Poland,3.90,Browar Stu Mostów,5.1%,Sour - Smoothie / Pastry,Bottle 500ml,"€ 9,20 per litre"
Goudenband,"€ 3,87",Belgium,3.69,Brouwerij Liefmans,8%,Sour - Flanders Oud Bruin,330ml,"€ 11,73 per litre"
Kriek Brut,"€ 3,91",Belgium,3.69,Brouwerij Liefmans,6%,Fruit Beer,330ml,"€ 11,85 per litre"
Energibajer,"€ 1,99",Denmark,3.28,Mikkeller,0.3%,Non-Alcoholic - Lager,330ml,"€ 6,03 per litre"
Babbelaer,"€ 2,80",Belgium,3.65,'t Paenhuys,8%,Belgian Tripel,330ml,"€ 6,03 per litre"
Babbel,"€ 2,50",Belgium,3.46,'t Paenhuys,8%,Belgian Tripel,330ml,"€ 7,58 per litre"
A Bull Called Billy Summer Edition,"€ 2,10",Belgium,3.46,'t Paenhuys,8%,Belgian Tripel,330ml,"€ 6,36 per litre"
Infused No.3,"€ 10,20",Poland,4.19,Lubrow Brett & Barrel,11%,Strong Ale - Other,Can 330ml,"€ 30,91 per litre"
Lervig 3 Bean Stout,"€ 8,10",Norway,4.09,LERVIG/ Way Beer,12%,Stout - Imperial / Double,330ml,"€ 24,55 per litre"
St Bernardus Abt 12,"€ 6,10",Belgium,4.00,Brouwerij St.Bernardus,10.5%,Belgian Quadrupel,330ml,"€ 18,48 per litre"
Troubadour Magma,"€ 5,90",Belgium,3.89,De Proefbrouwerij/ New Glarus Brewing Company,9%,Belgian Strong Dark Ale,330ml,"€ 17,88 per litre"
Delirium Tremens 75cl,"€ 13,20",Belgium,3.85,Delirium - Huyghe Brewery,8.5%,Belgian Strong Golden Ale,Bottle 750ml,"€ 17,60 per litre"
Delirium Tremens Mini Keg,"€ 87,50",Belgium,3.85,Delirium - Huyghe Brewery,8.5%,Belgian Strong Golden Ale,5000ml,"€ 17,50 per litre"
Mariage Parfait Kriek,"€ 10,00",Belgium,3.83,Brouwerij Boon,8%,Lambic - Kriek,330ml,"€ 30,30 per litre"
Celebrator DoppelBock,"€ 4,10",Germany,3.76,Ayinger Privatbrauerei,6.7%,Bock - Doppelbock,330ml,"€ 12,42 per litre"
Beer Ocata 33cl,"€ 5,00",Spain,3.75,Garage Beer Co.,5.4%,IPA - Session,330ml,"€ 15,15 per litre"
Bush Scaldis Noel,"€ 7,20",Belgium,3.72,Brasserie Dubuisson,12%,Winter Ale,330ml,"€ 21,82 per litre"
Bullhouse - Suds,"€ 4,30",Northern Ireland,3.69,Bullhouse Brew Co,4.5%,Pale Ale - American,Can 440ml,"€ 9,77 per litre"
Duchesse de Bourgogne,"€ 4,30",Belgium,3.66,Brouwerij Verhaeghe,6.2%,Sour - Flanders Red Ale,330ml,"€ 13,03 per litre"
The London Black,"€ 4,50",England,3.64,Anspach & Hobday,4.4%,Bitter - Extra Special / Strong (ESB),Can 440ml,"€ 10,23 per litre"
Pohjala - Kosmos Session IPA CAN,"€ 4,40",Estonia,3.64,Põhjala,5.5%,IPA - New England / Hazy,330ml,"€ 13,33 per litre"
Electric Boogaloo,"€ 2,40",Wales,3.63,Tiny Rebel Brewing Co,4.5%,IPA - New England / Hazy,330ml,"€ 7,27 per litre"
Rothaus Hefe-Weizen 5L Mini Keg,"€ 47,00",Germany,3.59,Badische Staatsbrauerei Rothaus,5.1%,Wheat Beer - Hefeweizen,5000ml,"€ 9,40 per litre"
Delirium Red Mini Keg,"€ 76,80",Belgium,3.58,Delirium - Huyghe Brewery,8.5%,Fruit Beer,5000ml,"€ 15,36 per litre"
Pecheresse,"€ 2,50",Belgium,3.57,Brouwerij Lindemans,2.5%,Lambic - Fruit,Bottle 250ml,"€ 10,00 per litre"
Pohjala - Ohtu,"€ 4,40",Estonia,3.55,Põhjala,5.5%,Porter - American,330ml,"€ 13,33 per litre"
Hofbrau Munich Original,"€ 4,50",Germany,3.55,Staatliches Hofbräuhaus München,5.1%,Lager - Helles,500ml,"€ 9,00 per litre"
Hofbrau Munich Weisse,"€ 4,50",Germany,3.55,Staatliches Hofbräuhaus München,5.1%,Lager - Helles,500ml,"€ 9,00 per litre"
Tegernseer Dunkel Export,"€ 4,60",Germany,3.54,Herzoglich Bayerisches Brauhaus Tegernsee,5%,Lager - Munich Dunkel,500ml,"€ 9,20 per litre"
Beer RIBA Pils,"€ 3,90",Spain,3.45,Garage Beer Co.,5%,Pilsner - German,330ml,"€ 11,82 per litre"
Fruh Kolsch 5L Mini Keg,"€ 38,30",Germany,3.32,Cölner Hofbräu Früh,4.8%,Kölsch,5000ml,"€ 7,66 per litre"
Flensburger Gold,"€ 3,80",Germany,3.22,Flensburger Brauerei Emil Petersen,4.8%,Lager - Helles,330ml,"€ 11,52 per litre"
Pohjala Prenzlauer 0,"€ 3,60",Estonia,3.17,Põhjala,0.5%,Non-Alcoholic - Sour,330ml,"€ 10,91 per litre"
Flensburger Radler,"€ 2,90",Germany,3.05,Flensburger Brauerei Emil Petersen,3%,Shandy / Radler,330ml,"€ 8,79 per litre"
Rothaus Tannenzapfle Alcohol Free,"€ 2,60",Germany,2.82,Badische Staatsbrauerei Rothaus,0.5%,Non-Alcoholic - Other,330ml,"€ 7,88 per litre"
Pils 5L Mini Keg,"€ 42,10",Germany,2.77,Warsteiner,4.8%,Lager - Leichtbier,5000ml,"€ 8,42 per litre"
Sierra Nevada Pale Ale 35.5ml,"€ 3,50",Spain,?,Triple Brew,5.6%,Pale Ale - American,350ml,"€ 10,00 per litre"
Budvar Original Pilsner Mini Keg,"€ 40,40",Czech Republic,3.26,Budějovický Budvar,5.2%,Pilsner - Imperial / Double,5000ml,"€ 8,08 per litre"
Pura Vida,"€ 6,00",Wales,4.01,Polly's Brew Co.,6.1%,IPA - New Zealand,Can 440ml,"€ 13,64 per litre"
Groovy Tube,"€ 6,00",Wales,3.98,Polly's Brew Co.,6.1%,IPA - American,Can 440ml,"€ 13,64 per litre"
Cosmo Forest,"€ 6,00",Wales,3.89,Polly's Brew Co.,6%,IPA - New England / Hazy,Can 440ml,"€ 13,64 per litre"
12x HORAL Oude Geuze Megablend 2024,"€ 132,17",Belgium,3.93,Brouwerij Boon,7%,Lambic - Gueuze,Bottle 750ml,"€ 176,23 per litre"
Apricot,"€ 16,80",Belgium,3.82,Brouwerij Kestemont,5.5%,Lambic - Fruit,Bottle 750ml,"€ 22,40 per litre"
Zwarte Bes Blackcurrant,"€ 11,16",Belgium,3.81,Brouwerij Kestemont,5.5%,Lambic - Fruit,Bottle 750ml,"€ 14,88 per litre"
Zwarte Bes Blackcurrant,"€ 6,15",Belgium,3.81,Brouwerij Kestemont,5.5%,Lambic - Fruit,Bottle 375ml,"€ 16,40 per litre"
Oude Kriek,"€ 12,67",Belgium,3.78,Brouwerij Kestemont,5.5%,Lambic - Kriek,Bottle 750ml,"€ 16,89 per litre"
Oude Lambiek - 2 Year Old,"€ 33,98",Belgium,3.68,Brouwerij Kestemont,6%,Lambic - Traditional,5000ml,"€ 6,80 per litre"
Oude Lambiek - 3 Year Old,"€ 40,27",Belgium,3.68,Brouwerij Kestemont,6%,Lambic - Traditional,5000ml,"€ 8,05 per litre"
Rhubarb,"€ 5,51",Belgium,3.66,Brouwerij Kestemont,5.5%,Lambic - Other,Bottle 375ml,"€ 14,69 per litre"
Rhubarb,"€ 9,83",Belgium,3.66,Brouwerij Kestemont,5.5%,Lambic - Other,Bottle 750ml,"€ 13,11 per litre"
For Gabe,"€ 599,99",United States,4.72,Side Project Brewing,15%,Strong Ale - American,Bottle 750ml,"€ 13,11 per litre"
Very Green,"€ 19,95",United States,4.56,Tree House Brewing Company,8.3%,IPA - Imperial / Double,Bottle 750ml,"€ 13,11 per litre"
23320 Abt 12,"€ 2,55",Belgium,4.00,Brouwerij St.Bernardus,10%,Belgian Quadrupel,Bottle 330ml,"€ 7,73 per litre"
Deus Brut Des Flandres,"€ 17,99",Belgium,3.88,Brouwerij Bosteels,11.5%,Bière de Champagne / Bière Brut,Bottle 750ml,"€ 23,99 per litre"
Gouden Carolus Tripel,"€ 2,45",Belgium,3.82,Brouwerij Het Anker,9%,Belgian Tripel,330ml,"€ 7,42 per litre"
Delirium Christmas,"€ 2,75",Belgium,3.76,Delirium - Huyghe Brewery,10%,Winter Ale,330ml,"€ 7,42 per litre"
Triple D'anvers,"€ 2,74",Belgium,3.64,Brouwerij De Koninck,8%,Belgian Tripel,330ml,"€ 8,30 per litre"
Lamme Goedzak,"€ 8,50",Belgium,3.56,Scheldebrouwerij,7%,Belgian Blonde,Bottle 750ml,"€ 11,33 per litre"
Glüh Weizen,"€ 2,24",Netherlands,3.22,Gebrouwen Door Vrouwen,6.3%,Spiced / Herbed Beer,330ml,"€ 6,79 per litre"
Vampyre Disco,"€ 13,10",England,4.14,Neon Raptor Brewing Co.,10%,Sour - Smoothie / Pastry,Can 440ml,"€ 29,77 per litre"
Jumi-Juma,"€ 20,70",Scotland,3.95,Otherworld Brewing,14%,IPA - Imperial / Double New England / Hazy,Bottle 750ml,"€ 27,60 per litre"
Whisky Cask Cider,"€ 5,40",Scotland,3.79,Thistly Cross Cider,6.7%,Cider - Traditional / Apfelwein,Bottle 500ml,"€ 10,80 per litre"
Traditional,"€ 5,00",Scotland,3.66,Thistly Cross Cider,4.4%,Cider - Traditional / Apfelwein,Bottle 500ml,"€ 10,00 per litre"
Scottish Fruits,"€ 5,30",Scotland,3.66,Thistly Cross Cider,3.4%,Cider - Other Fruit,Bottle 500ml,"€ 10,60 per litre"
Devon Red,"€ 3,30",England,3.51,Sandford Orchards,4.5%,Cider - Traditional / Apfelwein,Can 440ml,"€ 7,50 per litre"
Pink Grapefruit,"€ 2,20",Germany,3.43,Privatbrauerei Kaiserdom,4.5%,Non-Alcoholic - Shandy / Radler,Can 500ml,"€ 4,40 per litre"
Lemon,"€ 2,20",Germany,3.40,Privatbrauerei Kaiserdom,4.5%,Non-Alcoholic - Shandy / Radler,Can 500ml,"€ 4,40 per litre"
Tweet & Sour,"€ 5,00",England,3.38,Lowtide Brewing Co.,0.5%,Non-Alcoholic - Sour,Can 440ml,"€ 11,36 per litre"
Implosion,"€ 3,20",Denmark,3.19,To Øl,0.3%,Non-Alcoholic - IPA,Can 330ml,"€ 9,70 per litre"
Heaven & Helles (Gluten Free),"€ 5,00",England,3.18,Lowtide Brewing Co.,0.5%,Non-Alcoholic - Lager,Can 440ml,"€ 11,36 per litre"
Implosion: Fruited,"€ 3,20",Denmark,3.07,To Øl,0.3%,Non-Alcoholic - Other,Can 330ml,"€ 9,70 per litre"
Implosion: Lager,"€ 2,60",Denmark,2.95,To Øl,0.5%,Non-Alcoholic - Lager,Can 330ml,"€ 7,88 per litre"
Schönramer Weissbier,"€ 2,39",Germany,3.65,Private Landbrauerei Schönram,5.6%,Wheat Beer - Hefeweizen,500ml,"€ 4,78 per litre"
Paragon 2023 By Rackhouse,"€ 18,55",Norway,4.38,LERVIG,13%,Barleywine - English,Bottle 375ml,"€ 49,47 per litre"
Harvest Time,"€ 7,40",Netherlands,4.12,Folkingebrew,10%,IPA - Triple New England / Hazy,Can 440ml,"€ 16,82 per litre"
Aesthetics of Haze,"€ 6,60",Bulgaria,3.93,Metalhead,6%,IPA - New England / Hazy,Can 440ml,"€ 15,00 per litre"
Selfless State,"€ 5,90",Romania,3.91,Metanoia Brewing,5.8%,IPA - New England / Hazy,Can 440ml,"€ 13,41 per litre"
Mirage,"€ 7,10",Netherlands,3.89,Folkingebrew,5%,IPA - Sour,Can 440ml,"€ 16,14 per litre"
X-rated Nothings,"€ 6,60",Bulgaria,3.89,Metalhead,6.6%,IPA - New England / Hazy,Can 440ml,"€ 15,00 per litre"
Lady Lust,"€ 6,30",Bulgaria,3.84,Metalhead,6%,IPA - Milkshake,Can 440ml,"€ 14,32 per litre"
Metal Health,"€ 5,90",Bulgaria,3.76,Metalhead,4.3%,Sour - Other,Can 440ml,"€ 13,41 per litre"
Bourbon Bok,"€ 5,80",Netherlands,3.73,Brouwerij Noordt,8%,Bock - Doppelbock,Can 440ml,"€ 13,18 per litre"
Angel Tears,"€ 5,90",Bulgaria,3.64,Metalhead,5.7%,Wheat Beer - Hefeweizen,Can 440ml,"€ 13,41 per litre"
Don't Tell Gus,"€ 9,99",England,4.24,Verdant Brewing Co,8%,IPA - Imperial / Double New England / Hazy,Can 440ml,"€ 22,70 per litre"
Gus Knows!,"€ 7,99",England,4.10,Verdant Brewing Co,6.5%,IPA - New England / Hazy,Can 440ml,"€ 18,16 per litre"
Big Stupid Westy V4,"€ 9,79",England,4.03,Verdant Brewing Co,6.8%,IPA - American,Can 440ml,"€ 22,25 per litre"
Neon Raptor / Emperor's - Defeat The Rancor,"€ 10,50",England,4.52,Emperor's Brewery/ Neon Raptor Brewing Co.,13%,Stout - Imperial / Double Pastry,Can 330ml,"€ 31,82 per litre"
Vlierblossom #72 22 |23,"€ 36,00",Belgium,4.25,Brouwerij 3 Fonteinen,6.5%,Lambic - Other,Bottle 750ml,"€ 48,00 per litre"
Druif Pinot Noir #83 22|23,"€ 42,00",Belgium,4.24,Brouwerij 3 Fonteinen,8.5%,Lambic - Fruit,Bottle 750ml,"€ 56,00 per litre"
Kong Island,"€ 13,20",England,4.07,Neon Raptor Brewing Co.,12%,Stout - Imperial / Double Pastry,Can 440ml,"€ 30,00 per litre"
Oak Aged Madeline 8th Birthday,"€ 72,00",United States,4.68,Schramm's Mead,14%,Mead - Melomel,Bottle 375ml,"€ 192,00 per litre"
The Rebuttal,"€ 115,00",United States,4.58,Schramm's Mead,16%,Mead - Melomel,Bottle 375ml,"€ 306,67 per litre"
Oak Aged Amelia 7th Birthday,"€ 67,50",United States,4.56,Schramm's Mead,14%,Mead - Melomel,Bottle 375ml,"€ 180,00 per litre"
Kaiju,"€ 12,50",Canada,4.47,Brasserie du Bas-Canada,10%,IPA - Triple,473ml,"€ 26,43 per litre"
Tempestas,"€ 12,50",Canada,4.45,Brasserie du Bas-Canada,10%,IPA - Triple,473ml,"€ 26,43 per litre"
Temporalis #0023,"€ 12,00",Canada,4.42,Messorem,10.1%,IPA - Triple New England / Hazy,473ml,"€ 25,37 per litre"
Christmas Cactus 2023,"€ 20,00",United States,4.41,Wren House Brewing Company,11%,Stout - Imperial / Double,473ml,"€ 42,28 per litre"
Océanides,"€ 12,00",Canada,4.39,Brasserie du Bas-Canada,8%,IPA - Imperial / Double,473ml,"€ 25,37 per litre"
Dock 2024 Motueka,"€ 11,25",Canada,4.38,Le Ketch,6.5%,IPA - New England / Hazy,473ml,"€ 23,78 per litre"
Dock 2024 Nelson Sauvin,"€ 11,25",Canada,4.35,Le Ketch,6.5%,IPA - New England / Hazy,473ml,"€ 23,78 per litre"
"Dock 92 Motueka, Nelson Sauvin & Rakau","€ 11,25",Canada,4.35,Le Ketch,6.5%,IPA - New England / Hazy,473ml,"€ 23,78 per litre"
Temporalis #0024,"€ 12,00",Canada,4.34,Messorem,10.2%,IPA - Triple New England / Hazy,473ml,"€ 25,37 per litre"
Mega Plante,"€ 12,00",Canada,4.34,Brasserie du Bas-Canada,8.2%,IPA - Imperial / Double,473ml,"€ 25,37 per litre"
"Dock 91 Motueka, Riwaka & Southern Cross","€ 11,25",Canada,4.33,Le Ketch,6.5%,IPA - New England / Hazy,473ml,"€ 23,78 per litre"
Fontaine,"€ 12,00",Canada,4.32,Brasserie du Bas-Canada,8.7%,IPA - Imperial / Double,473ml,"€ 25,37 per litre"
BBA Twice As Lonely Banana 2024,"€ 33,50",United States,4.30,Resident Culture Brewing Co.,13.5%,Stout - Imperial / Double Pastry,500ml,"€ 67,00 per litre"
Constellation,"€ 11,75",Canada,4.30,Brasserie du Bas-Canada,8.2%,IPA - Imperial / Double,473ml,"€ 24,84 per litre"
The Other One,"€ 9,75",United States,4.30,Tilted Barn Brewery,7.9%,IPA - Imperial / Double,473ml,"€ 20,61 per litre"
Triple Within,"€ 12,00",Canada,4.30,Third Moon Brewing Company,10.5%,IPA - Triple New England / Hazy,473ml,"€ 25,37 per litre"
Whiteferrari,"€ 10,75",United States,4.30,The Veil Brewing Co.,8%,IPA - Imperial / Double New England / Hazy,473ml,"€ 22,73 per litre"
Portail,"€ 10,50",Canada,4.23,Brasserie du Bas-Canada,6.5%,IPA - American,473ml,"€ 22,20 per litre"
Cactus,"€ 9,75",United States,4.22,Tilted Barn Brewery,7.8%,IPA - Imperial / Double New England / Hazy,473ml,"€ 20,61 per litre"
Boo!,"€ 11,50",Canada,4.18,Badlands Brewing Company,8.2%,IPA - Imperial / Double,473ml,"€ 24,31 per litre"
Nectaron Dry Hop Pseudo Sue,"€ 10,50",United States,4.11,Toppling Goliath Brewing Co.,5.8%,Pale Ale - American,473ml,"€ 22,20 per litre"
Scythe (Pumpkin beer),"€ 7,25",United States,3.84,The Drowned Lands Brewery,5.7%,Pumpkin / Yam Beer,473ml,"€ 15,33 per litre"
Smoked Oktoberfest Lager,"€ 7,25",Canada,3.60,Willibald Farm Brewery,5%,Lager - Smoked,473ml,"€ 15,33 per litre"
Route des Épices (Rye Beer),"€ 6,75",Canada,3.59,Brasserie Dieu du Ciel!,5.3%,Rye Beer,473ml,"€ 14,27 per litre"
Lervig Coconut Coffee Stout,"€ 20,95",Norway,4.38,LERVIG,12.8%,Stout - Imperial / Double,473ml,"€ 14,27 per litre"
Lervig x Pulpit Rock Almond Cake,"€ 19,95",Norway,4.38,LERVIG,12%,Stout - Imperial / Double Pastry,Bottle 375ml,"€ 53,20 per litre"
Lervig x Emperor's Ice Planet,"€ 19,95",Norway,4.38,LERVIG,14.1%,Stout - Imperial / Double,Bottle 375ml,"€ 53,20 per litre"
Yule Malt BA 2024,"€ 13,50",Denmark,4.12,To Øl,12.3%,Stout - Imperial / Double,Bottle 330ml,"€ 40,91 per litre"
To Øl / Wylam - Consonance 1019,"€ 6,90",Denmark,3.71,To Øl,5.5%,Pale Ale - New England / Hazy,Can 440ml,"€ 15,68 per litre"
In The Ways Of The Old,"€ 8,10",Denmark,3.69,To Øl,8.2%,IPA - Imperial / Double,Can 440ml,"€ 18,41 per litre"
Xmas Quad BA 2023,"€ 12,40",Denmark,3.64,To Øl,11%,Belgian Quadrupel,Bottle 330ml,"€ 37,58 per litre"
Snublejuice,"€ 4,50",Denmark,3.50,To Øl,4.5%,IPA - Session,Can 330ml,"€ 13,64 per litre"
Check This Stout,"€ 5,00",England,3.11,Lowtide Brewing Co.,0.5%,Non-Alcoholic - Porter / Stout,Can 440ml,"€ 11,36 per litre"
Brew Co / Electric Bear - Unruly AF,"€ 5,00",England,3.11,Below Brew Co,0.5%,Non-Alcoholic - Porter / Stout,Can 440ml,"€ 11,36 per litre"
We're All Replaceable,"€ 75,00",United States,4.66,Anchorage Brewing Company,18.9%,Stout - Imperial / Double,Bottle 375ml,"€ 200,00 per litre"
"Just Fruit (Peach, White Grape, Strawberry)","€ 11,50",United States,4.54,Frequentem Brewing Co.,5.2%,Sour - Fruited,473ml,"€ 24,31 per litre"
The Void Double Oaked,"€ 62,50",United States,4.52,Anchorage Brewing Company,16%,Belgian Quadrupel,Bottle 375ml,"€ 166,67 per litre"
"Just Fruit (Strawberry, Tangerine, Mango)","€ 11,50",United States,4.47,Frequentem Brewing Co.,5%,Sour - Fruited,473ml,"€ 24,31 per litre"
Empathy,"€ 72,00",United States,4.43,Anchorage Brewing Company,16.7%,Stout - Imperial / Double,Bottle 375ml,"€ 192,00 per litre"
BBA Twice As Lonely Coffee 2024,"€ 33,50",United States,4.41,Resident Culture Brewing Co.,13.5%,Stout - Imperial / Double Coffee,500ml,"€ 67,00 per litre"
"Just Fruit (Pineapple, Orange, Peach)","€ 11,50",United States,4.34,Frequentem Brewing Co.,5.1%,Sour - Fruited,473ml,"€ 24,31 per litre"
Comet's Trail,"€ 37,50",United States,4.33,Bottle Logic Brewing,14.5%,Hard Seltzer,500ml,"€ 75,00 per litre"
Extra Extra Ghosty Bits,"€ 12,50",United States,4.28,Parish Brewing Co.,8%,IPA - Imperial / Double New England / Hazy,473ml,"€ 26,43 per litre"
Sixpence None the Richer,"€ 11,99",United States,4.25,BlackStack Brewing,12%,IPA - Quadruple,473ml,"€ 25,35 per litre"
Animals In The Machine,"€ 12,50",United States,4.24,Parish Brewing Co.,8%,IPA - Imperial / Double New England / Hazy,473ml,"€ 26,43 per litre"
Castle In The Clouds,"€ 9,25",United States,4.23,Burlington Beer Company,10%,IPA - Triple New England / Hazy,473ml,"€ 19,56 per litre"
New Leaf,"€ 37,50",United States,4.23,Bottle Logic Brewing,14.6%,Stout - Imperial / Double Pastry,500ml,"€ 75,00 per litre"
Mmm…Osa,"€ 5,99",United States,4.01,Equilibrium Brewery,4.8%,Pale Ale - American,473ml,"€ 12,66 per litre"
The Statement Of Purpose,"€ 6,25",United States,3.97,Martin House Brewing Company,8%,Stout - Imperial / Double White / Golden,355ml,"€ 17,61 per litre"
Tie-Dye Science,"€ 6,25",United States,3.97,Equilibrium Brewery,6.5%,IPA - New England / Hazy,473ml,"€ 13,21 per litre"
Light Speed,"€ 5,99",United States,3.87,Equilibrium Brewery,4.8%,Pale Ale - American,473ml,"€ 12,66 per litre"
Palo Pinto Craft Cocktails: Bloody Mary,"€ 7,25",United States,3.76,Martin House Brewing Company,8%,Flavored Malt Beverage,355ml,"€ 20,42 per litre"
Palo Pinto Craft Cocktails: La Paloma,"€ 7,25",United States,3.54,Martin House Brewing Company,8%,Flavored Malt Beverage,355ml,"€ 20,42 per litre"
Hygge,"€ 64,00",United States,3.50,Anchorage Brewing Company,18.2%,Barleywine - American,Bottle 375ml,"€ 170,67 per litre"
Best Maid Sour Pickle Beer,"€ 6,25",United States,3.44,Martin House Brewing Company,4.7%,Sour - Tomato / Vegetable Gose,355ml,"€ 17,61 per litre"
Palo Pinto Craft Cocktails: Strawberry Margarita,"€ 7,25",United States,3.42,Martin House Brewing Company,8%,Flavored Malt Beverage,355ml,"€ 20,42 per litre"
Palo Pinto Craft Cocktails: Moscow Mule,"€ 7,25",United States,3.19,Martin House Brewing Company,8%,Flavored Malt Beverage,355ml,"€ 20,42 per litre"
Blessed 2024,"€ 80,00",United States,4.75,Anchorage Brewing Company,16%,Stout - Imperial / Double,Bottle 375ml,"€ 213,33 per litre"
Evangelion XVIII [Lilin],"€ 9,99",United States,4.15,Adroit Theory,10%,IPA - Triple,473ml,"€ 21,12 per litre"
Duchesse Cherry,"€ 2,45",Belgium,3.93,Brouwerij Verhaeghe,6.8%,Sour - Flanders Red Ale,330ml,"€ 7,42 per litre"
Draught,"€ 3,30",Ireland,3.77,Guinness,4.2%,Stout - Irish Dry,Can 500ml,"€ 6,60 per litre"
Straffe Hendrik Tripel,"€ 2,90",Belgium,3.76,Brouwerij De Halve Maan,9%,Belgian Tripel,330ml,"€ 8,79 per litre"
Zundert 10,"€ 3,00",Netherlands,3.74,Trappistenbrouwerij de Kievit B.V.,10%,Belgian Quadrupel,330ml,"€ 9,09 per litre"
Fourchette,"€ 2,60",Belgium,3.68,Brouwerij Van Steenberge,7.5%,Belgian Tripel,Bottle 330ml,"€ 7,88 per litre"
Zware Jongen Tripel,"€ 10,95",Netherlands,3.62,Brouwerij Maallust,8.7%,Belgian Tripel,Bottle 750ml,"€ 14,60 per litre"
West Indies Porter,"€ 3,95",Ireland,3.57,Guinness,6%,Porter - Other,500ml,"€ 7,90 per litre"
Ijsbock,"€ 2,95",Netherlands,3.55,Gulpener Bierbrouwerij,10.3%,Bock - Eisbock,500ml,"€ 7,90 per litre"
Texels Tuunwal Tripel,"€ 2,20",Netherlands,3.54,Texelse Bierbrouwerij,8.5%,Belgian Tripel,300ml,"€ 7,33 per litre"
Tripel 8,"€ 2,65",Belgium,3.50,Fort Lapin Brewery,8%,Belgian Tripel,330ml,"€ 8,03 per litre"
Schlenkerla Rauchbier Marzen,"€ 3,10",Germany,3.48,"Schlenkerla (""Heller-Bräu"" Trum)",5.1%,Rauchbier,500ml,"€ 6,20 per litre"
Old Speckled Hen,"€ 3,60",England,3.37,Greene King,5%,Pale Ale - English,500ml,"€ 7,20 per litre"
"Cellar Tenth Anniversary Stout (Pre Order, end Nov)","€ 169,99",United States,4.53,Side Project Brewing,15%,Stout - Imperial / Double,Bottle 375ml,"€ 453,31 per litre"
Jasper with Peacharine,"€ 19,99",United States,4.49,Fidens Brewing Co,7.8%,IPA - Imperial / Double,Bottle 375ml,"€ 453,31 per litre"
Summon the Moon Lord,"€ 32,99",United States,4.48,Elder Pine Brewing & Blending,16%,Barleywine - English,Bottle 375ml,"€ 453,31 per litre"
Summa,"€ 4,80",Netherlands,3.76,Van Moll,10.5%,Strong Ale - Other,330ml,"€ 14,55 per litre"
Swerte Schaap,"€ 4,50",Netherlands,3.61,Brouwerij Durs,10.5%,Belgian Quadrupel,330ml,"€ 13,64 per litre"
Jetser,"€ 3,80",Netherlands,3.61,Brouwerij Durs,9%,Belgian Tripel,330ml,"€ 11,52 per litre"
Dikke Lul 3 Bier!,"€ 4,10",Netherlands,3.56,Uiltje Brewing Company,5.6%,Pale Ale - Other,330ml,"€ 12,42 per litre"
Of Je Wind Lust?!,"€ 4,10",Netherlands,3.55,Crooked Spider,8%,Belgian Tripel,Can 440ml,"€ 9,32 per litre"
Doe Mij 'n Del,"€ 3,80",Netherlands,3.50,Crooked Spider,6.8%,Belgian Blonde,Can 440ml,"€ 8,64 per litre"
Leip Hèrt,"€ 3,70",Netherlands,3.44,Brouwerij Durs,6.2%,IPA - New England / Hazy,330ml,"€ 11,21 per litre"
Geutpisser,"€ 3,50",Netherlands,3.30,Brouwerij Durs,5.9%,Red Ale - American Amber / Red,330ml,"€ 10,61 per litre"
4 Elements: Water,"€ 8,10",Netherlands,3.97,Moersleutel Craft Brewery,11%,Barleywine - Other,Can 440ml,"€ 18,41 per litre"
Motor Oil,"€ 6,10",Netherlands,3.79,Moersleutel Craft Brewery,12%,Stout - Russian Imperial,Can 440ml,"€ 13,86 per litre"
Supercharged Leaf Blower,"€ 6,10",Netherlands,3.74,Moersleutel Craft Brewery,7%,Bock - Single / Traditional,Can 440ml,"€ 13,86 per litre"
My Continuous Improvement: Black Forest Edition,"€ 45,60",England,4.24,Cloudwater Brew Co.,11%,Stout - Imperial / Double Pastry,4-pack,"Total price: € 45,60"
My Continuous Improvement: Black Forest Edition,"€ 12,00",England,4.24,Cloudwater Brew Co.,11%,Stout - Imperial / Double Pastry,Can 440ml,"€ 27,27 per litre"
Tenuto Sempre,"€ 28,80",England,4.04,Cloudwater Brew Co.,8%,IPA - Imperial / Double New England / Hazy,4-pack,"Total price: € 28,80"
Tenuto Sempre,"€ 7,80",England,4.04,Cloudwater Brew Co.,8%,IPA - Imperial / Double New England / Hazy,Can 440ml,"€ 17,73 per litre"
Stollen From Ivor,"€ 19,20",England,3.74,Cloudwater Brew Co.,5%,Stout - Pastry,4-pack,"Total price: € 19,20"
Stollen From Ivor,"€ 5,40",England,3.74,Cloudwater Brew Co.,5%,Stout - Pastry,Can 440ml,"€ 12,27 per litre"
Happy Christmas!,"€ 14,40",England,3.36,Cloudwater Brew Co.,3.4%,Pale Ale - Fruited,4-pack,"Total price: € 14,40"
Happy Christmas!,"€ 4,20",England,3.36,Cloudwater Brew Co.,3.4%,Pale Ale - Fruited,Can 440ml,"€ 9,55 per litre"
Lumberjack Mexican Hot Chocolate,"€ 47,50",United States,4.35,3 Sons Brewing Co.,14%,Stout - Imperial / Double,500ml,"€ 95,00 per litre"
$120 Nachos 2024,"€ 9,75",United States,4.31,Hoof Hearted Brewing,12%,IPA - Triple New England / Hazy,473ml,"€ 20,61 per litre"
Lumberjack Caramel Frappuccino,"€ 47,50",United States,4.31,3 Sons Brewing Co.,13%,Stout - Imperial / Double Pastry,500ml,"€ 95,00 per litre"
Blobzoolon,"€ 15,99",Mexico,4.29,INTERSTELLAR BREWERY,7%,Sour - Smoothie / Pastry,473ml,"€ 33,81 per litre"
Chocazorg,"€ 15,99",Mexico,4.25,INTERSTELLAR BREWERY,7%,Sour - Smoothie / Pastry,473ml,"€ 33,81 per litre"
Jaffacon,"€ 17,50",Mexico,4.09,INTERSTELLAR BREWERY,10%,Stout - Imperial / Double Pastry,355ml,"€ 49,30 per litre"
Mangötron,"€ 15,99",Mexico,4.07,INTERSTELLAR BREWERY,7%,Sour - Smoothie / Pastry,473ml,"€ 33,81 per litre"
Baby Kittens: Motueka,"€ 6,99",United States,4.00,Fat Orange Cat Brew Co.,6.5%,IPA - New England / Hazy,473ml,"€ 14,78 per litre"
Mahrs Bräu a U,"€ 2,00",Germany,3.58,Mahr's Bräu,5.2%,Kellerbier / Zwickelbier,500ml,"€ 4,00 per litre"
Bock,"€ 1,90",Germany,3.53,Brauerei Josef Greif,6.6%,Bock - Single / Traditional,500ml,"€ 3,80 per litre"
E.T.A. Dunkles Lager,"€ 2,20",Germany,3.51,Mahr's Bräu,5%,Lager - Munich Dunkel,500ml,"€ 4,40 per litre"
Helles,"€ 2,60",Germany,3.47,Brauerei Schanzenbräu,4.9%,Lager - Helles,500ml,"€ 5,20 per litre"
Rotbier,"€ 2,60",Germany,3.46,Brauerei Schanzenbräu,4.9%,Lager - Rotbier,500ml,"€ 5,20 per litre"
Obaladara,"€ 2,00",Germany,3.45,Brauerei Ott,5.3%,Lager - Munich Dunkel,500ml,"€ 4,00 per litre"
Weihnachts-Festbier,"€ 2,90",Germany,3.43,Brauerei Josef Greif,5.5%,Festbier,500ml,"€ 5,80 per litre"
Kehlengold,"€ 2,60",Germany,3.37,Brauerei Schanzenbräu,4.9%,Kellerbier / Zwickelbier,500ml,"€ 5,20 per litre"
Nothelfer Trunk Export Dunkel,"€ 1,90",Germany,3.37,Alte Klosterbrauerei Vierzehnheiligen Brauerei Trunk,5.1%,Lager - Munich Dunkel,500ml,"€ 3,80 per litre"
Hell,"€ 1,60",Germany,3.35,Held Bräu,4.9%,Lager - Helles,500ml,"€ 3,20 per litre"
Altfränkisches Bauernbier Dunkel,"€ 1,90",Germany,3.29,Held Bräu,5.3%,Lager - Munich Dunkel,500ml,"€ 3,80 per litre"
Export Stout Bourbon BA,"€ 17,95",Ireland,3.97,Killarney Brewing Company,8.7%,Stout - Foreign / Export,500ml,"€ 3,80 per litre"
Vatgerijpt #14 I Spy Double Rye Tawny Port,"€ 7,99",Netherlands,4.16,Muifelbrouwerij,10%,Bock - Doppelbock,330ml,"€ 24,21 per litre"
Barley Wine Vatgerijpt 008/2024 - Heaven Hill,"€ 7,29",Netherlands,4.12,Eggens,11%,Barleywine - American,330ml,"€ 22,09 per litre"
Marzipan Steamroller,"€ 7,79",Netherlands,4.08,Moersleutel Craft Brewery,11%,Stout - Pastry,Can 440ml,"€ 17,70 per litre"
Don Quichot,"€ 4,79",Netherlands,4.07,Brouwerij Kees,14%,Barleywine - Other,330ml,"€ 14,52 per litre"
CYCT: Nozzles,"€ 7,99",Netherlands,3.97,Moersleutel Craft Brewery,9%,IPA - Triple New England / Hazy,Can 440ml,"€ 18,16 per litre"
Zuster Agatha Houtgerijpt 2024,"€ 4,49",Netherlands,3.93,Muifelbrouwerij,11.5%,Belgian Quadrupel,330ml,"€ 13,61 per litre"
Pastry Train Canelé,"€ 4,29",Netherlands,3.90,Brouwerij Kees,13.1%,Stout - Imperial / Double Pastry,330ml,"€ 13,00 per litre"
Triple Trails,"€ 4,79",Netherlands,3.86,Brouwerij Kees,8.9%,IPA - Triple,Can 440ml,"€ 10,89 per litre"
Travail of Seven,"€ 5,29",Netherlands,3.82,Goede Kant van het Spoor,10.3%,Stout - Russian Imperial,330ml,"€ 16,03 per litre"
Fruit Blizzard,"€ 5,49",Netherlands,3.71,Moersleutel Craft Brewery,5.5%,IPA - New England / Hazy,Can 440ml,"€ 12,48 per litre"
CYCT: Velocity,"€ 5,49",Netherlands,3.69,Moersleutel Craft Brewery,6.5%,IPA - New England / Hazy,Can 440ml,"€ 12,48 per litre"
A.P.G. Driessen,"€ 3,79",Netherlands,3.66,Goede Kant van het Spoor,8%,Bock - Single / Traditional,330ml,"€ 11,48 per litre"
Quadrupel Vatgerijpt 007/2024,"€ 7,29",Netherlands,?,Eggens,10%,Belgian Quadrupel,330ml,"€ 22,09 per litre"
Dikke Prins,"€ 4,20",Netherlands,3.59,Brouwerij Durs,8.5%,Belgian Strong Golden Ale,330ml,"€ 12,73 per litre"
Winter Warmer 2024,"€ 4,30",Sweden,3.64,Poppels Bryggeri,7.8%,Winter Warmer,330ml,"€ 12,73 per litre"
Winter Ale,"€ 3,60",Sweden,3.49,Poppels Bryggeri,6%,Winter Ale,330ml,"€ 10,91 per litre"
Clowns,"€ 7,49",Netherlands,4.25,White Dog Brewery,10%,IPA - Triple New England / Hazy,Can 440ml,"€ 17,02 per litre"
Monstrosity Part 2,"€ 7,49",Netherlands,4.24,White Dog Brewery,11%,Stout - Imperial / Double Pastry,Can 440ml,"€ 17,02 per litre"
Drip,"€ 6,79",Netherlands,4.03,White Dog Brewery,6%,IPA - American,Can 440ml,"€ 15,43 per litre"
Dolle Brouwers Stille Nacht 2024,"€ 5,75",Belgium,4.11,Brouwerij De Dolle Brouwers,12%,Belgian Strong Golden Ale,330ml,"€ 17,42 per litre"
Nelson LM20,"€ 6,50",Romania,4.30,Bereta Brewing Co.,6.1%,IPA - New England / Hazy,Can 440ml,"€ 14,77 per litre"
Nelson QM15,"€ 6,50",Romania,4.14,Bereta Brewing Co.,6.1%,IPA - New England / Hazy,Can 440ml,"€ 14,77 per litre"
Billie's,"€ 6,50",Poland,3.93,Ziemia Obiecana,9%,IPA - Triple New England / Hazy,500ml,"€ 13,00 per litre"
Red Wedding (2024),"€ 15,95",Denmark,4.15,Fanø Bryghus,13.5%,Stout - Imperial / Double,500ml,"€ 31,90 per litre"
White Wedding (2024),"€ 15,95",Denmark,4.13,Fanø Bryghus,13.5%,Stout - Imperial / Double,500ml,"€ 31,90 per litre"
Whisky & Rye,"€ 15,95",Denmark,4.08,Fanø Bryghus,12%,Porter - Imperial / Double,500ml,"€ 31,90 per litre"
Chariot Of Helios,"€ 7,95",England,4.03,Azvex Brewing Company,8%,IPA - Imperial / Double New England / Hazy,Can 440ml,"€ 18,07 per litre"
Trivial ABV,"€ 6,50",Romania,4.02,Bereta Brewing Co.,9%,IPA - Triple New England / Hazy,Can 440ml,"€ 14,77 per litre"
Sterrenstof,"€ 6,95",Finland,3.98,Revenant Brewing Project,8%,IPA - Imperial / Double New England / Hazy,Can 440ml,"€ 15,80 per litre"
Got Any IPA's Pal?,"€ 6,50",England,3.98,Pentrich Brewing Co.,6.2%,IPA - American,Can 440ml,"€ 14,77 per litre"
Poch's Sèxtuple,"€ 8,95",Spain,3.96,Poch's Cervesa Artesana,11%,Barleywine - Other,330ml,"€ 27,12 per litre"
Popular Demand,"€ 5,95",Romania,3.85,Bereta Brewing Co.,6.2%,IPA - New England / Hazy,Can 440ml,"€ 13,52 per litre"
Juicebag,"€ 5,50",Romania,3.82,Bereta Brewing Co.,6%,IPA - New England / Hazy,Can 440ml,"€ 12,50 per litre"
That's What CZ Said,"€ 4,50",Romania,3.57,Bereta Brewing Co.,5.1%,Lager - Polotmavé (Czech Amber),Can 440ml,"€ 10,23 per litre"
WRDST,"€ 6,50",Romania,?,Blackout Brewing,8%,IPA - Imperial / Double New England / Hazy,Can 440ml,"€ 14,77 per litre"
Zillertal Bio Radler,"€ 2,30",Austria,3.50,Zillertal Bier,1.6%,Shandy / Radler,Can 440ml,"€ 14,77 per litre"
Zillertal Weissbier Dunkel,"€ 2,95",Austria,3.43,Zillertal Bier,5%,Wheat Beer - Dunkelweizen,500ml,"€ 5,90 per litre"
Christmas in Killarney,"€ 4,90",Ireland,3.50,Killarney Brewing Company,6.7%,Belgian Dubbel,500ml,"€ 9,80 per litre"
Kentucky Grand Cru BA - keg K,"€ 256,70",Spain,4.17,Basqueland Brewing,12.5%,Stout - Imperial / Double,20000ml,"€ 12,84 per litre"
Welcome To Gardesville With Brettanomyces,"€ 7,90",United States,3.98,Is/Was Brewing,6.5%,Farmhouse Ale - Bière de Garde,500ml,"€ 15,80 per litre"
Spandrel,"€ 7,90",United States,3.98,Is/Was Brewing,4.9%,Farmhouse Ale - Saison,500ml,"€ 15,80 per litre"
The Beings for Whom Being Matters,"€ 7,90",United States,3.97,Is/Was Brewing,4.9%,Farmhouse Ale - Saison,500ml,"€ 15,80 per litre"
The Beings for Whom Being Matters x Keeping Together,"€ 7,90",United States,3.86,Is/Was Brewing,4.9%,Farmhouse Ale - Saison,500ml,"€ 15,80 per litre"
Sepia,"€ 7,90",United States,3.75,Is/Was Brewing,5.4%,Farmhouse Ale - Bière de Garde,500ml,"€ 15,80 per litre"
Black Fern,"€ 10,00",United States,4.40,Tree House Brewing Company,7.8%,IPA - New Zealand,500ml,"€ 15,80 per litre"
Super Treat,"€ 10,00",United States,4.40,Tree House Brewing Company,8.3%,IPA - Imperial / Double,500ml,"€ 15,80 per litre"
Jjjuiceee Project Citra Peacharine HBC 1019,"€ 10,00",United States,4.39,Tree House Brewing Company,8.4%,IPA - Imperial / Double New England / Hazy,500ml,"€ 15,80 per litre"
Bright Citra,"€ 10,00",United States,4.33,Tree House Brewing Company,7.8%,IPA - Imperial / Double,500ml,"€ 15,80 per litre"
Fruit Project Guava,"€ 9,00",United States,4.25,Tree House Brewing Company,8.4%,IPA - Imperial / Double,500ml,"€ 15,80 per litre"
Hello Cape Cod,"€ 9,50",United States,4.12,Tree House Brewing Company,6.7%,IPA - American,500ml,"€ 15,80 per litre"
Foehammer 2024,"€ 11,40",Scotland,4.09,Holy Goat Brewing,11%,Stout - Russian Imperial,Can 440ml,"€ 25,91 per litre"
Holy Mountain 2024,"€ 8,10",Scotland,4.04,Holy Goat Brewing,7%,Sour - Fruited,Bottle 375ml,"€ 21,60 per litre"
Damnation IPA V4,"€ 6,30",Scotland,3.84,Holy Goat Brewing,6.2%,IPA - New England / Hazy,Can 440ml,"€ 14,32 per litre"
Cult Of Arduinna,"€ 8,20",Scotland,3.94,Holy Goat Brewing,8.4%,Sour - Flanders Red Ale,Bottle 375ml,"€ 21,87 per litre"
Frischer Traum,"€ 3,90",Germany,3.49,Kehrwieder Kreativbrauerei/ Riedenburger Brauhaus,5.7%,Pale Ale - American,330ml,"€ 11,82 per litre"
Weizen-Bock Doppelbock,"€ 2,90",Germany,3.49,Riedenburger Brauhaus,7.8%,Bock - Weizendoppelbock,500ml,"€ 5,80 per litre"
Schinner Edel Weisse,"€ 1,70",Germany,3.43,Bürgerbräu Schinner,4.9%,Wheat Beer - Hefeweizen,500ml,"€ 3,40 per litre"
Veldensteiner Lager Hell,"€ 1,60",Germany,3.19,Kaiser Bräu,4.9%,Lager - Helles,500ml,"€ 3,20 per litre"
Herkenrode Abbey Vesper,"€ 3,50",Belgium,3.55,Brouwerij Cornelissen,9%,Belgian Tripel,330ml,"€ 10,61 per litre"
Limburgse Witte True Original,"€ 3,10",Belgium,3.47,Brouwerij Cornelissen,5%,Wheat Beer - Witbier / Blanche,330ml,"€ 9,39 per litre"
Zilte Ziel,"€ 3,50",Netherlands,3.23,Kust Brouwers,5.4%,Red Ale - American Amber / Red,330ml,"€ 10,61 per litre"
DDF Churros Imperial Stout,"€ 9,70",Scotland,4.20,Vault City Brewing,15%,Stout - Imperial / Double Pastry,330ml,"€ 29,39 per litre"
Last Christmas Sour,"€ 6,80",Scotland,4.01,Vault City Brewing,4.1%,Sour - Fruited,Can 440ml,"€ 15,45 per litre"
Chocolate Strawberry Dutch Pancake Sour,"€ 7,60",Scotland,3.97,Vault City Brewing,5.3%,Sour - Smoothie / Pastry,Can 440ml,"€ 17,27 per litre"
Mulled Apple Sour,"€ 6,80",Scotland,3.86,Vault City Brewing,5%,Sour - Fruited,Can 440ml,"€ 15,45 per litre"
Meinel Pils,"€ 2,00",Germany,3.48,Meinel Bräu,5.2%,Pilsner - German,500ml,"€ 4,00 per litre"
St. Georgen Heller Bock,"€ 2,00",Germany,3.43,St. GeorgenBräu,6.5%,Bock - Hell / Maibock / Lentebock,500ml,"€ 4,00 per litre"
Hönicka Bräu - Fichtelstoff,"€ 2,10",Germany,3.35,Hönicka Bräu,5%,Kellerbier / Zwickelbier,500ml,"€ 4,20 per litre"
Reinaert Grand Cru,"€ 2,50",Belgium,3.58,De Proefbrouwerij,9.5%,Belgian Strong Dark Ale,330ml,"€ 7,58 per litre"
Insel-Brauerei Roar IPA Limited Genuss 2x + Glas,"€ 16,99",Germany,3.67,Rügener Insel-Brauerei,7.3%,IPA - New England / Hazy,330ml,"€ 51,48 per litre"
Insel-Brauerei Tweet IPA Limited Genuss 2x + Glas,"€ 16,99",Germany,3.58,Rügener Insel-Brauerei,6%,IPA - New England / Hazy,330ml,"€ 51,48 per litre"
Kehrwieder Miami Grove Juicy Pale Ale alkoholfrei,"€ 2,99",Germany,3.54,Kehrwieder Kreativbrauerei,0.4%,Non-Alcoholic - Pale Ale,330ml,"€ 9,06 per litre"
Insel-Brauerei Baltic Stout,"€ 3,69",Germany,3.33,Rügener Insel-Brauerei,7.5%,Stout - Imperial / Double,330ml,"€ 11,18 per litre"
Lucky Liver IPA alkoholfrei,"€ 4,69",Germany,4.29,FrauGruber Brewing,0.5%,Non-Alcoholic - IPA,Can 440ml,"€ 10,66 per litre"
Lucky Liver alkoholfrei Paket 6x + Glas,"€ 28,99",Germany,4.29,FrauGruber Brewing,0.5%,Non-Alcoholic - IPA,Can 440ml,"€ 65,89 per litre"
Black Rebel Brewing x The Barn Beer Stairway To Heaven West Coast Pilsner,"€ 5,99",Czech Republic,3.98,The Barn Beer Co.,4.8%,Lager - IPL (India Pale Lager),500ml,"€ 11,98 per litre"
Black Rebel Brewing x The Barn Beer Highway To Hell Rye NEIPA,"€ 6,29",Czech Republic,3.95,The Barn Beer Co.,6.5%,IPA - New England / Hazy,500ml,"€ 12,58 per litre"
Black Rebel Brewing x TankBusters Juice Box Double NEIPA,"€ 5,99",Poland,3.94,TankBusters.Co,8.4%,IPA - Imperial / Double,500ml,"€ 11,98 per litre"
Jai Alai ® Mixpack 12x,"€ 59,99",United States,3.92,Cigar City Brewing,7.5%,IPA - American,355ml,"€ 168,99 per litre"
Lervig Konrad's Stout,"€ 5,49",Norway,3.86,LERVIG,10.4%,Stout - Russian Imperial,330ml,"€ 16,64 per litre"
Lervig Hoppy Holiday Haze Milkshake Pale Ale,"€ 5,89",Norway,3.73,LERVIG,4.7%,Pale Ale - Milkshake,500ml,"€ 11,78 per litre"
Guayabera Citra Pale Ale,"€ 5,29",United States,3.71,Cigar City Brewing,5.5%,Pale Ale - American,355ml,"€ 14,90 per litre"
Cosmic Crown Belgian Style Strong Golden Ale,"€ 5,29",United States,3.70,Cigar City Brewing,9%,Belgian Strong Golden Ale,355ml,"€ 14,90 per litre"
Black Rebel Brewing x TankBusters Green Machine NEIPA,"€ 5,99",Poland,3.70,TankBusters.Co,6.5%,IPA - New England / Hazy,500ml,"€ 11,98 per litre"
Lervig Naughty & Nice Doppelbock,"€ 4,69",Norway,3.58,LERVIG,8%,Bock - Doppelbock,330ml,"€ 14,21 per litre"
Tripel Karmeliet,"€ 5,40",Belgium,3.99,Brouwerij Bosteels,8.4%,Belgian Tripel,330ml,"€ 16,36 per litre"
Red,"€ 4,60",Belgium,3.72,Bières de Chimay,7%,Belgian Dubbel,330ml,"€ 13,94 per litre"
Dominion,"€ 4,79",Estonia,4.07,Pühaste Brewery,11%,Stout - Imperial / Double,330ml,"€ 14,52 per litre"
Beans & Biscuits,"€ 4,79",Estonia,4.06,Pühaste Brewery,9%,Stout - Imperial / Double Pastry,330ml,"€ 14,52 per litre"
Spectrum Shift,"€ 5,49",Estonia,4.05,Pühaste Brewery,10%,IPA - Triple New England / Hazy,330ml,"€ 16,64 per litre"
Wairua,"€ 4,99",Estonia,3.91,Pühaste Brewery,8%,IPA - Imperial / Double New England / Hazy,330ml,"€ 15,12 per litre"
Sarvik,"€ 4,49",Estonia,3.79,Pühaste Brewery,8%,Bock - Doppelbock,330ml,"€ 13,61 per litre"
Fruit Blizzard,"€ 5,79",Netherlands,3.71,Moersleutel Craft Brewery,5.5%,IPA - New England / Hazy,Can 440ml,"€ 13,16 per litre"
Tiny Barrel Project Candy Man Scotch,"€ 9,99",Hungary,4.27,Mad Scientist,11.5%,Stout - Imperial / Double,Can 440ml,"€ 22,70 per litre"
Marzipan Steamroller,"€ 7,49",Netherlands,4.08,Moersleutel Craft Brewery,11%,Stout - Pastry,Can 440ml,"€ 17,02 per litre"
CYCT: Nozzles,"€ 7,99",Netherlands,3.97,Moersleutel Craft Brewery,9%,IPA - Triple New England / Hazy,Can 440ml,"€ 18,16 per litre"
CYCT: Velocity,"€ 5,79",Netherlands,3.69,Moersleutel Craft Brewery,6.5%,IPA - New England / Hazy,Can 440ml,"€ 13,16 per litre"
Hyperpastry Espresso,"€ 16,20",Australia,4.31,Bacchus Brewing Co.,13.2%,Stout - Imperial / Double Coffee,Bottle 375ml,"€ 43,20 per litre"
Maple Coffee Reserve,"€ 16,60",Australia,4.26,Bacchus Brewing Co.,13.2%,Stout - Imperial / Double Coffee,Bottle 375ml,"€ 43,20 per litre"
Holé Molé,"€ 15,60",United States,3.65,New Glory Craft Brewery,6.2%,Brown Ale - Other,Bottle 375ml,"€ 43,20 per litre"
Toblerale,"€ 16,60",Australia,4.32,Bacchus Brewing Co.,14%,Barleywine - Other,Bottle 375ml,"€ 44,27 per litre"
Islay Reserve (2023),"€ 21,50",Australia,4.28,Bacchus Brewing Co.,16.2%,Barleywine - Other,Bottle 375ml,"€ 57,33 per litre"
Hypnopompa CROWLER,"€ 12,99",Sweden,3.97,Omnipollo,11%,Stout - Imperial / Double Pastry,500ml,"€ 25,98 per litre"
Lorelei CROWLER,"€ 14,99",Sweden,4.30,Omnipollo/ Siren Craft Brew,10.5%,Porter - Imperial / Double,500ml,"€ 29,98 per litre"
Aon Bourbon Hazelnut Fudge CROWLER,"€ 14,99",Sweden,4.20,Omnipollo,11%,Stout - Imperial / Double Pastry,500ml,"€ 29,98 per litre"
Coconut Agamemnon CROWLER,"€ 12,99",Sweden,4.20,Omnipollo,12%,Stout - Imperial / Double,500ml,"€ 25,98 per litre"
Quadzilla II,"€ 38,30",Denmark,3.87,To Øl,13%,IPA - Quadruple,6-pack,"Total price: € 38,30"
Quadzilla II,"€ 133,40",Denmark,3.87,To Øl,13%,IPA - Quadruple,24-pack,"Total price: € 133,40"
Tilquin Gueuzerable A L'Ancienne 75cl,"€ 31,20",Belgium,4.13,Gueuzerie Tilquin,10%,Lambic - Gueuze,Bottle 750ml,"€ 41,60 per litre"
Faro Lambic 37.5cl,"€ 4,90",Belgium,3.47,Brouwerij Lindemans,4%,Lambic - Faro,Bottle 375ml,"€ 13,07 per litre"
Lervig Pilsner,"€ 3,30",Norway,3.16,LERVIG,4.7%,Pilsner - Other,330ml,"€ 10,00 per litre"
Buckwheat White Beer (Gluten Free),"€ 3,90",Belgium,3.13,Mongozo,4.8%,Gluten-Free,330ml,"€ 11,82 per litre"
10yrs x Green Cheek,"€ 10,99",England,4.25,Verdant Brewing Co,8.4%,IPA - Imperial / Double New England / Hazy,Can 440ml,"€ 24,98 per litre"
Great Escape,"€ 3,49",Germany,3.65,Buddelship Brauerei,6.5%,IPA - American,330ml,"€ 10,58 per litre"
Commerzienrat,"€ 1,79",Germany,3.41,Brauhaus Riegele,5.2%,Lager - Helles,330ml,"€ 5,42 per litre"
Wywar Gejza Coconut,"€ 6,02",Slovakia,3.67,Holíčsky pivovar Wywar,7.8%,Stout - Russian Imperial,Bottle 750ml,"€ 8,03 per litre"
Wywar Gejza Coffee,"€ 6,02",Slovakia,3.58,Holíčsky pivovar Wywar,7.8%,Stout - Imperial / Double,Bottle 750ml,"€ 8,03 per litre"
Wywar Anna,"€ 5,35",Slovakia,3.57,Holíčsky pivovar Wywar,5.8%,IPA - Red,Bottle 750ml,"€ 7,13 per litre"
Wywar Vianočný Gejza,"€ 6,02",Slovakia,3.57,Holíčsky pivovar Wywar,7.8%,Stout - Russian Imperial,Bottle 750ml,"€ 8,03 per litre"
Wywar Gejza Vanilla,"€ 6,02",Slovakia,3.51,Holíčsky pivovar Wywar,7.8%,Stout - Russian Imperial,Bottle 750ml,"€ 8,03 per litre"
An Ode To the Mystics,"€ 13,99",England,4.30,Cloudwater Brew Co.,10.7%,Stout - Imperial / Double,Can 440ml,"€ 31,80 per litre"
Macération Mirabelle,"€ 18,99",France,4.16,Levain,7%,Sour - Fruited,Bottle 750ml,"€ 25,32 per litre"
Macération Fleurs De Sureau,"€ 17,99",France,4.07,Levain,6%,Sour - Other,Bottle 750ml,"€ 23,99 per litre"
Macération Trousseau,"€ 17,99",France,4.06,Levain,7%,Sour - Other,Bottle 750ml,"€ 23,99 per litre"
Macération Poulsard,"€ 17,99",France,4.06,Levain,6%,Sour - Other,Bottle 750ml,"€ 23,99 per litre"
Macération Coings,"€ 17,99",France,4.02,Levain,6.5%,Sour - Fruited,Bottle 750ml,"€ 23,99 per litre"
La Boucle,"€ 15,79",France,3.98,Levain,5.5%,Sour - Other,Bottle 750ml,"€ 21,05 per litre"
Cidre,"€ 18,99",France,3.95,Levain,6%,Cider - Other Fruit,Bottle 750ml,"€ 25,32 per litre"
Nuance,"€ 15,79",France,3.91,Levain,6%,Sour - Other,Bottle 750ml,"€ 21,05 per litre"
Sauce,"€ 9,29",Spain,4.18,SOMA Beer,8.5%,IPA - Imperial / Double New England / Hazy,Can 440ml,"€ 21,11 per litre"
Hex,"€ 9,79",Spain,4.27,SOMA Beer,10%,IPA - Triple New England / Hazy,Can 440ml,"€ 22,25 per litre"
Real Talk,"€ 8,59",Spain,4.15,SOMA Beer,6.5%,IPA - New England / Hazy,Can 440ml,"€ 19,52 per litre"
IRL,"€ 9,29",Spain,4.13,SOMA Beer,8%,IPA - Imperial / Double New England / Hazy,Can 440ml,"€ 21,11 per litre"
Opp,"€ 8,59",Spain,4.03,SOMA Beer,6.5%,IPA - New England / Hazy,Can 440ml,"€ 19,52 per litre"
The Brother Sean 2024,"€ 16,80",England,3.90,Anspach & Hobday,8%,Stout - Belgian,Bottle 750ml,"€ 22,40 per litre"
The Pfeffernusse Stout 2024,"€ 5,40",England,3.57,Anspach & Hobday,5.5%,Stout - Pastry,Can 440ml,"€ 12,27 per litre"
Daydream In Green,"€ 10,00",United States,4.38,Other Half Brewing Co.,8.1%,IPA - Imperial / Double New England / Hazy,Can 440ml,"€ 12,27 per litre"
Hop Duo (Nelson + Mosaic),"€ 10,00",United States,4.13,Other Half Brewing Co.,6.5%,IPA - New England / Hazy,Can 440ml,"€ 12,27 per litre"
Quadzilla II,"€ 7,70",Denmark,3.87,To Øl,13%,IPA - Quadruple,Can 440ml,"€ 17,50 per litre"
Black Rebel Brewing x Barn Beer Stairway To Heaven,"€ 5,99",Czech Republic,3.98,The Barn Beer Co.,4.8%,Lager - IPL (India Pale Lager),500ml,"€ 11,98 per litre"
Black Rebel Brewing x Barn Beer Highway To Hell,"€ 6,29",Czech Republic,3.95,The Barn Beer Co.,6.5%,IPA - New England / Hazy,500ml,"€ 12,58 per litre"
Brewing x Tankbusters Juice Box,"€ 5,99",Germany,3.87,Black Rebel Brewing Company,7.2%,IPA - Imperial / Double New England / Hazy,500ml,"€ 11,98 per litre"
Brewing x Tankbusters Green Machine,"€ 5,99",,,Black Rebel Brewing Company,,,500ml,"€ 11,98 per litre"
Schorschbock 13,"€ 6,90",Germany,3.20,Schorschbräu,13%,Bock - Doppelbock,330ml,"€ 20,91 per litre"
Rochefort 8,"€ 2,54",Belgium,3.85,Abbaye Notre-Dame de Saint-Rémy,9.2%,Belgian Strong Dark Ale,330ml,"€ 7,70 per litre"
Samuel Smith Chocolate Stout,"€ 4,29",United States,3.93,Broken Tooth Brewing,9.2%,Stout - Other,355ml,"€ 12,08 per litre"
Bleu,"€ 3,99",Belgium,3.90,Bières de Chimay,9%,Belgian Strong Dark Ale,330ml,"€ 12,09 per litre"
Night Sleigher Double IPA,"€ 7,99",Norway,3.83,Amundsen Brewery,7.5%,IPA - Imperial / Double New England / Hazy,Can 440ml,"€ 18,16 per litre"
Schneider TAP6 Aventinus,"€ 2,29",Germany,3.81,Schneider Weisse G. Schneider & Sohn,8.2%,Bock - Weizendoppelbock,500ml,"€ 4,58 per litre"
Schneider TAP5 Meine Hopfenweisse,"€ 2,29",United States,3.78,Brooklyn Brewery/ Schneider Weisse G. Schneider & Sohn,8.2%,Wheat Beer - Hopfenweisse,500ml,"€ 4,58 per litre"
Framboise,"€ 3,59",Belgium,3.77,Brouwerij Lindemans,2.5%,Lambic - Framboise,Bottle 250ml,"€ 14,36 per litre"
Weizen Doppelbock,"€ 2,39",Germany,3.75,Brauhaus Riegele,8%,Bock - Weizendoppelbock,500ml,"€ 4,78 per litre"
Weizen Doppelbock,"€ 2,19",Germany,3.75,Brauhaus Riegele,8%,Bock - Weizendoppelbock,330ml,"€ 6,64 per litre"
IPA,"€ 2,79",United States,3.75,Stone Brewing,6.9%,IPA - American,Can 355ml,"€ 7,86 per litre"
Triple,"€ 3,59",Belgium,3.73,Bières de Chimay,8%,Belgian Tripel,330ml,"€ 10,88 per litre"
Rouge,"€ 3,39",Belgium,3.72,Bières de Chimay,7%,Belgian Dubbel,330ml,"€ 10,27 per litre"
Torpedo Extra IPA,"€ 3,49",United States,3.72,Sierra Nevada Brewing Co.,7.2%,IPA - American,Can 355ml,"€ 9,83 per litre"
Samuel Smith Organic Strawberry,"€ 4,99",England,3.71,Melbourn Bros’ All Saints Brewery,5.1%,Fruit Beer,355ml,"€ 14,06 per litre"
Punk IPA,"€ 2,49",Scotland,3.71,BrewDog,5.2%,IPA - American,330ml,"€ 7,55 per litre"
Simco 3,"€ 3,49",Germany,3.71,Brauhaus Riegele,5%,IPA - Other,330ml,"€ 10,58 per litre"
Samuel Smith Organic Cherry,"€ 4,99",England,3.71,Melbourn Bros’ All Saints Brewery,5.1%,Fruit Beer,355ml,"€ 14,06 per litre"
Schneider TAP7 Original,"€ 2,19",Germany,3.66,Schneider Weisse G. Schneider & Sohn,5.4%,Wheat Beer - Hefeweizen,500ml,"€ 4,38 per litre"
Kehrwieder Prototyp,"€ 3,49",Germany,3.64,Kehrwieder Kreativbrauerei,5.9%,Lager - IPL (India Pale Lager),330ml,"€ 10,58 per litre"
Noctus 100,"€ 3,69",Germany,3.64,Brauhaus Riegele,10%,Stout - Russian Imperial,330ml,"€ 11,18 per litre"
Camba Jager Weisse,"€ 2,39",Germany,3.63,Camba Bavaria,5.2%,Wheat Beer - Hopfenweisse,500ml,"€ 4,78 per litre"
Bayerisch Ale 2,"€ 3,69",Germany,3.63,Brauhaus Riegele/ Sierra Nevada Brewing Co.,5%,Pale Ale - Other,330ml,"€ 11,18 per litre"
Maisel & Friends Indian Ale,"€ 4,99",Germany,3.63,Brauerei Gebr. Maisel,7.3%,IPA - English,Bottle 750ml,"€ 6,65 per litre"
Pale Ale,"€ 2,99",United States,3.62,Sierra Nevada Brewing Co.,5.6%,Pale Ale - American,Can 355ml,"€ 8,42 per litre"
Maisel & Friends Chocolate Bock,"€ 4,99",Germany,3.60,Brauerei Gebr. Maisel,7.5%,Bock - Single / Traditional,Bottle 750ml,"€ 6,65 per litre"
Augustus 8,"€ 3,59",Germany,3.59,Brauhaus Riegele,8%,Bock - Weizendoppelbock,330ml,"€ 10,88 per litre"
Sessionable Healing Session IPA,"€ 2,79",Germany,3.59,Vagabund Brauerei,4.5%,IPA - Session,330ml,"€ 8,45 per litre"
Crew Republic Drunken Sailor,"€ 2,09",Germany,3.58,CREW Republic,6.4%,IPA - American,330ml,"€ 6,33 per litre"
Hefe Weisse,"€ 2,19",Germany,3.58,Brauhaus Riegele,5%,Wheat Beer - Hefeweizen,500ml,"€ 4,38 per litre"
Vogelwuid IPA,"€ 3,79",Germany,3.58,Hoppebräu,6.9%,IPA - American,330ml,"€ 11,48 per litre"
Hopfenstopfer Citra Ale,"€ 2,29",Germany,3.57,Häffner Bräu - Hopfenstopfer,5.1%,Pale Ale - American,330ml,"€ 6,94 per litre"
Pecheresse,"€ 3,39",Belgium,3.57,Brouwerij Lindemans,2.5%,Lambic - Fruit,Bottle 250ml,"€ 13,56 per litre"
Maisel & Friends Bavarian Ale,"€ 4,99",Germany,3.57,Brauerei Gebr. Maisel,7.1%,Bock - Weizenbock,Bottle 750ml,"€ 6,65 per litre"
Insel-Brauerei Baltic Tripel,"€ 3,69",Germany,3.57,Rügener Insel-Brauerei,9.5%,Belgian Tripel,330ml,"€ 11,18 per litre"
Insel-Brauerei Baltic Tripel,"€ 8,99",Germany,3.57,Rügener Insel-Brauerei,9.5%,Belgian Tripel,Bottle 750ml,"€ 11,99 per litre"
Kriek,"€ 3,19",Belgium,3.57,Brouwerij Lindemans,3.5%,Lambic - Kriek,Bottle 250ml,"€ 12,76 per litre"
Maisel & Friends Pale Ale,"€ 2,19",Germany,3.56,Brauerei Gebr. Maisel,5.2%,Pale Ale - American,330ml,"€ 6,64 per litre"
Wychwood King Goblin,"€ 4,69",England,3.55,Marston's Brewery,6.6%,Strong Ale - English,500ml,"€ 9,38 per litre"
Hopfenstopfer Incredible Pale Ale,"€ 2,29",Germany,3.55,Häffner Bräu - Hopfenstopfer,6.1%,IPA - American,330ml,"€ 6,94 per litre"
Beverly Pils,"€ 3,29",Germany,3.54,Mashsee Brauerei,4.7%,Pilsner - German,330ml,"€ 9,97 per litre"
Brune,"€ 2,39",Belgium,3.54,Abbaye de Leffe,6.5%,Brown Ale - Belgian,330ml,"€ 7,24 per litre"
Swabbie IPA,"€ 2,89",Germany,3.54,Freie Brau Union Bremen,6.8%,IPA - American,330ml,"€ 8,76 per litre"
Kellerbier,"€ 2,29",Germany,3.54,Brauhaus Riegele,5%,Kellerbier / Zwickelbier,500ml,"€ 4,58 per litre"
Passion Pale Ale,"€ 4,19",Sweden,3.54,Poppels Bryggeri,5.2%,Pale Ale - Fruited,330ml,"€ 12,70 per litre"
Ator 20,"€ 3,49",Germany,3.54,Brauhaus Riegele,7.5%,Bock - Doppelbock,330ml,"€ 10,58 per litre"
Organic Neipa,"€ 4,99",Sweden,3.54,Poppels Bryggeri,6%,IPA - New England / Hazy,Can 330ml,"€ 15,12 per litre"
Hopfenstopfer Comet IPA,"€ 2,29",Germany,3.53,Häffner Bräu - Hopfenstopfer,6.8%,IPA - American,330ml,"€ 6,94 per litre"
Trainingslager,"€ 2,63",Germany,3.53,Mashsee Brauerei,5.5%,Lager - IPL (India Pale Lager),330ml,"€ 7,97 per litre"
Santa's Hop Sack Hazy Christmas Orange IPA,"€ 6,89",Norway,3.53,Amundsen Brewery,5.3%,IPA - New England / Hazy,Can 440ml,"€ 15,66 per litre"
Big Wave,"€ 3,49",United States,3.52,Kona Brewing Company,4.4%,Blonde / Golden Ale - American,355ml,"€ 9,83 per litre"
Weissbier,"€ 2,15",Germany,3.52,Hoppebräu,5.5%,Wheat Beer - Hefeweizen,500ml,"€ 4,30 per litre"
Aechtes Dunkel,"€ 2,19",Germany,3.52,Brauhaus Riegele,4.9%,Lager - Munich Dunkel,500ml,"€ 4,38 per litre"
Speziator Dunkel,"€ 2,09",Germany,3.51,Brauhaus Riegele,7.5%,Bock - Doppelbock,330ml,"€ 6,33 per litre"
Wychwood Hobgoblin IPA,"€ 4,69",England,3.51,Marston's Brewery,5%,IPA - English,500ml,"€ 9,38 per litre"
Alte Weisse,"€ 2,19",Germany,3.51,Brauhaus Riegele,5%,Wheat Beer - Dunkelweizen,500ml,"€ 4,38 per litre"
Dolden Sud BIO,"€ 2,69",Germany,3.50,Riedenburger Brauhaus,6.5%,IPA - Other,330ml,"€ 8,15 per litre"
Feines Urhell,"€ 2,19",Germany,3.49,Brauhaus Riegele,4.7%,Lager - Helles,500ml,"€ 4,38 per litre"
Das Helle!,"€ 2,39",Germany,3.49,Wolfscraft,4.9%,Lager - Helles,330ml,"€ 7,24 per litre"
Apple,"€ 2,99",Belgium,3.49,Brouwerij Lindemans,3.5%,Lambic - Fruit,Bottle 250ml,"€ 11,96 per litre"
Pale Ale,"€ 2,89",Germany,3.49,Freie Brau Union Bremen,5.4%,Pale Ale - Other,330ml,"€ 8,76 per litre"
Amerikanischer Traum IPA,"€ 3,49",Germany,3.49,Landgang Brauerei,6.5%,IPA - American,330ml,"€ 10,58 per litre"
Wuida Hund Lager,"€ 2,72",Germany,3.48,Hoppebräu,4.5%,Lager - IPL (India Pale Lager),330ml,"€ 8,24 per litre"
Pale Ale,"€ 3,69",Germany,3.47,Lillebräu,5.4%,Pale Ale - Australian,330ml,"€ 11,18 per litre"
Samuel Smith Organic Apricot,"€ 4,99",England,3.47,Melbourn Bros’ All Saints Brewery,5.1%,Fruit Beer,355ml,"€ 14,06 per litre"
Auris 19,"€ 3,49",Germany,3.47,Brauhaus Riegele,9%,Bock - Doppelbock,330ml,"€ 10,58 per litre"
Wuide Hehna Session IPA,"€ 3,89",Germany,3.47,Hoppebräu,4.1%,IPA - Session,330ml,"€ 11,79 per litre"
Amaris 50,"€ 3,49",Germany,3.47,Brauhaus Riegele,5%,Pilsner - German,330ml,"€ 10,58 per litre"
Baltic Porter,"€ 3,09",Germany,3.46,BRLO,7%,Porter - Baltic,330ml,"€ 9,36 per litre"
Pale Ale,"€ 2,89",Germany,3.46,BRLO,5%,Pale Ale - American,330ml,"€ 8,76 per litre"
Würziges Export,"€ 2,19",Germany,3.46,Brauhaus Riegele,5.5%,Lager - Dortmunder / Export,500ml,"€ 4,38 per litre"
Robustus 6,"€ 3,49",Germany,3.46,Brauhaus Riegele,5%,Porter - Other,330ml,"€ 10,58 per litre"
Speziator Hell,"€ 2,19",Germany,3.45,Brauhaus Riegele,8.5%,Bock - Doppelbock,330ml,"€ 6,64 per litre"
Insel-Brauerei German Coast,"€ 3,79",Germany,3.45,Rügener Insel-Brauerei,7.5%,IPA - Imperial / Double,330ml,"€ 11,48 per litre"
Super Santa Choco Shake Stout,"€ 5,99",Norway,3.44,Amundsen Brewery,4.7%,Stout - Pastry,330ml,"€ 18,15 per litre"
Nittenauer Le Chauffeur alkoholfrei IPA,"€ 3,19",Germany,3.44,Brauhaus Nittenau,0.38%,Non-Alcoholic - IPA,330ml,"€ 9,67 per litre"
German IPA,"€ 2,89",Germany,3.44,BRLO,7%,IPA - Other,330ml,"€ 8,76 per litre"
Hop Head IPA7,"€ 2,29",Germany,3.42,Craftwerk Brewing,8%,IPA - American,330ml,"€ 6,94 per litre"
Insel-Brauerei Baltic Ale,"€ 3,69",Germany,3.42,Rügener Insel-Brauerei,7.5%,Belgian Strong Golden Ale,330ml,"€ 11,18 per litre"
Insel-Brauerei Baltic Ale,"€ 8,99",Germany,3.42,Rügener Insel-Brauerei,7.5%,Belgian Strong Golden Ale,Bottle 750ml,"€ 11,99 per litre"
Dolden Dark BIO,"€ 2,59",Germany,3.41,Riedenburger Brauhaus,6.9%,Porter - Other,330ml,"€ 7,85 per litre"
Helle Aufregung,"€ 3,49",Germany,3.41,Landgang Brauerei,5%,Lager - Helles,330ml,"€ 10,58 per litre"
Commerzienrat,"€ 2,19",Germany,3.41,Brauhaus Riegele,5.2%,Lager - Helles,500ml,"€ 4,38 per litre"
Insel-Brauerei Insel Saison,"€ 3,69",Germany,3.41,Rügener Insel-Brauerei,5.6%,Farmhouse Ale - Saison,330ml,"€ 11,18 per litre"
Insel-Brauerei Insel Saison,"€ 8,99",Germany,3.41,Rügener Insel-Brauerei,5.6%,Farmhouse Ale - Saison,Bottle 750ml,"€ 11,99 per litre"
Longboard Island Lager,"€ 3,49",United States,3.41,Kona Brewing Company,4.6%,Lager - Pale,355ml,"€ 9,83 per litre"
Wychwood Hobgoblin Ruby Beer,"€ 4,69",England,3.40,Marston's Brewery,5.2%,Brown Ale - English,500ml,"€ 9,38 per litre"
Lager,"€ 3,69",Germany,3.39,Lillebräu,5.7%,Lager - Amber / Red,330ml,"€ 11,18 per litre"
Dulcis 12,"€ 3,69",Germany,3.38,Brauhaus Riegele,11%,Belgian Strong Golden Ale,330ml,"€ 11,18 per litre"
Brutal Alkoholfrei,"€ 2,39",Germany,3.38,Wolfscraft,0.4%,Non-Alcoholic - Lager,330ml,"€ 7,24 per litre"
Insel-Brauerei Insel Kreide,"€ 3,79",Germany,3.37,Rügener Insel-Brauerei,5.6%,Bière de Champagne / Bière Brut,330ml,"€ 11,48 per litre"
Insel-Brauerei Insel Kreide,"€ 8,99",Germany,3.37,Rügener Insel-Brauerei,5.6%,Bière de Champagne / Bière Brut,Bottle 750ml,"€ 11,99 per litre"
PURE Bitter-Orange,"€ 2,19",Germany,3.36,Riedenburger Brauhaus,0.15%,Non-Alcoholic - Shandy / Radler,330ml,"€ 6,64 per litre"
Helles,"€ 2,79",Germany,3.36,Hoppebräu,4.9%,Lager - Helles,500ml,"€ 5,58 per litre"
Insel-Brauerei Baltic Dubbel,"€ 3,69",Germany,3.34,Rügener Insel-Brauerei,8.5%,Belgian Dubbel,330ml,"€ 11,18 per litre"
Nittenauer Mein Wildes Zwickel,"€ 2,39",Germany,3.34,Brauhaus Nittenau,5.7%,Kellerbier / Zwickelbier,330ml,"€ 7,24 per litre"
PURE Rhabarber-Cassis,"€ 2,19",Germany,3.34,Riedenburger Brauhaus,5.7%,Non-Alcoholic - Other,330ml,"€ 6,64 per litre"
Insel-Brauerei Baltic Stout,"€ 8,99",Germany,3.33,Rügener Insel-Brauerei,7.5%,Stout - Imperial / Double,Bottle 750ml,"€ 11,99 per litre"
Insel-Brauerei Baltic Farm,"€ 3,79",Germany,3.32,Rügener Insel-Brauerei,8.5%,Farmhouse Ale - Saison,330ml,"€ 11,48 per litre"
Holy Cowl,"€ 2,29",Germany,3.31,Craftwerk Brewing,9%,Belgian Tripel,330ml,"€ 6,94 per litre"
Pilsener,"€ 2,69",Germany,3.31,Lillebräu,5%,Pilsner - German,330ml,"€ 8,15 per litre"
Augsburger Herrenpils,"€ 2,19",Germany,3.31,Brauhaus Riegele,4.7%,Pilsner - German,500ml,"€ 4,38 per litre"
Hanseat 2.0,"€ 2,69",Germany,3.30,Freie Brau Union Bremen,6%,Märzen,330ml,"€ 8,15 per litre"
Insel-Brauerei Überseehopfen,"€ 3,89",Germany,3.28,Rügener Insel-Brauerei,5.6%,IPA - Other,330ml,"€ 11,79 per litre"
Pils,"€ 2,59",Germany,3.28,Landgang Brauerei,5%,Pilsner - German,330ml,"€ 7,85 per litre"
Rotbier,"€ 2,69",Germany,3.27,Freie Brau Union Bremen,5.5%,Lager - Rotbier,330ml,"€ 8,15 per litre"
Keller Pils,"€ 2,39",Germany,3.26,Freie Brau Union Bremen,4.9%,Pilsner - German,330ml,"€ 7,24 per litre"
Insel-Brauerei Baltic Gose,"€ 3,69",Germany,3.26,Rügener Insel-Brauerei,6.5%,Sour - Traditional Gose,330ml,"€ 11,18 per litre"
Kehrwieder üNN überNormalNull IPA alkoholfrei,"€ 2,99",Germany,3.26,Kehrwieder Kreativbrauerei,0.4%,Non-Alcoholic - IPA,330ml,"€ 9,06 per litre"
IPA Liberis 2+3 alkoholfrei,"€ 3,49",Germany,3.25,Brauhaus Riegele,0.4%,Non-Alcoholic - IPA,330ml,"€ 10,58 per litre"
Schorschbock ICE,"€ 7,09",Germany,3.25,Schorschbräu,13%,Bock - Eisbock,330ml,"€ 21,48 per litre"
PURE Kirsche-Aronia,"€ 2,29",Germany,3.24,Riedenburger Brauhaus,13%,Non-Alcoholic - Other,330ml,"€ 6,94 per litre"
BioStadt Bier,"€ 2,89",Germany,3.23,Freie Brau Union Bremen,5.4%,Lager - Dortmunder / Export,330ml,"€ 8,76 per litre"
Mad Callista,"€ 1,67",Germany,3.22,Craftwerk Brewing,3.9%,Lager - IPL (India Pale Lager),330ml,"€ 5,06 per litre"
Pilsener,"€ 2,09",Germany,3.20,Ratsherrn Brauerei,4.9%,Pilsner - German,330ml,"€ 6,33 per litre"
Schorschbock,"€ 7,09",Germany,3.20,Schorschbräu,13%,Bock - Doppelbock,330ml,"€ 21,48 per litre"
Nittenauer The Wit alkoholfrei,"€ 3,09",Germany,3.17,Brauhaus Nittenau,0.4%,Non-Alcoholic - Wheat,330ml,"€ 9,36 per litre"
Hell Alkoholfrei,"€ 2,19",Germany,3.16,Brauhaus Riegele,0.5%,Non-Alcoholic - Lager,500ml,"€ 4,38 per litre"
Leichte Weisse,"€ 2,19",Germany,3.15,Brauhaus Riegele,3.3%,Wheat Beer - Hefeweizen Light / Leicht,500ml,"€ 4,38 per litre"
Naked alkoholfrei,"€ 2,89",Germany,3.13,BRLO,0.2%,Non-Alcoholic - Pale Ale,330ml,"€ 8,76 per litre"
Dolden Null IPA alkoholfrei BIO,"€ 2,69",Germany,3.12,Riedenburger Brauhaus,0.5%,Non-Alcoholic - IPA,330ml,"€ 8,15 per litre"
Weisse Alkoholfrei,"€ 2,19",Germany,3.11,Brauhaus Riegele,0.5%,Non-Alcoholic - Wheat,500ml,"€ 4,38 per litre"
PURE Holunder-Ingwer,"€ 2,29",Germany,3.10,Riedenburger Brauhaus,0.5%,Non-Alcoholic - Shandy / Radler,330ml,"€ 6,94 per litre"
Berliner Weisse,"€ 2,89",Germany,3.01,BRLO,4%,Sour - Berliner Weisse,330ml,"€ 8,76 per litre"
Der Kapitän alkoholfrei,"€ 3,39",Germany,3.01,Landgang Brauerei,0.5%,Non-Alcoholic - Pale Ale,330ml,"€ 10,27 per litre"
Schneider TAP3 Mein Alkoholfrei,"€ 2,19",Germany,2.89,Schneider Weisse G. Schneider & Sohn,0.5%,Non-Alcoholic - Wheat,500ml,"€ 4,38 per litre"
Sierra Nevada Pale Ale,"€ 3,69",Spain,?,Triple Brew,5.6%,Pale Ale - American,355ml,"€ 10,39 per litre"
Sticky Little Fingers Toffee Cinnabun Ultra Pastry Stout,"€ 11,99",Norway,4.13,Amundsen Brewery,13.5%,Stout - Imperial / Double Pastry,Can 440ml,"€ 27,25 per litre"
Christmas Morning Breakfast Waffle Stout,"€ 5,99",Norway,3.37,Amundsen Brewery,4.7%,Stout - Pastry,330ml,"€ 18,15 per litre"
Amundsen Ashes To Ashes Salted Caramel Choc Chip Cookie Stout,"€ 8,99",Norway,3.37,,4.7%,Stout - Pastry,330ml,"€ 27,24 per litre"
Weissbier 0.0,"€ 1,95",Germany,2.84,Paulaner Brauerei,4.7%,Non-Alcoholic - Wheat,330ml,"€ 27,24 per litre"
Jewel of the Sea,"€ 15,00",United States,4.25,Tree House Brewing Company,7.6%,IPA - Imperial / Double New England / Hazy,,
Fresh Peach,"€ 15,00",United States,4.17,Tree House Brewing Company,6.5%,IPA - New England / Hazy,,
Coconut Deth (2024),"€ 16,75",United States,4.38,Revolution Brewing Company,14.3%,Stout - Imperial / Double Oatmeal,355ml,"€ 47,18 per litre"
Fundamental Observation (2024),"€ 36,75",United States,4.31,Bottle Logic Brewing,14%,Stout - Imperial / Double,500ml,"€ 73,50 per litre"
The Algorithm Pt. 3,"€ 6,95",Netherlands,4.19,Uiltje Brewing Company,14.5%,Stout - Imperial / Double,330ml,"€ 21,06 per litre"
Vatgerijpt #14 I Spy Double Rye Tawny Port,"€ 7,50",Netherlands,4.16,Muifelbrouwerij,10%,Bock - Doppelbock,330ml,"€ 22,73 per litre"
Zuster Agatha Houtgerijpt 2024,"€ 5,50",Netherlands,3.93,Muifelbrouwerij,11.5%,Belgian Quadrupel,330ml,"€ 16,67 per litre"
Three Of Hearts (Lager – Winter),"€ 8,99",United States,3.85,Wayfinder Beer,5.1%,Lager - Winter,473ml,"€ 19,01 per litre"
Tsar's Delight,"€ 7,75",France,4.22,La Superbe,10%,Stout - Imperial / Double,Can 440ml,"€ 17,61 per litre"
Ritual #1: Opening Ceremony Woodford Reserve BA,"€ 7,50",Netherlands,4.15,Nemeton Brewing,10.8%,Barleywine - Other,330ml,"€ 22,73 per litre"
Okinawa Obscura,"€ 6,45",Netherlands,4.12,Nemeton Brewing,12.5%,Stout - Imperial / Double Oatmeal,330ml,"€ 19,55 per litre"
Father & Son Series – Télégonos,"€ 5,99",France,4.07,Mogwaï Beer Company,8.3%,IPA - Imperial / Double,Can 440ml,"€ 13,61 per litre"
Ritual #1: Opening Ceremony PX Barrel Aged,"€ 7,50",Netherlands,4.01,Nemeton Brewing,10.8%,Barleywine - English,330ml,"€ 22,73 per litre"
Crazy Druid Stout,"€ 6,99",Netherlands,4.01,Nemeton Brewing,14.5%,Stout - Imperial / Double,330ml,"€ 21,18 per litre"
Father & Son Series – Ulysse,"€ 5,99",France,3.97,Mogwaï Beer Company,8.3%,IPA - Imperial / Double,Can 440ml,"€ 13,61 per litre"
Selfless State,"€ 5,85",Romania,3.91,Metanoia Brewing,5.8%,IPA - New England / Hazy,Can 440ml,"€ 13,30 per litre"
Divine Comédie – Amarone Édition,"€ 6,95",France,3.89,Mogwaï Beer Company,10%,Stout - Imperial / Double,330ml,"€ 21,06 per litre"
Divine Comédie – Madere Édition,"€ 6,95",France,3.86,Mogwaï Beer Company,10%,Stout - Imperial / Double,330ml,"€ 21,06 per litre"
Exocoetus (Farmhouse Ale Brett),"€ 10,50",Switzerland,3.83,Brasserie L'Apaisée,6.8%,Farmhouse Ale - Brett,330ml,"€ 31,82 per litre"
Creepy Hops,"€ 5,99",Poland,3.82,Browar Birbant,8.6%,IPA - Imperial / Double,500ml,"€ 11,98 per litre"
Ritual #1: Opening Ceremony Rum Barrel Aged,"€ 7,50",Netherlands,3.79,Nemeton Brewing,10.8%,Barleywine - Other,330ml,"€ 22,73 per litre"
Ritual #1: Opening Ceremony,"€ 4,25",Netherlands,3.68,Nemeton Brewing,10.8%,Barleywine - Other,330ml,"€ 12,88 per litre"
Summer Sour,"€ 9,50",Switzerland,?,Brasserie L'Apaisée,3%,Sour - Other,330ml,"€ 28,79 per litre"
Carpe Noctem – Double IPA,"€ 6,45",Germany,4.06,Sudden Death Brewing Co.,7.9%,IPA - New England / Hazy,Can 440ml,"€ 14,66 per litre"
Lode Of Gold – TDH Double IPA,"€ 6,75",Germany,4.05,Sudden Death Brewing Co.,7.7%,IPA - Imperial / Double New England / Hazy,Can 440ml,"€ 15,34 per litre"
Vampire Denture – New England IPA,"€ 6,25",Germany,4.03,Sudden Death Brewing Co.,7.1%,IPA - New England / Hazy,Can 440ml,"€ 14,20 per litre"
No Diggity 03 – New England IPA – Collab AEDDIX's,"€ 4,45",Austria,3.92,AEDDIX,6.5%,IPA - New England / Hazy,330ml,"€ 13,48 per litre"
Fliär Blome – Elderflower Infused Münsterisch Alt – Blend 02-2023,"€ 16,95",Germany,3.89,Kemker Kultuur (Brauerei J. Kemker),6%,Sour - Other,Bottle 750ml,"€ 22,60 per litre"
Rosa – Blended Barrel Aged Farmhouse Ale,"€ 19,95",Germany,3.84,Kemker Kultuur (Brauerei J. Kemker),5.5%,Farmhouse Ale - Other,Bottle 750ml,"€ 26,60 per litre"
Utopia – Double IPA,"€ 4,95",Austria,3.75,Bierol,7.5%,IPA - Imperial / Double,330ml,"€ 15,00 per litre"
Alien Love Call – Imperial West Coast Pale Lager – Collab First Craft Beer,"€ 6,45",Hungary,3.74,FIRST Craft Beer,8%,Lager - Other,Can 440ml,"€ 14,66 per litre"
Lifebloom,"€ 8,50",Portugal,4.19,Ophiussa Brewing Co.,5%,Sour - Smoothie / Pastry,Can 440ml,"€ 19,32 per litre"
Rosa,"€ 8,50",Portugal,4.13,Ophiussa Brewing Co.,5%,Sour - Smoothie / Pastry,Can 440ml,"€ 19,32 per litre"
Don Quichot,"€ 4,50",Netherlands,4.07,Brouwerij Kees,14%,Barleywine - Other,330ml,"€ 13,64 per litre"
Black Cheesecake,"€ 5,25",Latvia,4.00,Hopalaa,10%,Stout - Imperial / Double,330ml,"€ 15,91 per litre"
Black Chocolate Fudge,"€ 5,25",Latvia,3.98,Hopalaa,10%,Stout - Imperial / Double,330ml,"€ 15,91 per litre"
Sextuple,"€ 8,99",Spain,3.96,Poch's Cervesa Artesana,11%,Barleywine - Other,330ml,"€ 27,24 per litre"
Manilita,"€ 5,50",Latvia,3.92,Hopalaa,7%,IPA - New England / Hazy,Can 440ml,"€ 12,50 per litre"
#14 DIPA,"€ 5,50",Denmark,3.91,To Øl,8.2%,IPA - Imperial / Double,Can 440ml,"€ 12,50 per litre"
Pastry Train Canelé,"€ 3,99",Netherlands,3.90,Brouwerij Kees,13.1%,Stout - Imperial / Double Pastry,330ml,"€ 12,09 per litre"
Quadzilla II,"€ 7,25",Denmark,3.87,To Øl,13%,IPA - Quadruple,Can 440ml,"€ 16,48 per litre"
Earthquake,"€ 6,25",Spain,3.87,Menno Olivier Brewing,9.8%,Stout - Imperial / Double,330ml,"€ 18,94 per litre"
Triple Trails,"€ 4,75",Netherlands,3.86,Brouwerij Kees,8.9%,IPA - Triple,Can 440ml,"€ 10,80 per litre"
Black Tiramisu,"€ 5,25",Latvia,3.78,Hopalaa,10%,Stout - Imperial / Double,330ml,"€ 15,91 per litre"
Jule Sovs,"€ 4,90",Denmark,3.44,To Øl,6.1%,IPA - New England / Hazy,Can 440ml,"€ 11,14 per litre"
Lime X Mango X Passionfruit X Pineapple X Coconut X Vanilla Smoothie Sour Ale,"€ 6,80",Latvia,4.26,Ārpus Brewing Co.,5.5%,Sour - Smoothie / Pastry,Can 440ml,"€ 15,45 per litre"
TDH Hops X Art #25 IPA,"€ 5,60",Latvia,4.06,Ārpus Brewing Co.,6.5%,IPA - New England / Hazy,Can 440ml,"€ 12,73 per litre"
Ārpus X Cloudwater TDH Double 5 DIPA,"€ 6,00",Latvia,4.03,Ārpus Brewing Co.,8%,IPA - Imperial / Double New England / Hazy,Can 440ml,"€ 13,64 per litre"
Ārpus X BFM Red Wine Barrel Aged Saison,"€ 5,50",Latvia,3.69,Ārpus Brewing Co.,5%,Farmhouse Ale - Saison,Can 440ml,"€ 12,50 per litre"
Cuvée de Zrisa,"€ 9,50",Italy,4.02,Ca' del Brado,7.8%,Sour - Fruited,Bottle 375ml,"€ 25,33 per litre"
Avec Les Bons Voeux,"€ 4,60",Belgium,3.80,Brasserie Dupont,9.5%,Farmhouse Ale - Saison,Bottle 375ml,"€ 12,27 per litre"
Saison Dupont Cuvée Dry Hopping Styrian Wolf,"€ 3,20",Belgium,3.74,Brasserie Dupont,6.5%,Farmhouse Ale - Saison,330ml,"€ 9,70 per litre"
Saison Dupont,"€ 3,00",Belgium,3.68,Brasserie Dupont,6.5%,Farmhouse Ale - Saison,330ml,"€ 9,09 per litre"
Moinette Brune,"€ 3,40",Belgium,3.54,Brasserie Dupont,8.5%,Belgian Strong Dark Ale,330ml,"€ 10,30 per litre"
"Oude Geuze 0,75L (Season 21|22) Blend No. 64","€ 16,80",Belgium,4.28,Brouwerij 3 Fonteinen,7.1%,Lambic - Gueuze,Bottle 750ml,"€ 22,40 per litre"
Pale Ale,"€ 4,00",Belgium,3.56,Brasserie Surréaliste,5.2%,Pale Ale - American,330ml,"€ 12,12 per litre"
DDF Churros,"€ 11,40",Scotland,4.20,Vault City Brewing,15%,Stout - Imperial / Double Pastry,330ml,"€ 34,55 per litre"
Snowball,"€ 8,30",Scotland,4.04,Vault City Brewing,5.3%,Sour - Smoothie / Pastry,Can 440ml,"€ 18,86 per litre"
Last Christmas,"€ 5,70",Scotland,4.01,Vault City Brewing,4.1%,Sour - Fruited,Can 440ml,"€ 12,95 per litre"
Chocolate Strawberry Dutch Pancakes,"€ 7,80",Scotland,3.97,Vault City Brewing,5.3%,Sour - Smoothie / Pastry,Can 440ml,"€ 17,73 per litre"
What Light,"€ 5,40",England,3.95,Track Brewing Company,4.7%,Pale Ale - New England / Hazy,Can 440ml,"€ 12,27 per litre"
Mulled Apple,"€ 5,70",Scotland,3.86,Vault City Brewing,5%,Sour - Fruited,Can 440ml,"€ 12,95 per litre"
Boombox – DDH Dipa – Collab Cloudwater,"€ 6,95",Germany,4.20,FUERST WIACEK,8%,IPA - Imperial / Double New England / Hazy,Can 440ml,"€ 15,80 per litre"
Northern Monk / Coolhead Brew - Patrons Project: 48.01 Salome,"€ 7,50",England,3.88,Northern Monk,6%,IPA - New England / Hazy,Can 440ml,"€ 17,05 per litre"
Northern Monk / Põhjala / Resident Culture / Neon Raptor - Dark & Wild 2024,"€ 8,30",England,3.77,Northern Monk,8.4%,Stout - Milk / Sweet,Can 440ml,"€ 18,86 per litre"
Great Northern Lager,"€ 4,10",England,3.35,Northern Monk,4%,Lager - Pale,Can 440ml,"€ 9,32 per litre"
Christmas Every Day – Tonka Stout,"€ 5,45",Germany,3.99,FUERST WIACEK,7%,Stout - Other,Can 440ml,"€ 12,39 per litre"
Sipping Sunny – Session IPA,"€ 5,95",Germany,3.79,FUERST WIACEK,4.7%,IPA - Session,Can 440ml,"€ 13,52 per litre"
Rotes Lager,"€ 2,95",Germany,3.60,FUERST WIACEK,5%,Lager - Rotbier,Can 440ml,"€ 6,70 per litre"
Chocolate OD 2 BA Belle Meade Bourbon (Stout Imperial / Double White / Golden),"€ 6,50",Netherlands,3.86,100 Watt Brewery,8.5%,Stout - Imperial / Double White / Golden,330ml,"€ 19,70 per litre"
Launfestbier 13,"€ 3,99",Czech Republic,3.56,Rodinný Pivovar Zichovec,5.5%,Festbier,500ml,"€ 7,98 per litre"
Cranborne Poacher (Strong Ale English),"€ 3,60",England,3.51,Badger Beers (Hall & Woodhouse),5.7%,Strong Ale - English,500ml,"€ 7,20 per litre"
Backyard Pool (California Common),"€ 4,75",Netherlands,3.33,KOMPAAN Dutch Craft Beer Company,4.8%,California Common,Can 440ml,"€ 10,80 per litre"
Triporteur Full Moon 12,"€ 3,40",Belgium,3.76,BOMBrewery,10.2%,Belgian Quadrupel,330ml,"€ 10,30 per litre"
Zillertal Weissbier,"€ 2,85",Austria,3.55,Zillertal Bier,5%,Wheat Beer - Hefeweizen,500ml,"€ 5,70 per litre"
Barbar Blond,"€ 2,35",Belgium,3.49,Brasserie Lefebvre,8%,Honey Beer,500ml,"€ 5,70 per litre"
Münchner Hell,"€ 2,90",Germany,3.42,Hacker-Pschorr,5%,Lager - Helles,500ml,"€ 5,80 per litre"
Witkap Pater Stimulo,"€ 2,45",Belgium,3.41,Brouwerij Slaghmuylder,6%,Belgian Blonde,330ml,"€ 7,42 per litre"
Goliath Blond,"€ 2,65",Belgium,3.34,Brasserie des Légendes,6%,Belgian Blonde,330ml,"€ 8,03 per litre"
Zillertal Zeller Hell,"€ 1,90",Austria,3.33,Zillertal Bier,4.7%,Lager - Helles,330ml,"€ 5,76 per litre"
Zillertal Märzen,"€ 3,00",Austria,3.29,Zillertal Bier,5.1%,Märzen,500ml,"€ 6,00 per litre"
Staropramen,"€ 3,05",Czech Republic,3.17,Pivovary Staropramen,5%,Pilsner - Czech / Bohemian,500ml,"€ 6,10 per litre"
Lervig Foeder Framboise By Rackhouse,"€ 20,95",Norway,4.02,LERVIG,5.5%,Sour - Fruited,Bottle 750ml,"€ 27,93 per litre"
Planet HBC 1019,"€ 5,50",Latvia,4.09,Hopalaa,6.8%,IPA - New England / Hazy,Can 440ml,"€ 12,50 per litre"
Achel Gallant,"€ 12,50",Belgium,3.78,Brouwerij der Sint-Benedictusabdij De Achelse Kluis,9.5%,Belgian Strong Golden Ale,Bottle 750ml,"€ 16,67 per litre"
ATE – DDH IPA – Collab Muted Horn,"€ 6,45",Germany,4.19,FUERST WIACEK,8%,IPA - Imperial / Double New England / Hazy,Can 440ml,"€ 14,66 per litre"
Quantum Kitty: Blackberry – Fruited Sour,"€ 6,95",Germany,4.14,Sudden Death Brewing Co.,5.5%,Sour - Fruited,Can 440ml,"€ 15,80 per litre"
Werewolf Grandma – DDH IPA,"€ 6,25",Germany,4.10,FUERST WIACEK,6.8%,IPA - New England / Hazy,Can 440ml,"€ 14,20 per litre"
3 Bean Stout – Imperial Stout,"€ 6,45",Norway,4.09,LERVIG/ Way Beer,12%,Stout - Imperial / Double,330ml,"€ 19,55 per litre"
Survival Kit – Double New England IPA,"€ 6,45",Germany,4.05,Sudden Death Brewing Co.,9.2%,IPA - Imperial / Double New England / Hazy,Can 440ml,"€ 14,66 per litre"
Fuzzy Van Trip – India Pale Ale,"€ 6,25",Germany,4.00,Sudden Death Brewing Co.,6.3%,IPA - New England / Hazy,Can 440ml,"€ 14,20 per litre"
Give Me Shelter –  DDH IPA,"€ 6,45",Germany,4.00,Sudden Death Brewing Co.,7%,IPA - New England / Hazy,Can 440ml,"€ 14,66 per litre"
Sudden Death's Grindhouse (2024) – American IPA,"€ 6,45",Germany,3.97,Sudden Death Brewing Co.,6.5%,IPA - American,Can 440ml,"€ 14,66 per litre"
Six One Nine – Fruited Sour,"€ 6,95",Germany,3.91,Sudden Death Brewing Co.,5.1%,Sour - Fruited,Can 440ml,"€ 15,80 per litre"
Spruce Willis – Fichten IPA,"€ 4,45",Austria,3.73,Bierol,6.5%,IPA - Other,330ml,"€ 13,48 per litre"
Sweet Disposition – Table Saison – Collab Overworks – To OL,"€ 8,95",Scotland,3.67,OverWorks/ To Øl,4.9%,Farmhouse Ale - Saison,330ml,"€ 27,12 per litre"
The Fish Needs A Suzuki Collab OSEES & Carnival Brewin,"€ 3,75",Germany,3.37,FUERST WIACEK,4.2%,Lager - American Light,Can 440ml,"€ 8,52 per litre"
Cherry Sour,"€ 3,75",Germany,3.37,ÜberQuell Brauwerkstätten,6.9%,Sour - Fruited,330ml,"€ 11,36 per litre"
Thomas Hardy's Ale The Historical Vintage 2014 – Aged with French Oak,"€ 10,95",England,?,Meantime Brewing Company,12.7%,Barleywine - English,Bottle 250ml,"€ 43,80 per litre"
Cashmere IPA,"€ 5,50",Latvia,3.91,Hopalaa,6.6%,IPA - New England / Hazy,Can 440ml,"€ 12,50 per litre"
Hula Hoop,"€ 6,30",Latvia,3.88,Hopalaa,9%,IPA - Imperial / Double,Can 440ml,"€ 14,32 per litre"
Carouge,"€ 18,80",Canada,3.99,Brasserie Dunham,6.5%,Farmhouse Ale - Saison,Bottle 750ml,"€ 25,07 per litre"
Flötzinger 1543 Hefe-Weisse,"€ 2,39",Germany,3.54,Flötzinger Bräu,5.5%,Wheat Beer - Hefeweizen,500ml,"€ 4,78 per litre"
Flötzinger Weihnachts-Bock,"€ 2,69",Germany,3.50,Flötzinger Bräu,7%,Bock - Hell / Maibock / Lentebock,500ml,"€ 5,38 per litre"
Aldersbacher BIO Kellerbier,"€ 2,19",Germany,3.45,Brauerei Aldersbach,5.2%,Kellerbier / Zwickelbier,500ml,"€ 4,38 per litre"
Hell,"€ 2,49",Germany,3.40,Starnberger Brauhaus,4.8%,Lager - Helles,500ml,"€ 4,98 per litre"
König Ludwig Festtags-Bier,"€ 2,79",Germany,3.35,König Ludwig Schlossbrauerei Kaltenberg,5.6%,Lager - Winter,500ml,"€ 5,58 per litre"
Original Maxl Helles,"€ 2,39",Germany,3.18,Maximilians-Brau Traunstein,4.8%,Lager - Helles,500ml,"€ 4,78 per litre"
Hopf Die Alkoholfreie,"€ 2,39",Germany,3.15,Weißbierbrauerei Hopf,0.5%,Non-Alcoholic - Wheat,500ml,"€ 4,78 per litre"
Maxlrain Engerl Hell Alkoholfrei,"€ 2,29",Germany,3.04,Schlossbrauerei Maxlrain,0.5%,Non-Alcoholic - Lager,500ml,"€ 4,58 per litre"
Flötzinger Hell Alkoholfrei,"€ 2,49",Germany,2.84,Flötzinger Bräu,0.5%,Non-Alcoholic - Lager,500ml,"€ 4,98 per litre"
Aldersbacher Alkoholfreies Helles,"€ 2,29",Germany,2.51,Brauerei Aldersbach,0.5%,Non-Alcoholic - Other,500ml,"€ 4,58 per litre"
Benediktiner Hell,"€ 2,95",Germany,3.39,Benediktiner Weissbräu,5%,Lager - Helles,500ml,"€ 5,90 per litre"
Weizen,"€ 3,00",Germany,3.34,Brauhaus Leikeim,5.4%,Wheat Beer - Hefeweizen,500ml,"€ 6,00 per litre"
Lite,"€ 1,60",Belgium,3.32,Brasserie d'Achouffe,4%,Pale Ale - Belgian,330ml,"€ 4,85 per litre"
Space Is The Place,"€ 6,30",Netherlands,3.54,Van Moll,6.7%,Sour - Other,330ml,"€ 4,85 per litre"
Black Master #02 German Whisky BA,"€ 5,50",Belgium,4.15,Brewery De Meester,12%,Stout - Russian Imperial,330ml,"€ 16,67 per litre"
Old School #2 Armagnac / Whisky BA,"€ 5,50",Belgium,4.03,Brewery De Meester,12%,Barleywine - English,330ml,"€ 16,67 per litre"
Falso Mestre Whisky BA,"€ 4,75",Belgium,3.92,Brewery De Meester,9%,Porter - Imperial / Double,330ml,"€ 14,39 per litre"
Juicebox – DDH Double IPA – Collab Tankbusters – Black Rebell Brewing,"€ 5,95",Belgium,3.92,Black Rebell Brewing,8.4%,DDH Double IPA,500ml,"€ 11,90 per litre"
Berry White,"€ 108,00",United States,4.57,Superstition Meadery,13.5%,Mead - Other,Bottle 500ml,"€ 216,00 per litre"
Strawberry White,"€ 108,00",United States,4.56,Superstition Meadery,13.5%,Mead - Other,Bottle 500ml,"€ 216,00 per litre"
Night Berry White,"€ 108,00",United States,4.52,Superstition Meadery,13%,Mead - Other,Bottle 500ml,"€ 216,00 per litre"
Breakfast White,"€ 108,00",United States,4.49,Superstition Meadery,13%,Mead - Other,Bottle 500ml,"€ 216,00 per litre"
BlueBerry White,"€ 108,00",United States,?,Superstition Meadery,13.5%,Mead - Melomel,Bottle 500ml,"€ 216,00 per litre"
La Meute,"€ 4,40",Belgium,3.82,La Source Beer Co.,6.5%,IPA - New England / Hazy,330ml,"€ 13,33 per litre"
Green Machine – DDH IPA – Collab Black Rebell Brewing – Tankbusters,"€ 5,95",Poland,3.70,TankBusters.Co,6.5%,IPA - New England / Hazy,500ml,"€ 11,90 per litre"
My Continuous Improvement: Black Forest,"€ 15,00",England,4.24,Cloudwater Brew Co.,11%,Stout - Imperial / Double Pastry,Can 440ml,"€ 34,09 per litre"
Death By C.C.C.,"€ 12,30",England,4.17,Siren Craft Brew,10%,Stout - Imperial / Double Milk,Can 330ml,"€ 37,27 per litre"
Caribbean Chocolate Cake - Rocky Road Brownie,"€ 9,20",England,4.07,Siren Craft Brew,7.8%,Stout - Imperial / Double Milk,Can 330ml,"€ 27,88 per litre"
Caribbean Chocolate Cake 2024,"€ 8,40",United States,4.04,Cigar City Brewing/ Siren Craft Brew,7.4%,Stout - Milk / Sweet,Can 330ml,"€ 25,45 per litre"
Caribbean Chocolate Cake - Chocolate Orange Tiramisu,"€ 9,00",England,3.96,Siren Craft Brew,8.4%,Stout - White / Golden,Can 330ml,"€ 27,27 per litre"
Stollen From Ivor,"€ 5,60",England,3.74,Cloudwater Brew Co.,5%,Stout - Pastry,Can 440ml,"€ 12,73 per litre"
Key Lime Pie,"€ 5,40",Scotland,3.70,Up Front Brewing,5.2%,Sour - Other,Can 440ml,"€ 12,27 per litre"
Happy Christmas,"€ 4,80",England,3.36,Cloudwater Brew Co.,3.5%,Pale Ale - Fruited,Can 440ml,"€ 10,91 per litre"
Batcurrant (x The Hanging Bat),"€ 6,00",Scotland,?,The Hanging Bat Brew Co,4.7%,Sour - Fruited Gose,Can 440ml,"€ 13,64 per litre"
Cosmo World (MELT),"€ 8,99",Sweden,4.23,Elmeleven,10%,Stout - Imperial / Double Pastry,Can 440ml,"€ 20,43 per litre"
Triple Hyperactive Moon,"€ 6,50",Spain,4.11,Cervesa Espiga,10%,IPA - Triple New England / Hazy,Can 440ml,"€ 14,77 per litre"
Highway to Hell – Rye IPA – Collab Black Rebell Brewing – The Barn Brewing,"€ 5,95",Czech Republic,3.95,The Barn Beer Co.,6.5%,IPA - New England / Hazy,500ml,"€ 11,90 per litre"
Stairway to Heaven – West Coast Pilsner – Collab Black Rebell + The Barn Brewing,"€ 5,95",Czech Republic,3.98,The Barn Beer Co.,4.8%,Lager - IPL (India Pale Lager),500ml,"€ 11,90 per litre"
God Of Oceans,"€ 8,95",Greece,4.13,Seven Island Brewery,11%,Stout - Imperial / Double Coffee,Can 440ml,"€ 20,34 per litre"
Obłok,"€ 4,30",Poland,3.94,Browar Cztery Ściany,6.2%,IPA - New England / Hazy,Can 500ml,"€ 8,60 per litre"
Most,"€ 4,50",Poland,3.93,Browar Cztery Ściany,6.5%,IPA - Imperial / Double New England / Hazy,Can 500ml,"€ 9,00 per litre"
Szosa,"€ 3,80",Poland,3.90,Browar Nepomucen,7.1%,IPA - Imperial / Double New England / Hazy,Can 500ml,"€ 7,60 per litre"
Luz,"€ 4,10",Poland,3.89,Browar Cztery Ściany,5.9%,IPA - Session,Bottle 500ml,"€ 8,20 per litre"
Trasa,"€ 4,30",Poland,3.88,Browar Cztery Ściany,6.8%,Pale Ale - New England / Hazy,Can 500ml,"€ 8,60 per litre"
Highway,"€ 3,50",Poland,3.81,Browar Nepomucen,5.9%,IPA - New England / Hazy,Can 500ml,"€ 7,00 per litre"
Sowie Porter Bałtycki,"€ 3,20",Poland,3.59,Browar Wielka Sowa,9.3%,Porter - Imperial / Double Baltic,Bottle 500ml,"€ 6,40 per litre"
TRZEBNICA Pils,"€ 3,20",Poland,3.49,Browar Cztery Ściany,4.7%,Pilsner - German,Bottle 500ml,"€ 6,40 per litre"
Sowie Bezalkoholowe APA,"€ 2,40",Poland,3.47,Browar Wielka Sowa,0.5%,Non-Alcoholic - Pale Ale,Bottle 500ml,"€ 4,80 per litre"
Trzebnica Pszeniczne,"€ 3,10",Poland,3.47,Browar Cztery Ściany,4.6%,Wheat Beer - Hefeweizen,Bottle 500ml,"€ 6,20 per litre"
Sowie Jasne Pełne,"€ 2,40",Poland,3.07,Browar Wielka Sowa,4.9%,Lager - Pale,Bottle 500ml,"€ 4,80 per litre"
Plum Barleywine,"€ 11,80",Estonia,3.89,Põhjala,12%,Barleywine - American,330ml,"€ 35,76 per litre"
Lervig - Hoppy Holiday Haze,"€ 4,80",Norway,3.55,LERVIG,4.7%,Pale Ale - Milkshake,500ml,"€ 9,60 per litre"
Gordons Xmas,"€ 5,70",Belgium,3.41,Brewery John Martin & Brewery Timmermans,8.8%,Scotch Ale / Wee Heavy,330ml,"€ 17,27 per litre"
Utopian / Braybrooke - Franconian Dunkel,"€ 4,40",England,3.83,Utopian Brewing Ltd,4.9%,Lager - Munich Dunkel,Can 440ml,"€ 10,00 per litre"
Small Pils,"€ 3,80",England,3.72,Utopian Brewing Ltd,3.4%,Lager - Světlé (Czech Pale),Can 440ml,"€ 8,64 per litre"
Bohemian Lager,"€ 4,00",England,3.56,Utopian Brewing Ltd,4.2%,Pilsner - Czech / Bohemian,Can 440ml,"€ 9,09 per litre"
Stoutste Droom BA,"€ 5,70",Netherlands,3.91,Brouwerij Het Platte Harnas,10%,Stout - Russian Imperial,330ml,"€ 17,27 per litre"
8 Down,"€ 4,10",Romania,3.92,Bereta Brewing Co.,6.2%,IPA - New England / Hazy,Can 440ml,"€ 9,32 per litre"
Gouden Carolus Whisky Infused,"€ 10,95",Belgium,4.00,Brouwerij Het Anker,11.7%,Belgian Strong Dark Ale,Bottle 750ml,"€ 14,60 per litre"
Enjoy The Silence,"€ 3,85",Netherlands,3.75,Brouwerij Kees,11.5%,Belgian Quadrupel,330ml,"€ 11,67 per litre"
Blackshore Stout,"€ 4,40",England,3.56,Adnams,4.2%,Stout - English,500ml,"€ 8,80 per litre"
Old Ale,"€ 4,10",England,3.48,Adnams,4.1%,Mild - Dark,500ml,"€ 8,20 per litre"
Big Dog on the Bridge,"€ 5,90",Wales,3.94,Dog's Window Brewery,6.3%,IPA - New England / Hazy,Can 440ml,"€ 13,41 per litre"
Santa Paws,"€ 5,40",Wales,3.87,Dog's Window Brewery,6%,Stout - Oatmeal,Can 440ml,"€ 12,27 per litre"
Good Boy,"€ 4,80",Wales,3.76,Dog's Window Brewery,4.6%,Pale Ale - American,Can 440ml,"€ 10,91 per litre"
Ex-Girlfriend 2024 BA Brandy Barrels,"€ 6,95",Netherlands,4.30,Jopen,13.4%,Bock - Eisbock,330ml,"€ 21,06 per litre"
Ex-Girlfriend 2024 BA Whisky Barrels,"€ 6,95",Netherlands,4.15,Jopen,13.7%,Bock - Eisbock,330ml,"€ 21,06 per litre"
Ex-Girlfriend 2024 BA Red Wine Barrels,"€ 6,95",Netherlands,4.09,Jopen,11.5%,Bock - Eisbock,330ml,"€ 21,06 per litre"
Kompaan Ivan The Impostor (Foreign Legion 2024),"€ 5,15",Netherlands,3.94,KOMPAAN Dutch Craft Beer Company,12%,Belgian Quadrupel,330ml,"€ 15,61 per litre"
Kompaan Candric LaMer (Foreign Legion 2024),"€ 5,15",Netherlands,3.89,KOMPAAN Dutch Craft Beer Company,10.9%,Barleywine - American,330ml,"€ 15,61 per litre"
The Porter,"€ 6,25",England,3.78,Anspach & Hobday,6.7%,Porter - English,Can 440ml,"€ 14,20 per litre"
London Black,"€ 5,75",England,3.77,Anspach & Hobday,4.4%,Porter - English,Can 440ml,"€ 13,07 per litre"
Kompaan Vlad the Vet (Foreign Legion 2024),"€ 5,15",Netherlands,3.77,KOMPAAN Dutch Craft Beer Company,11.1%,Stout - Imperial / Double,330ml,"€ 15,61 per litre"
Kompaan Jesse Rauchmann (Foreign Legion 2024),"€ 5,15",Netherlands,3.76,KOMPAAN Dutch Craft Beer Company,9.8%,Bock - Doppelbock,330ml,"€ 15,61 per litre"
Maitre Brut Barolo BA,"€ 15,95",Belgium,3.75,Brewery De Meester,10%,Sour - Fruited,Bottle 750ml,"€ 21,27 per litre"
Kompaan Smokey (Foreign Legion 2024),"€ 5,15",Netherlands,3.74,KOMPAAN Dutch Craft Beer Company,10%,Bock - Doppelbock,330ml,"€ 15,61 per litre"
Night Vision Goggles,"€ 4,60",Netherlands,3.73,Dutch Bargain,9%,Porter - Baltic,330ml,"€ 13,94 per litre"
The Rauchbier,"€ 5,75",England,3.71,Anspach & Hobday,5.6%,Rauchbier,Can 440ml,"€ 13,07 per litre"
Douze,"€ 3,95",Belgium,3.70,Brewery De Meester,11.5%,Belgian Quadrupel,330ml,"€ 11,97 per litre"
Kompaan Fai Tality (Foreign Legion 2024),"€ 5,15",Netherlands,3.65,KOMPAAN Dutch Craft Beer Company,10.4%,Barleywine - English,330ml,"€ 15,61 per litre"
Fresh Hopped Chinook,"€ 4,50",Netherlands,3.64,Dutch Bargain,4.8%,IPA - Other,330ml,"€ 13,64 per litre"
Meestereske Kinky Tripel,"€ 3,75",Belgium,3.57,Brewery De Meester,9.5%,Belgian Tripel,330ml,"€ 11,36 per litre"
Imperial Pale Ale 2024,"€ 8,95",Netherlands,3.52,Dutch Bargain,10%,Pale Ale - Other,Bottle 750ml,"€ 11,93 per litre"
Maitre Tripel,"€ 3,50",Belgium,3.48,Brewery De Meester,8.5%,Belgian Tripel,330ml,"€ 10,61 per litre"
Sailing '24 Rum Infused Barley Wine,"€ 5,95",Netherlands,?,Berging Brouwerij,12.5%,Barleywine - English,330ml,"€ 18,03 per litre"
Sailing '24 Rum Infused Imperial Dry Stout,"€ 5,95",Netherlands,?,Berging Brouwerij,10.3%,Stout - Irish Dry,330ml,"€ 18,03 per litre"
Sailing '24 Rum Infused Quadrupel,"€ 5,95",Netherlands,?,Berging Brouwerij,10.6%,Belgian Quadrupel,330ml,"€ 18,03 per litre"
Sailing '24 Rum Infused Tripel,"€ 5,95",Netherlands,?,Berging Brouwerij,10.4%,Belgian Tripel,330ml,"€ 18,03 per litre"
Bierbrouwerij VD Volendam Ootje,"€ 3,50",Netherlands,?,Brouwerij VD Volendam,8.5%,Tripel,330ml,"€ 10,61 per litre"
Bierbrouwerij VD Volendam VPA Volendam Pale Ale,"€ 3,20",Netherlands,?,Brouwerij VD Volendam,5.5%,IPA,330ml,"€ 9,70 per litre"
Bierbrouwerij VD Volendam Zeebonck,"€ 3,10",Netherlands,?,Brouwerij VD Volendam,6.5%,Blond,330ml,"€ 9,39 per litre"
12 Horka,"€ 2,60",Czech Republic,3.20,Radegast,5.1%,Pilsner - Czech / Bohemian,500ml,"€ 5,20 per litre"
11 Ratar,"€ 2,40",Czech Republic,3.17,Radegast,4.5%,Pilsner - Czech / Bohemian,500ml,"€ 4,80 per litre"
10 Rázná,"€ 2,40",Czech Republic,3.07,Radegast,4.1%,Lager - Světlé (Czech Pale),500ml,"€ 4,80 per litre"
Gaze Into the Abyss - Weller Special Reserve BA,"€ 10,95",Romania,4.36,Metanoia Brewing,12%,Stout - Imperial / Double,330ml,"€ 33,18 per litre"
CLOWNS,"€ 6,95",Netherlands,4.25,White Dog Brewery,10%,IPA - Triple New England / Hazy,Can 440ml,"€ 15,80 per litre"
Ritual #1: Opening Ceremony (Woordford Reserve BA),"€ 7,95",Netherlands,4.15,Nemeton Brewing,10.8%,Barleywine - Other,330ml,"€ 24,09 per litre"
Ridgeback B.A. (2024),"€ 7,50",Netherlands,4.13,Brouwerij Frontaal,10%,Barleywine - American,330ml,"€ 22,73 per litre"
Okinawa Obscura,"€ 6,50",Netherlands,4.12,Nemeton Brewing,12.5%,Stout - Imperial / Double Oatmeal,330ml,"€ 19,70 per litre"
Moersleutel Marzipan Steamroller,"€ 7,50",Netherlands,4.08,Moersleutel Craft Brewery,11%,Stout - Pastry,Can 440ml,"€ 17,05 per litre"
DRIP,"€ 6,50",Netherlands,4.03,White Dog Brewery,6%,IPA - American,Can 440ml,"€ 14,77 per litre"
Ritual #1: Opening Ceremony PX Barrel Aged,"€ 7,95",Netherlands,4.01,Nemeton Brewing,10.8%,Barleywine - English,330ml,"€ 24,09 per litre"
SHELLICIOUS,"€ 5,95",France,3.98,La Superbe,6.2%,IPA - New England / Hazy,Can 440ml,"€ 13,52 per litre"
Moersleutel CYCT: Nozzles,"€ 7,95",Netherlands,3.97,Moersleutel Craft Brewery,9%,IPA - Triple New England / Hazy,Can 440ml,"€ 18,07 per litre"
Selfless State,"€ 5,95",Romania,3.91,Metanoia Brewing,5.8%,IPA - New England / Hazy,Can 440ml,"€ 13,52 per litre"
Nihilista,"€ 5,95",Poland,3.89,Ziemia Obiecana,7%,IPA - Imperial / Double New England / Hazy,500ml,"€ 11,90 per litre"
Mirage,"€ 6,95",Netherlands,3.89,Folkingebrew,5%,IPA - Sour,Can 440ml,"€ 15,80 per litre"
Lament,"€ 5,95",Poland,3.84,Ziemia Obiecana,7%,IPA - Imperial / Double New England / Hazy,500ml,"€ 11,90 per litre"
Bourbon Bok,"€ 5,50",Netherlands,3.73,Brouwerij Noordt,8%,Bock - Doppelbock,330ml,"€ 16,67 per litre"
Moersleutel CYCT: Velocity,"€ 5,50",Netherlands,3.69,Moersleutel Craft Brewery,6.5%,IPA - New England / Hazy,Can 440ml,"€ 12,50 per litre"
Bok,"€ 3,50",Netherlands,3.39,Brouwerij Noordt,7%,Bock - Single / Traditional,330ml,"€ 10,61 per litre"
Don't Tell Gus!,"€ 9,90",England,4.24,Verdant Brewing Co,8%,IPA - Imperial / Double New England / Hazy,Can 440ml,"€ 22,50 per litre"
Gus Knows!,"€ 7,55",England,4.10,Verdant Brewing Co,6.5%,IPA - New England / Hazy,Can 440ml,"€ 22,50 per litre"
They Went on Forever,"€ 7,40",England,4.03,Verdant Brewing Co,6%,IPA - New England / Hazy,Can 440ml,"€ 16,82 per litre"
There Will Be No Intervals,"€ 5,80",England,3.99,Verdant Brewing Co,4.5%,Pale Ale - New England / Hazy,Can 440ml,"€ 13,18 per litre"
Nonkel Pater,"€ 2,60",Belgium,3.54,Antwerpse Brouw Compagnie,9%,Belgian Quadrupel,330ml,"€ 7,88 per litre"
Fruit Works Mango - Passion - Strawberry Gose,"€ 7,37",Hungary,4.00,Brew Your Mind,7.2%,Sour - Fruited,Can 440ml,"€ 16,75 per litre"
Don't Tell Gus!,"€ 9,79",England,4.24,Verdant Brewing Co,8%,IPA - Imperial / Double New England / Hazy,Can 440ml,"€ 22,25 per litre"
Gus Knows!,"€ 7,49",England,4.10,Verdant Brewing Co,6.5%,IPA - New England / Hazy,Can 440ml,"€ 17,02 per litre"
They Went On Forever,"€ 7,29",England,4.03,Verdant Brewing Co,6%,IPA - New England / Hazy,Can 440ml,"€ 16,57 per litre"
There Will Be No Intervals,"€ 5,99",England,3.99,Verdant Brewing Co,4.5%,Pale Ale - New England / Hazy,Can 440ml,"€ 13,61 per litre"
Cidre Divona,"€ 13,49",France,3.60,Domaine Johanna Cecillon,6.5%,Cider - Traditional / Apfelwein,Bottle 750ml,"€ 17,99 per litre"
Cidre Divona,"€ 4,79",France,3.60,Domaine Johanna Cecillon,6.5%,Cider - Traditional / Apfelwein,330ml,"€ 14,52 per litre"
Cidre Nerios,"€ 13,99",France,3.58,Domaine Johanna Cecillon,7%,Cider - Traditional / Apfelwein,Bottle 750ml,"€ 18,65 per litre"
Armorique,"€ 13,99",France,?,Domaine Johanna Cecillon,6.5%,Cider - Dry,Bottle 750ml,"€ 18,65 per litre"
Taranis,"€ 13,99",France,?,Domaine Johanna Cecillon,7%,Cider - Dry,Bottle 750ml,"€ 18,65 per litre"
Don't Tell Gus!,"€ 9,49",England,4.24,Verdant Brewing Co,8%,IPA - Imperial / Double New England / Hazy,Can 440ml,"€ 21,57 per litre"
Gus Knows!,"€ 7,29",England,4.10,Verdant Brewing Co,6.5%,IPA - New England / Hazy,Can 440ml,"€ 16,57 per litre"
They Went On Forever,"€ 6,99",England,4.03,Verdant Brewing Co,6%,IPA - New England / Hazy,Can 440ml,"€ 15,89 per litre"
There Will Be No Intervals,"€ 5,79",England,3.99,Verdant Brewing Co,4.5%,Pale Ale - New England / Hazy,Can 440ml,"€ 13,16 per litre"
Santa's Little Helper,"€ 5,29",Denmark,3.68,Mikkeller,4.9%,Pale Ale - New England / Hazy,330ml,"€ 16,03 per litre"
Värske,"€ 4,99",Estonia,3.48,Põhjala,5%,Lager - IPL (India Pale Lager),Can 440ml,"€ 11,34 per litre"
Wonder,"€ 3,99",Denmark,2.66,Mikkeller,5%,Non-Alcoholic - Wheat,330ml,"€ 12,09 per litre"
Lux In Tenebris,"€ 7,49",France,4.17,The Piggy Brewing Company,9.9%,IPA - Triple New England / Hazy,Can 440ml,"€ 17,02 per litre"
Double Impact,"€ 6,79",France,4.06,The Piggy Brewing Company,8%,IPA - Imperial / Double New England / Hazy,Can 440ml,"€ 15,43 per litre"
Fuggy's,"€ 8,99",France,4.06,The Piggy Brewing Company,12%,Stout - Imperial / Double Oatmeal,330ml,"€ 27,24 per litre"
472 Requiem,"€ 6,79",France,4.04,The Piggy Brewing Company,8%,IPA - Imperial / Double New England / Hazy,Can 440ml,"€ 15,43 per litre"
9Club V2,"€ 7,29",France,4.04,The Piggy Brewing Company,9.2%,IPA - Triple New England / Hazy,Can 440ml,"€ 16,57 per litre"
Maya,"€ 6,29",France,3.82,The Piggy Brewing Company,6%,IPA - New England / Hazy,Can 440ml,"€ 14,30 per litre"
Anderson's X,"€ 11,70",Estonia,4.21,Anderson's Craft Beer,12.34%,Stout - Imperial / Double,330ml,"€ 35,45 per litre"
Southwold Bitter,"€ 3,85",England,3.25,Adnams,4.1%,Bitter - Session / Ordinary,330ml,"€ 35,45 per litre"
Silent Killer,"€ 3,60",Belgium,3.48,Stanneman,13%,Belgian Strong Golden Ale,330ml,"€ 35,45 per litre"
Extra Dubbel,"€ 2,60",Belgium,3.37,Stanneman,9%,Belgian Strong Dark Ale,330ml,"€ 35,45 per litre"
Blond,"€ 2,25",Belgium,3.36,Stanneman,6%,Belgian Blonde,330ml,"€ 35,45 per litre"
Paragon 2023 By Rackhouse,"€ 19,49",Norway,4.38,LERVIG,13%,Barleywine - English,Bottle 375ml,"€ 51,97 per litre"
Off the Rack Paragon 2023 By Rackhouse,"€ 32,99",Norway,4.38,LERVIG,13.5%,Barleywine - Other,Bottle 750ml,"€ 43,99 per litre"
Very Big Moose 2024 Rye Barrel Aged Edition,"€ 6,79",Scotland,4.05,Fierce Beer,12.5%,Stout - Russian Imperial,330ml,"€ 20,58 per litre"
Wretched World DIPA,"€ 6,49",Sweden,4.03,Apex Brewing Company,8%,IPA - Imperial / Double New England / Hazy,Can 440ml,"€ 14,75 per litre"
Foeder Framboise By Rackhouse,"€ 21,49",Norway,4.02,LERVIG,5.3%,Sour - Fruited,Bottle 750ml,"€ 28,65 per litre"
Keres IPA,"€ 5,79",Sweden,3.97,Apex Brewing Company,6.5%,IPA - New England / Hazy,Can 440ml,"€ 13,16 per litre"
Failure Drill,"€ 5,79",Sweden,3.94,Apex Brewing Company,6.5%,IPA - New England / Hazy,Can 440ml,"€ 13,16 per litre"
Boltzmann Brain,"€ 6,79",England,3.92,Azvex Brewing Company,6.4%,IPA - New England / Hazy,Can 440ml,"€ 15,43 per litre"
Very Big Moose 2024 Maple & Hazelnut Edition,"€ 6,79",Scotland,3.92,Fierce Beer,12.5%,Stout - Imperial / Double,330ml,"€ 20,58 per litre"
Re-decapitated IPA,"€ 5,79",Sweden,3.91,Apex Brewing Company,6.5%,IPA - New England / Hazy,Can 440ml,"€ 13,16 per litre"
Very Big Moose 2024 – Two Year Bourbon Edition,"€ 6,79",Scotland,3.89,Fierce Beer,12.5%,Stout - Imperial / Double,330ml,"€ 20,58 per litre"
Halcyon IPA,"€ 5,79",Sweden,3.88,Apex Brewing Company,6.5%,IPA - New England / Hazy,Can 440ml,"€ 13,16 per litre"
Embla 2024,"€ 17,99",Norway,4.04,Salikatt Bryggeri,9.5%,Bock - Doppelbock,Bottle 375ml,"€ 47,97 per litre"
New England Christmas 2024,"€ 6,49",Norway,3.98,Salikatt Bryggeri,7%,IPA - New England / Hazy,Can 440ml,"€ 14,75 per litre"
Timeless 2024,"€ 13,79",Norway,3.92,Salikatt Bryggeri,8.9%,Lager - Dark,Can 440ml,"€ 31,34 per litre"
Juleglød,"€ 7,99",Norway,3.91,Salikatt Bryggeri,10%,Belgian Quadrupel,Can 440ml,"€ 18,16 per litre"
Christmas On Fire 2024,"€ 5,99",Norway,3.83,Salikatt Bryggeri,7%,IPA - Other,Can 440ml,"€ 13,61 per litre"
Delirium Noel,"€ 6,50",Belgium,3.76,Delirium - Huyghe Brewery,10%,Winter Ale,Bottle 330ml,"€ 19,70 per litre"
AF Pilsner,"€ 3,20",Belgium,3.76,Utopian,0.5%,Winter Ale,Can 440ml,"€ 7,27 per litre"
Memphis Maffia 2024 Gold Edt,"€ 8,50",Hungary,3.97,Mad Scientist,12.5%,Stout - Imperial / Double,330ml,"€ 25,76 per litre"
Augustiner Lagerbier Hell,"€ 2,50",Germany,3.64,Augustiner-Bräu München,5.2%,Lager - Helles,500ml,"€ 5,00 per litre"
Lager Hell,"€ 2,50",Germany,3.50,Ayinger Privatbrauerei,4.9%,Lager - Helles,500ml,"€ 5,00 per litre"
Straffe Hendrik Heritage 2023,"€ 24,95",Belgium,4.18,Brouwerij De Halve Maan,11%,Belgian Quadrupel,500ml,"€ 5,00 per litre"
Nordic Noir 3,"€ 19,99",Norway,4.30,Nøgne Ø,15%,Strong Ale - Other,330ml,"€ 60,58 per litre"
Merry Jingle,"€ 9,79",Norway,4.27,Nøgne Ø,15.5%,Stout - Imperial / Double,330ml,"€ 29,67 per litre"
Nordic Noir 3 Loupiac Barrel Ed,"€ 21,99",Norway,4.20,Nøgne Ø,15%,Strong Ale - Other,330ml,"€ 66,64 per litre"
Nordic Noir 3 Brandy Barrel Ed.,"€ 21,99",Norway,4.19,Nøgne Ø,15%,Strong Ale - Other,330ml,"€ 66,64 per litre"
Shrieking Sixties,"€ 8,79",Norway,3.97,Nøgne Ø,16.5%,Belgian Quadrupel,330ml,"€ 26,64 per litre"
Solstice Bells,"€ 8,99",Norway,3.93,Nøgne Ø,12%,Traditional Ale,330ml,"€ 27,24 per litre"
Mirage 4,"€ 16,99",Norway,3.89,Nøgne Ø,9%,Lambic - Gueuze,Bottle 750ml,"€ 22,65 per litre"
Wegelage,"€ 17,49",Norway,3.72,Nøgne Ø,11.5%,Lambic - Kriek,Bottle 750ml,"€ 23,32 per litre"
The Great Northern Barrel Aged Series 45,"€ 57,00",United States,4.58,Evil Twin Brewing NYC,15%,Stout - Imperial / Double,500ml,"€ 114,00 per litre"
Evil Fusion,"€ 13,20",United States,4.35,Woven Water Brewing,7%,Sour - Fruited,473ml,"€ 27,91 per litre"
Make it Hopped Cranberry Weisse,"€ 9,30",United States,4.14,Evil Twin Brewing NYC,4%,Sour - Berliner Weisse,473ml,"€ 19,66 per litre"
The NYC Cream Cheese Shortage is no Joke,"€ 11,30",United States,4.10,Evil Twin Brewing NYC,10%,IPA - Triple New England / Hazy,473ml,"€ 23,89 per litre"
Mayor Marlon,"€ 12,00",United States,4.03,Evil Twin Brewing NYC,12%,IPA - Quadruple,473ml,"€ 25,37 per litre"
"Travelling this Year? Nah, I'd Rather Stick Around and Catch Up on NYC","€ 10,60",United States,3.99,Evil Twin Brewing NYC,5.5%,Pale Ale - New England / Hazy,473ml,"€ 22,41 per litre"
Time Escaping,"€ 13,30",United States,3.96,Evil Twin Brewing NYC,12%,Barleywine - English,473ml,"€ 28,12 per litre"
Jeppeweizen,"€ 9,30",United States,3.75,Evil Twin Brewing NYC,5.8%,Wheat Beer - Hefeweizen,473ml,"€ 19,66 per litre"
Rye Wine,"€ 5,50",Germany,3.81,BRLO,10%,Rye Wine,330ml,"€ 16,67 per litre"
Rosinenbomber,"€ 3,90",Germany,3.73,BRLO/ LERVIG,12%,Stout - Imperial / Double,330ml,"€ 11,82 per litre"
Blurry Vision,"€ 3,70",Germany,3.72,BRLO,6.5%,IPA - New England / Hazy,330ml,"€ 11,21 per litre"
Scotch Ale,"€ 4,90",Germany,3.53,BRLO,10%,Scotch Ale / Wee Heavy,330ml,"€ 14,85 per litre"
Baltic Porter,"€ 3,20",Germany,3.46,BRLO,7%,Porter - Baltic,330ml,"€ 9,70 per litre"
Cider Rosé,"€ 2,50",Germany,3.46,BRLO,4.5%,Cider - Rosé,330ml,"€ 7,58 per litre"
IPA,"€ 2,90",Germany,3.46,BRLO,5%,Pale Ale - American,330ml,"€ 8,79 per litre"
Pale Ale,"€ 2,90",Germany,3.46,BRLO,5%,Pale Ale - American,330ml,"€ 8,79 per litre"
Winterbier,"€ 2,20",Germany,3.29,Bürgerbräu Schinner,6%,Lager - Winter,500ml,"€ 4,40 per litre"
Festbier,"€ 2,50",Germany,3.28,Kaiser Bräu,6%,Märzen,500ml,"€ 5,00 per litre"
Holzhauser Dunkles,"€ 2,50",Germany,3.27,Munich Brew Mafia,6.8%,Smoked Beer,500ml,"€ 5,00 per litre"
Weihnachts-Festbier,"€ 2,50",Germany,3.23,Riedenburger Brauhaus,5.5%,Festbier,500ml,"€ 5,00 per litre"
Pittiplatsch Fassbrause,"€ 2,30",Germany,3.19,BRLO,5.5%,Non-Alcoholic Beer - Other,330ml,"€ 6,97 per litre"
Naked Alkoholfrei,"€ 2,90",Germany,3.13,BRLO,0.2%,Non-Alcoholic - Pale Ale,330ml,"€ 8,79 per litre"
Wintertraum,"€ 2,50",Germany,3.11,Brauhaus Leikeim,5.4%,Lager - Winter,500ml,"€ 5,00 per litre"
Berliner Weisse,"€ 2,90",Germany,3.01,BRLO,4%,Sour - Berliner Weisse,330ml,"€ 8,79 per litre"
Merkendorfer Helles,"€ 2,10",Germany,3.52,Brauerei Hummel,4.8%,Lager - Helles,500ml,"€ 4,20 per litre"
Spezialbier >Edel<,"€ 2,00",Germany,3.45,ABK (Aktienbrauerei Kaufbeuren),5.8%,Festbier,500ml,"€ 4,00 per litre"
Schneekanone,"€ 2,20",Germany,3.32,Brauerei Kanone,5.3%,Winter Ale,500ml,"€ 4,40 per litre"
Winterbier,"€ 2,00",Germany,3.18,Arcobräu Gräfliches Brauhaus,5.5%,Lager - Winter,500ml,"€ 4,00 per litre"
Weizenbock Hell,"€ 2,59",Germany,3.87,Brauerei Gutmann,7.2%,Bock - Weizenbock,500ml,"€ 5,18 per litre"
Schorschbock 57% -Worlds Strongest Beer- Jahrgang 2024,"€ 39,99",Germany,3.25,Schorschbräu,16%,Bock - Doppelbock,330ml,"€ 121,18 per litre"
Schorschbock 57% Jahrgang 2024,"€ 299,00",Germany,3.19,Schorschbräu,57%,Bock - Eisbock,330ml,"€ 906,06 per litre"
Nepomucen/The Barn Smoothie Bowl Forest Fruits Pastry Sour,"€ 5,99",Poland,4.05,Browar Nepomucen,5.3%,Sour - Smoothie / Pastry,500ml,"€ 11,98 per litre"
Crazy Lines #67 - Idaho 7 vs. Talus DDH DIPA,"€ 5,99",Poland,4.03,Browar Nepomucen,7.1%,IPA - Imperial / Double,500ml,"€ 11,98 per litre"
From Mafia With LOVE New England Pale Ale,"€ 5,79",Germany,3.97,Munich Brew Mafia,5.2%,Pale Ale - New England / Hazy,500ml,"€ 11,58 per litre"
Crazy Lines #64 - Citra vs. Nelson Sauvin DDH DIPA,"€ 5,99",Poland,3.95,Browar Nepomucen,7%,IPA - Imperial / Double New England / Hazy,500ml,"€ 11,98 per litre"
Smoothie Bowl Tacsonia Pastry Sour,"€ 6,99",Poland,3.93,Browar Nepomucen,5.3%,Sour - Smoothie / Pastry,500ml,"€ 13,98 per litre"
Illusion Passion Fruit & Tangerine Fruited Gose,"€ 5,99",Poland,3.92,Browar Nepomucen,3.6%,Sour - Fruited Gose,500ml,"€ 11,98 per litre"
Smoothie Bowl Soft & Fruity Pastry Sour,"€ 5,99",Poland,3.89,Browar Nepomucen,5.3%,Sour - Smoothie / Pastry,500ml,"€ 11,98 per litre"
Senor Lucas 2 NEIPA,"€ 5,99",Poland,3.88,Browar Nepomucen,5.5%,IPA - New England / Hazy,500ml,"€ 11,98 per litre"
Hops Around The World Australia Hazy IPA,"€ 5,49",Poland,3.88,Browar Nepomucen,6.5%,IPA - New England / Hazy,500ml,"€ 10,98 per litre"
Crazy Lines #58 - Elani Single Hop Hazy Double IPA,"€ 6,49",Poland,3.86,Browar Nepomucen,7.1%,IPA - Imperial / Double,500ml,"€ 12,98 per litre"
Crazy Lines #65 - Tiny Session Hazy IPA,"€ 5,99",Poland,3.84,Browar Nepomucen,5.5%,IPA - Session,500ml,"€ 11,98 per litre"
Zwei Sorten Grün Grünhopfenbier,"€ 4,49",Germany,3.79,Munich Brew Mafia,5.8%,Lager - Helles,500ml,"€ 8,98 per litre"
Crazy Lines #62 - Best Friends Forever West Coast IPA,"€ 5,99",Poland,3.79,Browar Nepomucen,6.7%,IPA - American,500ml,"€ 11,98 per litre"
Hops Around The World UK West Coast IPA,"€ 5,49",Poland,3.74,Browar Nepomucen,6.3%,IPA - English,500ml,"€ 10,98 per litre"
Winter Helheim Dunkel,"€ 4,19",Belgium,3.67,Enigma,12%,Winter Warmer,330ml,"€ 12,70 per litre"
Jan Yellow Bourbon Coffee FES Stout,"€ 6,99",Poland,3.62,Browar Nepomucen,4.7%,Sour - Other,500ml,"€ 13,98 per litre"
Neid Heller Bock,"€ 4,89",Germany,3.57,Munich Brew Mafia,6.7%,Bock - Hell / Maibock / Lentebock,330ml,"€ 14,82 per litre"
Völlerei Rauchbock mit Senf,"€ 4,89",Germany,3.03,Munich Brew Mafia,6.5%,Bock - Single / Traditional,330ml,"€ 14,82 per litre"
Freie Brau Union Bremen NEIPA,"€ 2,89",Germany,3.03,,6.5%,Bock - Single / Traditional,330ml,"€ 8,76 per litre"
Holzhauser Hell Alkoholfrei,"€ 2,39",Germany,3.03,,6.5%,Bock - Single / Traditional,500ml,"€ 4,78 per litre"
"Maisel & Friends Chocolate Bock 0,75 L","€ 5,90",Germany,3.60,Brauerei Gebr. Maisel,7.5%,Bock - Single / Traditional,Bottle 750ml,"€ 7,87 per litre"
Festbier,"€ 2,10",Germany,3.54,Glenk,5.2%,Festbier,500ml,"€ 4,20 per litre"
Festbier,"€ 2,20",Germany,3.54,Privatbrauerei Stöckel,5.1%,Märzen,500ml,"€ 4,40 per litre"
Greif Bräu - Bock,"€ 2,10",Germany,3.53,Brauerei Josef Greif,6.6%,Bock - Single / Traditional,500ml,"€ 4,20 per litre"
Hönig Bockbier Hell,"€ 2,10",Germany,3.50,Brauerei Hönig Tiefenellern,7.2%,Bock - Hell / Maibock / Lentebock,500ml,"€ 4,20 per litre"
Siren Death by C.C.C. 2024,"€ 11,40",England,4.27,Siren Craft Brew,12.2%,Stout - Imperial / Double Milk,Can 330ml,"€ 34,55 per litre"
Siren Caribbean Chocolate Cake 2024,"€ 8,40",England,4.09,Siren Craft Brew,7.4%,Stout - Imperial / Double Milk,Can 330ml,"€ 25,45 per litre"
Siren CCC Chocolate Orange Tiramisu,"€ 8,40",United Kingdom,,,8.4%,Imperial Stout,Can 330ml,"€ 25,45 per litre"
Siren CCC Rocky Road Brownie,"€ 8,40",United Kingdom,,,7.8%,Stout,Can 330ml,"€ 25,45 per litre"
Three Dimensions,"€ 7,40",United States,4.07,WeldWerks Brewing Co.,8.4%,IPA - Imperial / Double New England / Hazy,Can 470ml,"€ 15,74 per litre"
Death By C.C.C.,"€ 10,70",England,4.17,Siren Craft Brew,12.2%,Stout - Imperial / Double Milk,330ml,"€ 32,42 per litre"
Rocky Road Brownie X Vault City,"€ 8,00",England,4.07,Siren Craft Brew,7.8%,Stout - Imperial / Double Milk,330ml,"€ 24,24 per litre"
Chocolate Orange Tiramisu,"€ 7,80",England,3.96,Siren Craft Brew,7.4%,Stout - White / Golden,330ml,"€ 23,64 per litre"
Caribbean Chocolate Cake,"€ 7,50",England,3.78,Siren Craft Brew,7.4%,Stout - White / Golden,330ml,"€ 22,73 per litre"
Eternal Scream – DDH Hazy New England IPA,"€ 14,95",United States,4.27,Monkish Brewing Co.,7.2%,IPA - New England / Hazy,473ml,"€ 31,61 per litre"
Dino-Boost,"€ 7,15",Denmark,3.60,Dry & Bitter Brewing Company,6.3%,IPA - New England / Hazy,473ml,"€ 31,61 per litre"
Dipped Thoughts,"€ 44,40",United States,4.44,Tripping Animals Brewing Co.,13%,Stout - Imperial / Double,Bottle 500ml,"€ 88,80 per litre"
Puhaste x Brouwerij Bravoure Ankou Whiskey BA (Silver Series),"€ 14,40",Estonia,4.36,Pühaste Brewery,13.9%,Stout - Imperial / Double,Bottle 330ml,"€ 43,64 per litre"
Chocolate Marquise,"€ 44,40",United States,4.24,Tripping Animals Brewing Co.,13%,Stout - Imperial / Double,Bottle 500ml,"€ 88,80 per litre"
Puhaste x Smedsbo Slott Salzstout Bourbon/Cognac BA (Silver Series),"€ 14,40",Estonia,4.11,Pühaste Brewery,13.5%,Stout - Imperial / Double,Bottle 330ml,"€ 43,64 per litre"
Rosalind Yeast,"€ 15,60",Wales,4.04,Sobremesa Farmhouse Beers & Natural Ciders,5.5%,Farmhouse Ale - Saison,Bottle 750ml,"€ 20,80 per litre"
Tripping Animals x Two Tides x Evil Twin Even More Six Years Fluff,"€ 9,90",United States,3.99,Tripping Animals Brewing Co.,6%,Sour - Fruited,Can 473ml,"€ 20,93 per litre"
Tripping Animals x Parish x Vitamin Sea Six Years On Earth,"€ 9,60",United States,3.96,Tripping Animals Brewing Co.,7.8%,IPA - Imperial / Double New England / Hazy,Can 473ml,"€ 20,30 per litre"
Tripping Animals x Floc Froggo,"€ 9,90",United States,3.93,Tripping Animals Brewing Co.,7.7%,IPA - Imperial / Double New England / Hazy,Can 473ml,"€ 20,93 per litre"
Tripping Animals x Mortalis x Kings Brewing Year Six Floating,"€ 9,90",United States,3.84,Tripping Animals Brewing Co.,6%,Sour - Fruited,Can 473ml,"€ 20,93 per litre"
Tripping Animals x Fidens x North Park Sixth Trip Around The Sun,"€ 9,60",United States,3.78,Tripping Animals Brewing Co.,8%,IPA - Imperial / Double New England / Hazy,Can 473ml,"€ 20,30 per litre"
Daydream In Green,"€ 9,99",United States,4.38,Other Half Brewing Co.,8.1%,IPA - Imperial / Double New England / Hazy,Can 473ml,"€ 20,30 per litre"
Space Diamonds,"€ 9,99",United States,4.33,Other Half Brewing Co.,8.5%,IPA - Imperial / Double New England / Hazy,,
Comfort Hops,"€ 9,99",United States,4.19,Other Half Brewing Co.,8.5%,IPA - Imperial / Double New England / Hazy,,
Crab Dust,"€ 8,75",United States,4.01,Other Half Brewing Co.,6.5%,IPA - New England / Hazy,,
10 YRS x UCHU,"€ 7,25",England,4.04,Verdant Brewing Co,6.5%,IPA - Fruited,Can 440ml,"€ 16,48 per litre"
Yummy Blueberry Raspberry Chocolate & Maple Syrup,"€ 6,85",Czech Republic,4.15,Sibeeria,5.4%,Sour - Smoothie / Pastry,Can 500ml,"€ 13,70 per litre"
Yummy Pink Guava Peach Passion Fruit & Vanilla,"€ 6,86",Czech Republic,4.13,Sibeeria,5.4%,Sour - Smoothie / Pastry,Can 500ml,"€ 13,72 per litre"
Hopnotic,"€ 5,66",Czech Republic,3.89,Sibeeria,7.9%,IPA - Imperial / Double,Can 500ml,"€ 11,32 per litre"
Autumn Tactics,"€ 5,60",Czech Republic,3.88,Sibeeria,6.4%,IPA - New England / Hazy,Can 500ml,"€ 11,20 per litre"
"Join, or Die","€ 5,63",Czech Republic,3.87,Sibeeria,7%,IPA - New England / Hazy,Can 500ml,"€ 11,26 per litre"
Sibeeria / Demory / Moor - Heart To Heart To Heart,"€ 5,04",Czech Republic,3.80,Sibeeria,6.5%,IPA - American,Can 500ml,"€ 10,08 per litre"
Coco,"€ 4,62",Czech Republic,3.74,Sibeeria,4.7%,Porter - Other,Can 500ml,"€ 9,24 per litre"
Nakoupeno (I bought everything.),"€ 5,58",Czech Republic,3.74,Sibeeria,6%,Imperial Sour Ale,Can 500ml,"€ 11,16 per litre"
Napečeno (I baked Christmas cookies.),"€ 5,63",Czech Republic,3.74,Sibeeria,7%,Imperial Porter,Can 500ml,"€ 11,26 per litre"
Ozdobeno (I decorated the Christmas tree.),"€ 4,93",Czech Republic,3.74,Sibeeria,6.2%,West Coast IPA,Can 500ml,"€ 9,86 per litre"
Uklizeno (I cleaned up everything.),"€ 3,73",Czech Republic,3.74,Sibeeria,5.7%,Lager,Can 500ml,"€ 7,46 per litre"
Vychlazeno (I chilled my beer.),"€ 5,04",Czech Republic,3.74,Sibeeria,6.4%,New Zealand Cold IPA,Can 500ml,"€ 10,08 per litre"
Zabaleno (I wrapped all the presents.),"€ 5,99",Czech Republic,3.74,Sibeeria,7%,NEIPA,Can 500ml,"€ 11,98 per litre"
Green Power,"€ 9,99",United States,4.25,Other Half Brewing Co.,8%,IPA - Imperial / Double New England / Hazy,Can 500ml,"€ 11,98 per litre"
Fifty/Fifty - Raspberry & Redcurrant,"€ 8,70",Poland,3.91,Magic Road,5.1%,Sour - Smoothie / Pastry,500ml,"€ 17,40 per litre"
Boerenerf Riesling 2023,"€ 50,00",Belgium,3.94,Het Boerenerf Eylenbosch,8%,Lambic - Fruit,Bottle 1500ml,"€ 33,33 per litre"
Lervig Paragon 2023,"€ 19,95",Norway,4.38,LERVIG,13%,Barleywine - English,Bottle 375ml,"€ 53,20 per litre"
Nordic Noir 3 Brandy Barrel Ed,"€ 22,95",Norway,4.19,Nøgne Ø,15%,Strong Ale - Other,330ml,"€ 69,55 per litre"
Grand Cru Berry,"€ 66,00",United States,4.48,Superstition Meadery,12%,Mead - Melomel,Bottle 375ml,"€ 176,00 per litre"
Don't Fear The Ferryman,"€ 13,20",England,4.09,Verdant Brewing Co,10%,Stout - Imperial / Double,Can 440ml,"€ 30,00 per litre"
Stille Nacht,"€ 8,90",Belgium,3.91,Brouwerij De Dolle Brouwers,12%,Belgian Strong Golden Ale,Bottle 330ml,"€ 26,97 per litre"
Christmas Ale,"€ 7,40",Belgium,3.86,Brouwerij St.Bernardus,10%,Winter Ale,Bottle 330ml,"€ 22,42 per litre"
Fuerst Wiacek / Puhaste - Permafrost,"€ 7,50",Germany,3.83,FUERST WIACEK,7%,Porter - Baltic,Can 440ml,"€ 17,05 per litre"
Beelini,"€ 7,80",United States,3.83,Superstition Meadery,6%,Mead - Session / Short,Can 355ml,"€ 21,97 per litre"
Wheelie,"€ 6,80",Germany,3.75,FUERST WIACEK,5.2%,Pale Ale - American,Can 440ml,"€ 15,45 per litre"
Dune Bloom,"€ 7,80",United States,3.74,Superstition Meadery,6%,Mead - Session / Short,Can 355ml,"€ 21,97 per litre"
Bush de Noël,"€ 8,00",Belgium,3.72,Brasserie Dubuisson,12%,Winter Ale,Bottle 330ml,"€ 24,24 per litre"
Unfiltered British Lager,"€ 4,40",England,3.36,Utopian Brewing Ltd,4.7%,Lager - Helles,Can 440ml,"€ 10,00 per litre"
No Worries: Driving Home For Christmas,"€ 2,40",Norway,2.89,LERVIG,0.5%,Non-Alcoholic - Other,Can 330ml,"€ 7,27 per litre"
Death By Caribbean Chocolate Cake,"€ 12,60",England,4.27,Siren Craft Brew,12.2%,Stout - Imperial / Double Milk,Can 330ml,"€ 38,18 per litre"
Siren / Vault City - Caribbean Chocolate Cake: Rocky Road Brownie,"€ 9,30",England,4.07,Siren Craft Brew,7.8%,Stout - Imperial / Double Milk,Can 330ml,"€ 28,18 per litre"
Caribbean Chocolate Cake: Chocolate Orange Tiramisu,"€ 8,70",England,3.96,Siren Craft Brew,8.4%,Stout - White / Golden,Can 330ml,"€ 26,36 per litre"
Caribbean Chocolate Cake,"€ 8,70",England,3.78,Siren Craft Brew,7.4%,Stout - White / Golden,Can 330ml,"€ 26,36 per litre"
Trail Pass Golden,"€ 3,10",United States,3.37,Sierra Nevada Brewing Co.,0.5%,Non-Alcoholic - Other,350ml,"€ 8,86 per litre"
Kill The King,"€ 77,99",United States,4.64,Anchorage Brewing Company,15%,Strong Ale - American,Bottle 375ml,"€ 207,97 per litre"
Immensity 2024,"€ 16,80",Poland,4.23,PINTA Barrel Brewing,13%,Stout - Imperial / Double,Bottle 330ml,"€ 50,91 per litre"
Immersion 2024,"€ 16,80",Poland,4.19,PINTA Barrel Brewing,11.5%,Porter - Imperial / Double,Bottle 330ml,"€ 50,91 per litre"
Moonlit Nights (Cellar Series),"€ 14,40",Estonia,3.96,Põhjala,12%,Strong Ale - American,Bottle 330ml,"€ 43,64 per litre"
Plum Barleywine (Cellar Series),"€ 13,40",Estonia,3.89,Põhjala,12%,Barleywine - American,Bottle 330ml,"€ 40,61 per litre"
Grand Cru Berry Pistachio,"€ 66,00",United States,4.48,Superstition Meadery,13.5%,Mead - Other,Bottle 375ml,"€ 176,00 per litre"
Outer Core,"€ 8,90",England,4.14,Gravity Well Brewing Co,8%,IPA - Imperial / Double New England / Hazy,Can 440ml,"€ 20,23 per litre"
Soul Sauce,"€ 14,40",United States,4.13,Resident Culture Brewing Co.,8.5%,IPA - Imperial / Double New England / Hazy,Can 473ml,"€ 30,44 per litre"
Christmas Hot Coco,"€ 13,40",Sweden,4.09,Omnipollo,11%,Stout - Imperial / Double,Can 330ml,"€ 40,61 per litre"
Hera's Orchard,"€ 54,00",United States,4.04,Superstition Meadery,14%,Mead - Melomel,Bottle 750ml,"€ 72,00 per litre"
Local Group,"€ 6,90",England,3.97,Gravity Well Brewing Co,6.2%,IPA - New England / Hazy,Can 440ml,"€ 15,68 per litre"
Gromit Mug,"€ 6,60",England,3.91,Baron Brewing,5%,Pale Ale - New England / Hazy,Can 500ml,"€ 13,20 per litre"
Baron / Ideal Day - Pricklers,"€ 6,50",England,3.78,Baron Brewing,4.2%,Farmhouse Ale - Other,Can 500ml,"€ 13,00 per litre"
Surface Detail,"€ 5,60",England,3.76,Gravity Well Brewing Co,4.6%,Pale Ale - American,Can 400ml,"€ 14,00 per litre"
Donmai,"€ 6,60",Scotland,3.74,Donzoko Brewing Company,5.5%,Lager - Japanese Rice,Can 500ml,"€ 13,20 per litre"
Christmas Shake IPA,"€ 13,20",Sweden,3.69,Omnipollo,7.5%,IPA - Imperial / Double Milkshake,Can 440ml,"€ 30,00 per litre"
Green Hopped Pilsner: 2024,"€ 4,40",England,3.68,Utopian Brewing Ltd,5%,Pilsner - Other,Can 440ml,"€ 10,00 per litre"
Evergreen,"€ 6,80",Scotland,3.66,Donzoko Brewing Company,5.5%,Pale Ale - American,Can 500ml,"€ 13,60 per litre"
Omnipollo / Newbarns - Emmas Winter Mild,"€ 6,10",Sweden,3.36,Omnipollo,5.3%,Mild - Dark,Can 330ml,"€ 18,48 per litre"
Oaked Vintermust Sour,"€ 5,80",Sweden,3.28,Omnipollo,0.5%,Non-Alcoholic - Sour,Can 330ml,"€ 17,58 per litre"
Big Nothing,"€ 3,80",Sweden,3.28,Donzoko,0.5%,Non-Alcoholic - Sour,Can 330ml,"€ 11,52 per litre"
Powder Prowler / Xül Beer Co,"€ 46,80",United States,4.36,Tripping Animals Brewing Co.,14%,Stout - Imperial / Double,Bottle 500ml,"€ 93,60 per litre"
Croakin for Coconut,"€ 46,80",United States,4.17,Tripping Animals Brewing Co.,12.15%,Stout - Imperial / Double,Bottle 500ml,"€ 93,60 per litre"
Werewolf Grandma,"€ 8,70",Germany,4.10,FUERST WIACEK,6.8%,IPA - New England / Hazy,Can 440ml,"€ 19,77 per litre"
Audrey's Dance,"€ 8,40",England,3.76,Pastore Brewing and Blending,5%,Sour - Smoothie / Pastry,Can 440ml,"€ 19,09 per litre"
Corallite,"€ 8,30",United States,3.73,Speciation Artisan Ales,5.5%,Wheat Beer - American Pale Wheat,Can 355ml,"€ 23,38 per litre"
Ripple: Cherry Cinnamon,"€ 6,20",England,3.71,Pastore Brewing and Blending,4%,Sour - Other,Can 440ml,"€ 14,09 per litre"
Raving Pils,"€ 6,80",Germany,3.62,FUERST WIACEK,5%,Pilsner - Other,Can 440ml,"€ 15,45 per litre"
Sorbetto: Strawberry Cherry Lime,"€ 4,20",Germany,3.62,Pastore,0.5%,Pilsner - Other,Can 440ml,"€ 9,55 per litre"
Lifebloom,"€ 8,95",Portugal,4.19,Ophiussa Brewing Co.,5%,Sour - Smoothie / Pastry,Can 440ml,"€ 20,34 per litre"
The Piggy Sarawak River,"€ 8,50",France,4.18,The Piggy Brewing Company,12%,Stout - Imperial / Double Oatmeal,330ml,"€ 25,76 per litre"
The Piggy Lux In Tenebris,"€ 7,50",France,4.17,The Piggy Brewing Company,9.9%,IPA - Triple New England / Hazy,Can 440ml,"€ 17,05 per litre"
The Piggy Double Impact,"€ 6,50",France,4.06,The Piggy Brewing Company,8%,IPA - Imperial / Double New England / Hazy,Can 440ml,"€ 14,77 per litre"
Triple Gelato: Mango Sticky Rice,"€ 7,50",Poland,4.04,Funky Fluid,7.5%,Sour - Smoothie / Pastry,500ml,"€ 15,00 per litre"
The Piggy 472 Requiem,"€ 6,50",France,4.04,The Piggy Brewing Company,8%,IPA - Imperial / Double New England / Hazy,Can 440ml,"€ 14,77 per litre"
The Piggy 9Club V2,"€ 6,95",France,4.04,The Piggy Brewing Company,9.3%,IPA - Triple New England / Hazy,Can 440ml,"€ 15,80 per litre"
They Went On Forever,"€ 7,50",England,4.03,Verdant Brewing Co,6%,IPA - New England / Hazy,Can 440ml,"€ 17,05 per litre"
There Will Be No Intervals,"€ 5,95",England,3.99,Verdant Brewing Co,4.5%,Pale Ale - New England / Hazy,Can 440ml,"€ 13,52 per litre"
Gelato: Bloody,"€ 6,50",Poland,3.96,Funky Fluid,6%,Sour - Smoothie / Pastry,500ml,"€ 13,00 per litre"
Michael (The Juicyville S01E04),"€ 6,95",Poland,3.95,Funky Fluid,8.1%,IPA - Imperial / Double New England / Hazy,500ml,"€ 13,90 per litre"
All Out King,"€ 7,50",Poland,3.91,Funky Fluid,8%,Sour - Smoothie / Pastry,500ml,"€ 15,00 per litre"
Quadzilla II,"€ 7,50",Denmark,3.87,To Øl,13%,IPA - Quadruple,Can 440ml,"€ 17,05 per litre"
Spooky Gelato,"€ 6,50",Poland,3.86,Funky Fluid,5.5%,Sour - Smoothie / Pastry,500ml,"€ 13,00 per litre"
Porque Te Vas?,"€ 6,50",Poland,3.81,Funky Fluid,6.8%,IPA - Other,500ml,"€ 13,00 per litre"
Space Joose (2024),"€ 5,95",Netherlands,3.66,Rock City Brewing,8%,IPA - Imperial / Double Black,Can 440ml,"€ 13,52 per litre"
Hopwitch,"€ 5,50",Poland,3.63,Funky Fluid,9%,IPA - Triple New England / Hazy,500ml,"€ 11,00 per litre"
Triple Gelato: Szarlotka,"€ 5,50",Poland,3.54,Funky Fluid,7.5%,Sour - Smoothie / Pastry,500ml,"€ 11,00 per litre"
JULE SOVS,"€ 4,95",Denmark,3.44,To Øl,6.1%,IPA - New England / Hazy,Can 440ml,"€ 11,25 per litre"
Lekker Gewerkt Pik! (Mannen),"€ 4,40",Netherlands,3.51,Mister Hop,5%,Belgian Tripel,330ml,"€ 13,33 per litre"
All The Leaves Are Brown Bourbon BA,"€ 9,90",Scotland,4.24,Tempest Brewing Co.,11.2%,Brown Ale - Imperial / Double,Can 330ml,"€ 30,00 per litre"
All The Leaves Are Brown,"€ 8,70",Scotland,4.12,Tempest Brewing Co.,10.5%,Brown Ale - Imperial / Double,Can 330ml,"€ 26,36 per litre"
Saison de Pêche 2024,"€ 19,20",England,4.03,Burning Sky Brewery,6.3%,Farmhouse Ale - Saison,Bottle 750ml,"€ 25,60 per litre"
Soundwave,"€ 3,90",England,3.72,Siren Craft Brew,5.6%,IPA - American,Can 330ml,"€ 11,82 per litre"
Pastel Pils,"€ 3,50",England,3.43,Siren Craft Brew,5.5%,Pilsner - Italian,Can 330ml,"€ 10,61 per litre"
Ankou BA (Silver Series),"€ 15,50",Estonia,4.36,Pühaste Brewery,13.9%,Stout - Imperial / Double,Bottle 330ml,"€ 46,97 per litre"
Salzstout (Silver Series),"€ 15,50",Estonia,4.11,Pühaste Brewery,13.9%,Stout - Imperial / Double,Bottle 330ml,"€ 46,97 per litre"
Dekadants,"€ 9,20",Estonia,4.08,Pühaste Brewery,11.2%,Stout - Imperial / Double,Can 330ml,"€ 27,88 per litre"
Dominion,"€ 9,20",Estonia,4.07,Pühaste Brewery,11%,Stout - Imperial / Double,Can 330ml,"€ 27,88 per litre"
Tripping Animals / Floc - Froggo,"€ 10,80",United States,3.93,Tripping Animals Brewing Co.,7.7%,IPA - Imperial / Double New England / Hazy,Can 473ml,"€ 22,83 per litre"
Midnight Giggle,"€ 6,50",Estonia,3.93,Pühaste Brewery,6%,Sour - Fruited Gose,Can 330ml,"€ 19,70 per litre"
Hedgerow Provision,"€ 7,20",England,3.85,Burning Sky Brewery,6.2%,Sour - Fruited,Can 440ml,"€ 16,36 per litre"
Tripping Animals / Mortalis / Kings Brewing Co - Six Years Floating,"€ 11,30",United States,3.84,Tripping Animals Brewing Co.,6%,Sour - Fruited,Can 473ml,"€ 23,89 per litre"
Puhaste / Finback - Fringe Pattern,"€ 7,20",Estonia,3.77,Pühaste Brewery,8%,IPA - Imperial / Double,Can 330ml,"€ 21,82 per litre"
Linnutee,"€ 6,30",Estonia,3.68,Pühaste Brewery,6%,Stout - Coffee,Can 330ml,"€ 19,09 per litre"
Saison Provision,"€ 19,80",England,3.66,Burning Sky Brewery,5.7%,Farmhouse Ale - Brett,Bottle 750ml,"€ 26,40 per litre"
Beacon,"€ 5,40",England,3.64,Burning Sky Brewery,5%,Pale Ale - Other,Can 440ml,"€ 12,27 per litre"
Tripping Zombies,"€ 11,30",United States,4.20,Tripping Animals Brewing Co.,6%,Sour - Fruited,Can 473ml,"€ 23,89 per litre"
Tripping Animals / Fidens / North Park - Sixth Trip Around the Sun,"€ 11,10",United States,3.78,Tripping Animals Brewing Co.,8%,IPA - Imperial / Double New England / Hazy,Can 473ml,"€ 23,47 per litre"
Liquid Mistress,"€ 5,70",England,3.64,Siren Craft Brew,5.8%,IPA - Red,Can 440ml,"€ 12,95 per litre"
Pompelmocello,"€ 4,60",England,3.63,Siren Craft Brew,6%,IPA - Sour,Can 440ml,"€ 10,45 per litre"
Szentandrás BREWBOX Napkincs Wheat Beer kit 8L,"€ 82,76",Hungary,3.44,OK Brewery/ Szent András Sörfőzde,4.9%,Wheat Beer - Hefeweizen,8000ml,"€ 10,35 per litre"
Szentandrás BREWBOX Bandibá West Coast IPA kit 8L,"€ 82,76",Hungary,3.44,Szent András,4.9%,West Coast IPA,8000ml,"€ 10,35 per litre"
Fruit Tart,"€ 8,70",Poland,4.15,Magic Road,9%,Freeze-Distilled Beer,500ml,"€ 17,40 per litre"
Co oznacza dzwon? Raspberry Cocoa Brownie,"€ 8,70",Poland,3.93,Magic Road,5.6%,Sour - Fruited,500ml,"€ 17,40 per litre"
"Wonders - Lychee, Guava, Coconut Milk & Ube Yam","€ 8,70",Poland,3.88,Magic Road,5%,Sour - Smoothie / Pastry,500ml,"€ 17,40 per litre"
Gimme Gimme,"€ 8,50",Poland,3.88,Magic Road,5.6%,IPA - American,500ml,"€ 17,00 per litre"
Pretty - Blackcurrant & Coconut,"€ 8,70",Poland,3.86,Magic Road,5%,Sour - Fruited,500ml,"€ 17,40 per litre"
Vayamos Companieros,"€ 8,20",Poland,3.78,Magic Road,8%,IPA - Imperial / Double,500ml,"€ 16,40 per litre"
Addicted to you,"€ 8,20",Poland,3.77,Magic Road,4.5%,IPA - Session,500ml,"€ 16,40 per litre"
Summertime Sadness,"€ 8,00",Poland,3.76,Magic Road,8%,IPA - Imperial / Double,500ml,"€ 16,00 per litre"
Black Beauty - Cherries & Coffee,"€ 8,20",Poland,3.73,Magic Road,6%,Sour - Smoothie / Pastry,500ml,"€ 16,40 per litre"
"Pretty - Cherries, Apples, Strawberries & Cream","€ 8,20",Poland,3.71,Magic Road,5.5%,Sour - Smoothie / Pastry,500ml,"€ 16,40 per litre"
Fifty/Fifty - Peach & Apricot,"€ 8,50",Poland,3.70,Magic Road,5%,Fruit Beer,500ml,"€ 17,00 per litre"
Vanilla Fudge,"€ 8,70",Poland,3.58,Magic Road,11.5%,Stout - Imperial / Double Pastry,Can 440ml,"€ 19,77 per litre"
Beauty - Pinepple Ice Cream,"€ 8,50",Poland,3.58,Magic Road,5%,Sour - Fruited,500ml,"€ 17,00 per litre"
Santo Subito,"€ 7,60",Poland,3.57,Magic Road,5.9%,IPA - American,500ml,"€ 15,20 per litre"
Cold IPA,"€ 6,80",Poland,3.55,Magic Road,5.5%,IPA - Cold,500ml,"€ 13,60 per litre"
Free Fifty/Fifty,"€ 7,00",Poland,3.54,Magic Road,0.5%,Non-Alcoholic - Sour,500ml,"€ 14,00 per litre"
Your Ordinary APA,"€ 7,00",Poland,3.53,Magic Road,4.8%,Pale Ale - American,500ml,"€ 14,00 per litre"
Lime Coffee,"€ 8,20",Poland,3.52,Magic Road,4.5%,Sour - Other,500ml,"€ 16,40 per litre"
Pretty - Banana & White Guava,"€ 8,50",Poland,3.51,Magic Road,5%,Sour - Smoothie / Pastry,500ml,"€ 17,00 per litre"
Hegemon,"€ 6,80",Poland,3.49,Magic Road,4.4%,Pilsner - Other,500ml,"€ 13,60 per litre"
"Christmas Time! - Danish Cookies with Orange Peels, Cinnamon, Almonds and Spices","€ 8,70",Poland,3.44,Magic Road,10.8%,Stout - Imperial / Double Pastry,Can 440ml,"€ 19,77 per litre"
American Wheat,"€ 7,00",Poland,3.17,Magic Road,4.5%,Wheat Beer - American Pale Wheat,500ml,"€ 14,00 per litre"
L'Ensemble Double Barrel-Aged,"€ 7,99",Belgium,3.93,Brouwerij De Dochter van de Korenaar,13%,Barleywine - Other,330ml,"€ 24,21 per litre"
Very Big Moose Maple & Hazelnut Edition,"€ 6,75",Scotland,3.92,Fierce Beer,12.5%,Stout - Imperial / Double,330ml,"€ 20,45 per litre"
Coypu OreOre,"€ 6,60",Poland,4.09,COYPU,10.1%,Stout - Imperial / Double Pastry,330ml,"€ 20,00 per litre"
Coypu Fruity Bomb,"€ 6,30",Poland,3.99,COYPU,7%,Sour - Smoothie / Pastry,500ml,"€ 12,60 per litre"
Coypu Juju,"€ 6,30",Poland,3.83,COYPU,7.5%,IPA - Black / Cascadian Dark Ale,500ml,"€ 12,60 per litre"
Fuerst Wiacek x Cloudwater Boombox,"€ 8,40",Germany,4.20,FUERST WIACEK,8%,IPA - Imperial / Double New England / Hazy,Can 440ml,"€ 19,09 per litre"
Fuerst Wiacek Werewolf Grandma,"€ 7,80",Germany,4.10,FUERST WIACEK,6.8%,IPA - New England / Hazy,Can 440ml,"€ 17,73 per litre"
Hedgerow Provision,"€ 6,90",England,3.85,Burning Sky Brewery,6.2%,Sour - Fruited,Can 440ml,"€ 15,68 per litre"
Fuerst Wiacek x Pühaste Permafrost,"€ 6,50",Germany,3.83,FUERST WIACEK,7.5%,Porter - Baltic,Can 440ml,"€ 14,77 per litre"
Beacon,"€ 5,30",England,3.64,Burning Sky Brewery,5%,Pale Ale - Other,Can 440ml,"€ 12,05 per litre"
Creepy Hops,"€ 6,20",Poland,3.82,Browar Birbant,8.6%,IPA - Imperial / Double,500ml,"€ 12,40 per litre"
Zuyd Saga,"€ 3,75",Netherlands,3.76,Zuyd Craft,10%,Belgian Quadrupel,330ml,"€ 11,36 per litre"
Be Wise,"€ 2,95",Netherlands,3.18,Brouwerij Kees,0.3%,Non-Alcoholic - Wheat,330ml,"€ 8,94 per litre"
King Sue,"€ 8,39",United States,4.30,Toppling Goliath Brewing Co.,7.8%,IPA - Imperial / Double New England / Hazy,330ml,"€ 8,94 per litre"
Ça Biche !,"€ 5,20",France,4.02,Effet Papillon,8%,Stout - Imperial / Double Oatmeal,330ml,"€ 15,76 per litre"
Beyond Void,"€ 5,95",Estonia,4.00,Pühaste Brewery,12%,Porter - Imperial / Double,330ml,"€ 18,03 per litre"
Liaison Fatale,"€ 5,80",France,3.98,Brasserie du Grand Paris (Les Brasseurs du Grand Paris),6.5%,IPA - New England / Hazy,Can 440ml,"€ 13,18 per litre"
Brett Series – Petite Brett 2024,"€ 5,95",France,3.93,Effet Papillon,4.5%,Brett Beer,330ml,"€ 18,03 per litre"
Jasmin Soif,"€ 3,95",France,3.91,Brasserie du Grand Paris (Les Brasseurs du Grand Paris),4.5%,Lager - Japanese Rice,330ml,"€ 11,97 per litre"
Radiant Revel,"€ 5,40",Estonia,3.70,Pühaste Brewery,3%,Sour - Fruited,330ml,"€ 16,36 per litre"
India Pale Ale Amarillo,"€ 4,00",England,3.89,The Kernel Brewery,6.8%,IPA - American,Bottle 330ml,"€ 12,12 per litre"
Das Ist Techno Sex,"€ 6,00",Scotland,3.78,BrewDog/ Up Front Brewing,5.4%,Sour - Fruited Gose,Can 440ml,"€ 13,64 per litre"
Das Ist Ein Lagerbier,"€ 5,40",Scotland,3.56,Up Front Brewing,5.4%,Lager - Helles,Can 440ml,"€ 12,27 per litre"
Sovs,"€ 50,30",Denmark,3.57,To Øl,6%,IPA - American,24-pack,"Total price: € 50,30"
Sobremesa Farmers Pale Ale,"€ 6,00",Wales,3.79,Sobremesa Farmhouse Beers & Natural Ciders,4.9%,Pale Ale - English,Can 440ml,"€ 13,64 per litre"
Sobremesa Farmers Dark Ale,"€ 5,60",Wales,3.72,Sobremesa Farmhouse Beers & Natural Ciders,4.5%,Stout - English,Can 440ml,"€ 12,73 per litre"
Fuck My Life – Limited Edition,"€ 3,19",Netherlands,3.60,Guilty Monkey Brewery,10%,Barleywine - Other,330ml,"€ 9,67 per litre"
F*CK de Kerstboom staat in de Fik,"€ 4,29",Netherlands,3.58,Uiltje Brewing Company,10%,Stout - Imperial / Double Oatmeal,330ml,"€ 9,67 per litre"
Aischbüffel,"€ 3,00",Germany,3.44,Brauerei Rittmayer Hallerndorf,6.5%,Bock - Single / Traditional,330ml,"€ 9,09 per litre"
Rittmayer Winter Weizen,"€ 2,60",Germany,3.44,Brauerei Rittmayer Hallerndorf,5.2%,Wheat Beer - Hefeweizen,500ml,"€ 5,20 per litre"
Plop! Landbier Hell,"€ 2,00",Germany,3.39,Brauerei Rittmayer Hallerndorf,4.9%,Lager - Helles,330ml,"€ 6,06 per litre"
Kellerbier,"€ 2,00",Germany,3.38,Brauerei Rittmayer Hallerndorf,5%,Kellerbier / Zwickelbier,500ml,"€ 4,00 per litre"
Smoky George,"€ 3,00",Germany,3.18,Brauerei Rittmayer Hallerndorf,7%,Rauchbier,330ml,"€ 9,09 per litre"
Alkoholfreies Kellerbier,"€ 2,00",Germany,3.15,Brauerei Rittmayer Hallerndorf,7%,Non-Alcoholic - Lager,500ml,"€ 4,00 per litre"
Tripel Trip Trap Three (Sinterklaasbier),"€ 4,30",Netherlands,3.41,Mister Hop,8%,Belgian Tripel,330ml,"€ 13,03 per litre"
Bier Met Het Cijfer 4,"€ 3,95",Netherlands,3.33,Mister Hop,5.5%,Blonde / Golden Ale - Other,330ml,"€ 11,97 per litre"
Sinterbaas (Sinterklaasbier),"€ 4,25",Netherlands,3.22,Mister Hop,5.12%,Blonde / Golden Ale - Other,330ml,"€ 12,88 per litre"
Bierbuik,"€ 3,50",Netherlands,3.59,Brouwerij Het Platte Harnas,8.5%,Belgian Blonde,330ml,"€ 10,61 per litre"
Lamme Jan,"€ 3,50",Netherlands,3.53,Brouwerij Het Platte Harnas,9%,Belgian Tripel,330ml,"€ 10,61 per litre"
Dwars,"€ 3,50",Netherlands,3.39,Brouwerij Het Platte Harnas,7%,Belgian Dubbel,330ml,"€ 10,61 per litre"
Julemalt 2024 Imperial Stout,"€ 5,90",Denmark,4.33,To Øl,13%,Stout - Imperial / Double,330ml,"€ 10,61 per litre"
Christmas Hot Coco! Imperial Stout,"€ 10,00",Sweden,4.09,Omnipollo,11%,Stout - Imperial / Double,330ml,"€ 30,30 per litre"
Yule Malt 2024 Imperial Stout,"€ 9,00",Denmark,3.99,To Øl,12.3%,Stout - Imperial / Double Milk,330ml,"€ 27,27 per litre"
Dream Smoojee Nordic Forest Sour,"€ 6,60",Sweden,3.95,Friends Company,6%,Sour - Smoothie / Pastry,330ml,"€ 20,00 per litre"
Vintermost I Permafrost DIPA x SKØL Brygkompagni,"€ 8,40",Denmark,3.89,Ølsnedkeren,8%,IPA - Imperial / Double,Can 440ml,"€ 19,09 per litre"
Winter Bliss Barrel Aged Imperial Baltic Porter x Põhjala,"€ 10,60",Estonia,3.86,Põhjala,12%,Porter - Baltic,330ml,"€ 32,12 per litre"
Christmas Shake IPA,"€ 9,30",Sweden,3.69,Omnipollo,7.5%,IPA - Imperial / Double Milkshake,Can 440ml,"€ 21,14 per litre"
Holy Haze Organic IPA x Kølster,"€ 7,60",Denmark,3.59,Kølster Malt og Øl,6%,IPA - New England / Hazy,Can 440ml,"€ 17,27 per litre"
Cosy Days Red Ale,"€ 4,90",Estonia,3.50,Põhjala,6%,Red Ale - American Amber / Red,330ml,"€ 14,85 per litre"
Kirsebærsovs Monster Fruited Wheat Beer,"€ 5,10",Denmark,3.47,BRØL,5%,Wheat Beer - Fruited,330ml,"€ 15,45 per litre"
Jule Sovs IPA,"€ 5,30",Denmark,3.44,To Øl,6.1%,IPA - New England / Hazy,Can 440ml,"€ 12,05 per litre"
Nissevenner 2024 Vienna Lager x ÅBEN,"€ 7,30",Denmark,3.38,SKØL Brygkompagni,7.5%,Lager - Vienna,Can 440ml,"€ 16,59 per litre"
Emma's Winter Mild x Newbarns,"€ 5,30",Sweden,3.36,Omnipollo,5.3%,Mild - Dark,330ml,"€ 16,06 per litre"
Oaked Vintermust Non-Alc Sour,"€ 5,30",Sweden,3.28,Omnipollo,0.5%,Non-Alcoholic - Sour,330ml,"€ 16,06 per litre"
Vleteren Imperial Stout,"€ 3,95",Belgium,3.73,Deca Brouwerij,10%,Stout - Russian Imperial,330ml,"€ 11,97 per litre"
Brasserie Des Rocs Triple Imperiale,"€ 2,70",Belgium,3.66,Brasserie de l'Abbaye des Rocs,10%,Belgian Strong Dark Ale,330ml,"€ 8,18 per litre"
Cardeña Tripel,"€ 4,50",Spain,3.49,Monasterio San Pedro de Cardeña,7%,Belgian Tripel,330ml,"€ 13,64 per litre"
Noa Pecan Mud Cake Chessboard Stout,"€ 13,59",Sweden,4.14,Omnipollo,11%,Stout - Imperial / Double Pastry,330ml,"€ 41,18 per litre"
Ashes to Ashes,"€ 14,70",Norway,4.16,Amundsen Brewery,10.5%,Stout - Imperial / Double Pastry,330ml,"€ 44,55 per litre"
Grande Reserve 2023 Jeroboam (3L),"€ 115,10",Belgium,4.14,Bières de Chimay,9%,Belgian Strong Dark Ale,3000ml,"€ 38,37 per litre"
BA Upside Down Christmas Cake,"€ 18,10",Norway,3.98,Amundsen Brewery,11.5%,Stout - Imperial / Double Pastry,330ml,"€ 54,85 per litre"
Stille Nacht,"€ 9,40",Belgium,3.91,Brouwerij De Dolle Brouwers,12%,Belgian Strong Golden Ale,330ml,"€ 28,48 per litre"
Straffe Hendrik Xmas Blend,"€ 26,40",Belgium,3.87,Brouwerij De Halve Maan,11%,Winter Ale,Bottle 750ml,"€ 35,20 per litre"
St Bernardus Christmas Ale,"€ 6,60",Belgium,3.86,Brouwerij St.Bernardus,10%,Winter Ale,330ml,"€ 20,00 per litre"
Night Sleigher,"€ 11,90",Norway,3.83,Amundsen Brewery,7.5%,IPA - Imperial / Double New England / Hazy,Can 440ml,"€ 27,05 per litre"
Westmalle Tripel 75cl Tube,"€ 17,90",Belgium,3.81,Brouwerij der Trappisten van Westmalle,9.5%,Belgian Tripel,Can 440ml,"€ 27,05 per litre"
St. Feuillien Grand Cru Magnum,"€ 39,80",Belgium,3.71,Brasserie St-Feuillien,9.5%,Belgian Strong Golden Ale,Bottle 1500ml,"€ 26,53 per litre"
Westmalle Double in a tube,"€ 11,30",Belgium,3.69,Brouwerij der Trappisten van Westmalle,7%,Belgian Dubbel,Bottle 1500ml,"€ 26,53 per litre"
Xmas,"€ 4,90",Belgium,3.68,Brouwerij Corsendonk,8.1%,Winter Ale,330ml,"€ 14,85 per litre"
Pohjala Kuusk,"€ 5,30",Estonia,3.64,Põhjala,6%,IPA - American,330ml,"€ 16,06 per litre"
Gouden Carolus Noel 33cl,"€ 6,40",Belgium,3.61,Brouwerij Het Anker,10.5%,Winter Ale,330ml,"€ 19,39 per litre"
Lervig Naughty & Nice CAN,"€ 5,40",Norway,3.58,LERVIG,8%,Bock - Doppelbock,330ml,"€ 16,36 per litre"
Anspach & Hobday - The Pfeffernusse Stout,"€ 6,00",England,3.57,Anspach & Hobday,6%,Stout - Pastry,Can 440ml,"€ 13,64 per litre"
Troubadour - Winter,"€ 6,40",Belgium,3.54,Brouwerij The Musketeers,9.9%,Winter Ale,330ml,"€ 19,39 per litre"
Santa's Hop Sack,"€ 8,70",Norway,3.53,Amundsen Brewery,5.3%,IPA - New England / Hazy,Can 440ml,"€ 19,77 per litre"
Winter,"€ 4,80",Belgium,3.47,Abbaye de Leffe,6%,Winter Ale,330ml,"€ 14,55 per litre"
Pere Noel,"€ 4,50",Belgium,3.45,Brouwerij De Ranke,7%,Winter Ale,330ml,"€ 13,64 per litre"
Hofbrau Winterzwickl,"€ 4,60",Germany,3.43,Staatliches Hofbräuhaus München,5.5%,Kellerbier / Zwickelbier,500ml,"€ 9,20 per litre"
Christmas Morning,"€ 7,20",Norway,3.37,Amundsen Brewery,4.7%,Stout - Pastry,330ml,"€ 21,82 per litre"
Flensburger Winterbock,"€ 4,20",Germany,3.36,Flensburger Brauerei Emil Petersen,7%,Bock - Single / Traditional,330ml,"€ 12,73 per litre"
Quintine Noel,"€ 5,80",Belgium,3.26,Brasserie des Légendes,7.8%,Winter Ale,330ml,"€ 17,58 per litre"
Delirium The Big One Magnum 2024 1.5L,"€ 43,80",Belgium,?,Delirium - Huyghe Brewery,8.5%,Belgian Blonde,Bottle 1500ml,"€ 29,20 per litre"
Catch These Paws 2023,"€ 26,80",United States,4.19,Transient Artisan Ales,13%,Stout - Imperial / Double,Bottle 500ml,"€ 53,60 per litre"
Tartarus x Beerbliotek Nyx,"€ 11,40",England,4.26,Tartarus Beers,13.4%,Stout - Imperial / Double,Can 330ml,"€ 34,55 per litre"
Glasshouse Sakura,"€ 6,60",England,4.02,GlassHouse Beer Co,6.3%,IPA - New England / Hazy,Can 440ml,"€ 15,00 per litre"
Glasshouse Hortensia,"€ 5,60",England,3.88,GlassHouse Beer Co,4.6%,Pale Ale - New England / Hazy,Can 440ml,"€ 12,73 per litre"
Tartarus Krampus 2024,"€ 11,70",England,3.87,Tartarus Beers,10.8%,Porter - Imperial / Double,Can 330ml,"€ 35,45 per litre"
Salopian x Neon Raptor The Void,"€ 5,70",England,3.87,Salopian Brewery,5.7%,Stout - Coffee,Can 440ml,"€ 12,95 per litre"
Tartarus x State Of Kind Saint Nick,"€ 6,00",England,3.87,Tartarus Beers,6%,Stout - Other,Can 440ml,"€ 13,64 per litre"
Elegast Pumpkin Spice Sparkling Orchard Chai Cider,"€ 4,10",Netherlands,?,Elegast Cidery,6.5%,Cider - Dry,Can 440ml,"€ 13,64 per litre"
Triple Gelato Mango Sticky Rice,"€ 7,50",Poland,4.04,Funky Fluid,7.5%,Sour - Smoothie / Pastry,500ml,"€ 15,00 per litre"
Porque Te Vas?,"€ 6,50",Poland,3.81,Funky Fluid,6.8%,IPA - Other,500ml,"€ 13,00 per litre"
Rothbeer Távoli Galaxis,"€ 2,90",Hungary,3.65,RothBeer,6.1%,IPA - American,330ml,"€ 8,79 per litre"
Popstar,"€ 4,70",Hungary,3.52,Mad Scientist,6%,Gluten-Free,Can 440ml,"€ 10,68 per litre"
First Chocolate Vanilla 2024,"€ 4,70",Hungary,?,FIRST Craft Beer,7.5%,Stout - Imperial / Double,330ml,"€ 14,24 per litre"
Freedom Don't Come Free,"€ 6,99",Brazil,4.19,Spartacus Brewing,7%,IPA - New England / Hazy,Can 440ml,"€ 15,89 per litre"
Siren - Suspended in Citra (Mistletoe),"€ 4,50",England,3.74,Siren Craft Brew,4%,Pale Ale - American,Can 440ml,"€ 10,23 per litre"
Siren - Miracle on Marshmallow Mountain,"€ 5,10",England,3.73,Siren Craft Brew,5.1%,Bitter - Best,Can 440ml,"€ 11,59 per litre"
Lervig No Worries - Driving Home for Christmas,"€ 2,60",Norway,2.89,LERVIG,0.5%,Non-Alcoholic - Other,330ml,"€ 7,88 per litre"
Cospell,"€ 6,50",Poland,4.01,Funky Fluid,11%,Stout - Imperial / Double Coffee,500ml,"€ 13,00 per litre"
Michael (The Juicyville S01E04),"€ 6,90",Poland,3.95,Funky Fluid,8.1%,IPA - Imperial / Double New England / Hazy,500ml,"€ 13,80 per litre"
All Out King,"€ 7,50",Poland,3.91,Funky Fluid,8%,Sour - Smoothie / Pastry,500ml,"€ 15,00 per litre"
Gelato Kompot,"€ 6,50",Poland,3.78,Funky Fluid,5.5%,Sour - Smoothie / Pastry,500ml,"€ 13,00 per litre"
Don't Put It On Pizza,"€ 4,99",Poland,3.71,Funky Fluid,4.8%,IPA - Session,500ml,"€ 9,98 per litre"
Hopwitch,"€ 5,99",Poland,3.63,Funky Fluid,9%,IPA - Triple New England / Hazy,500ml,"€ 11,98 per litre"
Rotkäppchen,"€ 5,80",England,3.96,Saint Mars Of The Desert,5%,Lager - Rotbier,Can 440ml,"€ 13,18 per litre"
Andechser Spezial Hell,"€ 2,29",Germany,3.52,Klosterbrauerei Andechs,5.9%,Festbier,500ml,"€ 4,58 per litre"
Hell,"€ 2,59",Germany,3.50,Auerbräu Rosenheimer Spezialitätenbrauerei,4.8%,Lager - Helles,500ml,"€ 5,18 per litre"
Blackbird,"€ 4,03",Czech Republic,3.43,Pivovar Rotor,4.8%,Lager - Tmavé (Czech Dark),Bottle 750ml,"€ 5,37 per litre"
Baubas Cognac Barrel Aged,"€ 4,99",Netherlands,4.29,Kaapse Brouwers,13%,Porter - Imperial / Double Baltic,Bottle 750ml,"€ 5,37 per litre"
Big Lies,"€ 6,32",Hungary,4.27,Brew Your Mind,9.5%,IPA - Triple,Can 440ml,"€ 14,36 per litre"
Hopchief,"€ 4,99",Poland,3.86,Funky Fluid,6.6%,IPA - New England / Hazy,500ml,"€ 9,98 per litre"
Triple Gelato Szarlotka,"€ 6,50",Poland,3.54,Funky Fluid,7.5%,Sour - Smoothie / Pastry,500ml,"€ 13,00 per litre"
Yule Malt 2024,"€ 8,29",Denmark,3.99,To Øl,12.3%,Stout - Imperial / Double Milk,330ml,"€ 25,12 per litre"
Stereo Mono: Mosaic,"€ 5,99",Denmark,3.78,To Øl,6.8%,IPA - New England / Hazy,Can 440ml,"€ 13,61 per litre"
Whirl Domination,"€ 4,99",Denmark,3.78,To Øl,6.2%,IPA - New England / Hazy,330ml,"€ 15,12 per litre"
Autumn Hero,"€ 6,99",Denmark,3.76,To Øl,6%,IPA - New England / Hazy,Can 440ml,"€ 15,89 per litre"
Consonance 1019,"€ 6,99",Denmark,3.71,To Øl,5.5%,Pale Ale - New England / Hazy,Can 440ml,"€ 15,89 per litre"
House of Pale,"€ 4,49",Denmark,3.63,To Øl,5.5%,Pale Ale - New England / Hazy,330ml,"€ 13,61 per litre"
Implosion,"€ 3,49",Denmark,3.19,To Øl,0.3%,Non-Alcoholic - IPA,330ml,"€ 10,58 per litre"
Implosion Fruited,"€ 3,49",Denmark,3.07,To Øl,0.3%,Non-Alcoholic - Other,330ml,"€ 10,58 per litre"
Implosion Lager,"€ 3,19",Denmark,2.95,To Øl,0.5%,Non-Alcoholic - Lager,330ml,"€ 9,67 per litre"
The Magic Rites At Midnight,"€ 9,90",Germany,4.24,Sudden Death Brewing Co.,13.4%,Stout - Imperial / Double,Can 440ml,"€ 22,50 per litre"
Funeral Clown,"€ 8,20",Germany,4.23,Sudden Death Brewing Co.,5%,Sour - Smoothie / Pastry,Can 440ml,"€ 18,64 per litre"
Superdelic,"€ 7,20",France,4.21,La Superbe,6%,IPA - New England / Hazy,Can 440ml,"€ 16,36 per litre"
Choos,"€ 10,30",England,4.20,Beak Brewery,8%,IPA - Imperial / Double,Can 440ml,"€ 23,41 per litre"
Mosaic,"€ 7,20",France,4.19,La Superbe,6%,IPA - New England / Hazy,Can 440ml,"€ 16,36 per litre"
Turkey Dressing,"€ 8,20",Germany,4.17,Sudden Death Brewing Co.,5%,Sour - Fruited,Can 440ml,"€ 18,64 per litre"
Blades of Steel 2,"€ 7,20",Germany,4.11,Sudden Death Brewing Co.,6.5%,IPA - New England / Hazy,Can 440ml,"€ 16,36 per litre"
Wind,"€ 8,90",Netherlands,4.07,Moersleutel Craft Brewery,12%,Belgian Quadrupel,Can 440ml,"€ 20,23 per litre"
Cinnamon Bun Plasterer,"€ 9,90",Netherlands,4.06,Moersleutel Craft Brewery,12%,Stout - Pastry,Can 440ml,"€ 22,50 per litre"
Hazedelic Daydream,"€ 7,60",Germany,4.02,Sudden Death Brewing Co.,8.5%,IPA - Imperial / Double,Can 440ml,"€ 17,27 per litre"
Groovy Tube,"€ 7,40",Wales,4.01,Polly's Brew Co.,6.1%,IPA - American,Can 440ml,"€ 16,82 per litre"
Slacks,"€ 7,30",Wales,3.97,Polly's Brew Co.,6%,IPA - New England / Hazy,Can 440ml,"€ 16,59 per litre"
El Dorado,"€ 7,20",France,3.97,La Superbe,6%,IPA - New England / Hazy,Can 440ml,"€ 16,36 per litre"
Öö,"€ 4,90",Estonia,3.93,Põhjala,10.5%,Porter - Imperial / Double Baltic,330ml,"€ 14,85 per litre"
Maple Banger,"€ 5,50",Estonia,3.92,Põhjala,13%,Stout - Imperial / Double,330ml,"€ 16,67 per litre"
Breeze Shadows,"€ 7,30",Wales,3.91,Polly's Brew Co.,5.5%,Pale Ale - New England / Hazy,Can 440ml,"€ 16,59 per litre"
Chocolate Porter,"€ 5,50",Estonia,3.84,Põhjala,10%,Porter - Imperial / Double,330ml,"€ 16,67 per litre"
Lübecker Pilsener,"€ 5,50",Germany,3.53,Sudden Death Brewing Co.,4.8%,Pilsner - German,Can 440ml,"€ 12,50 per litre"
Värske,"€ 4,70",Estonia,3.48,Põhjala,5%,Lager - IPL (India Pale Lager),Can 440ml,"€ 10,68 per litre"
Bière de Noël,"€ 4,20",France,3.44,Brasserie Galibot,6.4%,Lager - Winter,330ml,"€ 12,73 per litre"
Iechyd Da,"€ 6,60",Wales,4.02,Dark Element Brew Co,6.5%,IPA - New England / Hazy,Can 440ml,"€ 15,00 per litre"
Bubbles,"€ 6,40",Wales,4.00,Dark Element Brew Co,6%,IPA - New England / Hazy,Can 440ml,"€ 14,55 per litre"
Reptilia,"€ 5,60",Wales,3.88,Dark Element Brew Co,5.3%,Pale Ale - New England / Hazy,Can 440ml,"€ 12,73 per litre"
Motor Oil Nitro,"€ 7,39",Netherlands,4.17,Moersleutel Craft Brewery,12%,Stout - Russian Imperial,,
Extravagant TIPA,"€ 8,99",Netherlands,4.05,Moersleutel Craft Brewery,10%,IPA - Triple,,
Piece of Cake ‘Rocky Road',"€ 4,59",Netherlands,4.04,Brouwerij Frontaal,10%,Stout - Imperial / Double Pastry,330ml,"€ 13,91 per litre"
BEACH,"€ 5,10",Denmark,3.37,To Øl,4%,Sour - Fruited Berliner Weisse,Can 440ml,"€ 11,59 per litre"
Lervig Off the Rack Paragon 2023 By Rackhouse,"€ 32,50",Norway,4.38,LERVIG,13.5%,Barleywine - Other,Bottle 750ml,"€ 43,33 per litre"
Bourbon County Brand Bananas Foster Stout (2023),"€ 59,95",United States,4.23,Goose Island Beer Co.,13.9%,Stout - Imperial / Double Pastry,500ml,"€ 119,90 per litre"
Vatgerijpt #14 I Spy Double Rye Tawny Port,"€ 7,95",Netherlands,4.16,Muifelbrouwerij,10%,Bock - Doppelbock,330ml,"€ 24,09 per litre"
Cerebral Bore,"€ 10,50",England,4.15,Neon Raptor Brewing Co.,10%,Sour - Smoothie / Pastry,Can 440ml,"€ 23,86 per litre"
Bourbon County Brand Backyard Stout (2023),"€ 59,95",United States,4.15,Goose Island Beer Co.,12.9%,Stout - Imperial / Double,500ml,"€ 119,90 per litre"
To Ol Yule M%&?!&k Bourbon Barrel Aged (2021),"€ 11,95",Denmark,4.12,To Øl,14.5%,Stout - Imperial / Double,Bottle 375ml,"€ 31,87 per litre"
Don Quichot,"€ 4,95",Netherlands,4.07,Brouwerij Kees,14%,Barleywine - Other,330ml,"€ 15,00 per litre"
Beans & Biscuits,"€ 4,75",Estonia,4.06,Pühaste Brewery,9%,Stout - Imperial / Double Pastry,330ml,"€ 14,39 per litre"
Spectrum Shift,"€ 5,50",Estonia,4.05,Pühaste Brewery,8%,IPA - Triple New England / Hazy,330ml,"€ 16,67 per litre"
Perfect Krush,"€ 5,50",Italy,3.98,CRAK Brewery,6.5%,IPA - American,330ml,"€ 16,67 per litre"
Maag,"€ 4,95",Estonia,3.97,Pühaste Brewery,12.5%,Barleywine - Other,330ml,"€ 15,00 per litre"
Failure Drill,"€ 5,95",Sweden,3.94,Apex Brewing Company,6.5%,IPA - New England / Hazy,Can 440ml,"€ 13,52 per litre"
Zuster Agatha Houtgerijpt 2024,"€ 4,50",Netherlands,3.93,Muifelbrouwerij,11.5%,Belgian Quadrupel,330ml,"€ 13,64 per litre"
Boltzmann Brain,"€ 6,50",England,3.92,Azvex Brewing Company,6.4%,IPA - New England / Hazy,Can 440ml,"€ 14,77 per litre"
Wairua,"€ 4,95",Estonia,3.91,Pühaste Brewery,8%,IPA - Imperial / Double New England / Hazy,330ml,"€ 15,00 per litre"
Re-decapitated IPA,"€ 5,95",Sweden,3.91,Apex Brewing Company,6.5%,IPA - New England / Hazy,Can 440ml,"€ 13,52 per litre"
Pastry Train Canelé,"€ 4,50",Netherlands,3.90,Brouwerij Kees,13.1%,Stout - Imperial / Double Pastry,330ml,"€ 13,64 per litre"
Halcyon IPA,"€ 5,95",Sweden,3.88,Apex Brewing Company,6.5%,IPA - New England / Hazy,Can 440ml,"€ 13,52 per litre"
Plain of the Po,"€ 4,95",Italy,3.86,CRAK Brewery,5.2%,IPA - New England / Hazy,330ml,"€ 15,00 per litre"
Triple Trails,"€ 4,95",Netherlands,3.86,Brouwerij Kees,8.9%,IPA - Triple,Can 440ml,"€ 11,25 per litre"
Travail of Seven,"€ 5,50",Netherlands,3.82,Goede Kant van het Spoor,10.3%,Stout - Russian Imperial,330ml,"€ 16,67 per litre"
Sarvik,"€ 3,95",Estonia,3.79,Pühaste Brewery,8%,Bock - Doppelbock,330ml,"€ 11,97 per litre"
A.P.G. Driessen,"€ 3,95",Netherlands,3.66,Goede Kant van het Spoor,8%,Bock - Single / Traditional,330ml,"€ 11,97 per litre"
Pater Lieven Tripel,"€ 3,25",Belgium,3.50,Brouwerij Van Den Bossche,8%,Belgian Tripel,330ml,"€ 9,85 per litre"
Pater Lieven Blond,"€ 2,95",Belgium,3.37,Brouwerij Van Den Bossche,6.5%,Belgian Blonde,330ml,"€ 8,94 per litre"
Cherry Red Risalamande,"€ 6,13",Hungary,4.16,Mad Scientist,5.1%,Sour - Smoothie / Pastry,Can 440ml,"€ 13,93 per litre"
Szilvás Gombóc Double Cinnamon EDT,"€ 4,88",Hungary,3.84,Mad Scientist,10%,Sour - Smoothie / Pastry,330ml,"€ 14,79 per litre"
Session Cocaine,"€ 4,98",Hungary,3.60,Mad Scientist,5.3%,IPA - Session,Can 440ml,"€ 11,32 per litre"
Don't Tell Gus!,"€ 9,50",England,4.24,Verdant Brewing Co,8%,IPA - Imperial / Double New England / Hazy,Can 440ml,"€ 21,59 per litre"
Gus Knows!,"€ 7,25",England,4.10,Verdant Brewing Co,6.5%,IPA - New England / Hazy,Can 440ml,"€ 16,48 per litre"
They Went On Forever,"€ 6,99",England,4.03,Verdant Brewing Co,6%,IPA - New England / Hazy,Can 440ml,"€ 15,89 per litre"
There Will Be No Intervals,"€ 5,50",England,3.99,Verdant Brewing Co,4.5%,Pale Ale - New England / Hazy,Can 440ml,"€ 12,50 per litre"
Rauchbier,"€ 5,15",England,3.71,Anspach & Hobday,5.5%,Rauchbier,Can 440ml,"€ 11,70 per litre"
Kompaan Foreign Legion 2024,"€ 44,95",Netherlands,3.74,KOMPAAN Dutch Craft Beer Company,10%,Bock - Doppelbock,Can 440ml,"€ 11,70 per litre"
Maitre Tripel Filliers BA,"€ 4,55",Belgium,3.73,Brewery De Meester,9%,Belgian Tripel,Can 440ml,"€ 11,70 per litre"
Session Cocaine,"€ 5,80",Hungary,3.60,Mad Scientist,5.3%,IPA - Session,Can 440ml,"€ 13,18 per litre"
CYCT Pressure,"€ 5,49",Netherlands,3.82,Moersleutel Craft Brewery,7%,IPA - New England / Hazy,Can 440ml,"€ 12,48 per litre"
"Beauty – Blueberries, Blackcurrant & Vanilla","€ 4,99",Poland,3.74,Magic Road,5%,Sour - Smoothie / Pastry,500ml,"€ 9,98 per litre"
Bourbon BA Sticky Little Fingers,"€ 22,50",Norway,4.30,Amundsen Brewery,13.5%,Stout - Imperial / Double Pastry,Can 440ml,"€ 51,14 per litre"
Amundsen Uncle Pops,"€ 10,60",Norway,3.66,Amundsen Brewery,6.5%,Sour - Smoothie / Pastry,Can 440ml,"€ 24,09 per litre"
Super Santa,"€ 7,20",Norway,3.44,Amundsen Brewery,4.7%,Stout - Pastry,330ml,"€ 21,82 per litre"
Heller Weizenbock,"€ 2,20",Germany,3.87,Brauerei Gutmann,7.2%,Bock - Weizenbock,500ml,"€ 4,40 per litre"
Nankendorfer Festbier,"€ 2,20",Germany,3.69,Schroll Bräu Nankendorf,5.5%,Festbier,500ml,"€ 4,40 per litre"
Sonne Bock,"€ 2,30",Germany,3.63,Hausbrauerei zur Sonne Bischberg,6.8%,Bock - Hell / Maibock / Lentebock,500ml,"€ 4,60 per litre"
Adler Stettfelder heller Bock,"€ 2,10",Germany,3.62,Schwarzer Adler Bräu Stettfeld,7.1%,Bock - Hell / Maibock / Lentebock,500ml,"€ 4,20 per litre"
Mahrs Weisser Bock,"€ 2,60",Germany,3.60,Mahr's Bräu,7.2%,Bock - Weizenbock,500ml,"€ 5,20 per litre"
Hütten Winter Festbier,"€ 2,10",Germany,3.57,Brauerei Hütten Trassl,5.5%,Lager - Winter,500ml,"€ 4,20 per litre"
Mager Weihnachtsfestbier,"€ 2,10",Germany,3.44,Brauerei Mager Pottenstein,5.1%,Festbier,500ml,"€ 4,20 per litre"
Weiherer Pils - 5 Liter Fass,"€ 17,50",Germany,3.37,Brauerei Kundmüller,4.7%,Pilsner - German,5000ml,"€ 3,50 per litre"
"Hertl Marvin, der 13. Pumpkin Ale 0,33 L","€ 4,80",Germany,2.92,Braumanufaktur Hertl,5.4%,Pumpkin / Yam Beer,330ml,"€ 14,55 per litre"
Eichhorn Winterfestbier,"€ 3,00",Germany,?,Braumanufaktur Hertl,5.5%,Festbier,500ml,"€ 6,00 per litre"
Fuerst Wiacek Impresario DDH IPA ( 24),"€ 6,99",Germany,4.17,FUERST WIACEK,6.8%,IPA - New England / Hazy,Can 440ml,"€ 15,89 per litre"
Fuerst Wiacek Over The Moon DDH IPA ( 24),"€ 6,99",Germany,3.85,FUERST WIACEK,6.8%,IPA - New England / Hazy,Can 440ml,"€ 15,89 per litre"
Mönchshof Weihnachtsbier,"€ 2,29",Germany,3.21,Kulmbacher Brauerei,5.6%,Lager - Winter,500ml,"€ 4,58 per litre"
Fuerst Wiacek Sipping Sunny Session IPA,"€ 6,29",Germany,3.79,FUERST WIACEK,4.7%,IPA - Session,Can 440ml,"€ 14,30 per litre"
Very Big Moose 2024 Rye Old Fashioned,"€ 8,20",Scotland,4.05,Fierce Beer,12.5%,Stout - Russian Imperial,Can 440ml,"€ 18,64 per litre"
Zenne Y Frontera 22/23 Assemblage n° 67,"€ 42,95",Belgium,4.27,Brouwerij 3 Fonteinen,6.8%,Lambic - Gueuze,Bottle 750ml,"€ 57,27 per litre"
Blaugies La Moneuse Triple X,"€ 7,71",Belgium,3.78,Brasserie de Blaugies,10%,Farmhouse Ale - Saison,Bottle 750ml,"€ 10,28 per litre"
Au Baron / Jester King Noblesse Oblige,"€ 7,25",France,3.67,Brasserie au Baron/ Jester King Brewery,4.7%,Farmhouse Ale - Bière de Garde,Bottle 750ml,"€ 9,67 per litre"
North Wind,"€ 5,59",United States,3.99,The Drowned Lands Brewery,7.5%,Winter Ale,Bottle 750ml,"€ 9,67 per litre"
The Algorithm Pt. 3,"€ 5,95",Netherlands,4.19,Uiltje Brewing Company,14.5%,Stout - Imperial / Double,330ml,"€ 18,03 per litre"
El Patron,"€ 4,90",Netherlands,3.80,Uiltje Brewing Company,8.2%,IPA - Imperial / Double,Can 440ml,"€ 11,14 per litre"
Weihenstephaner Pils,"€ 2,45",Germany,3.57,Bayerische Staatsbrauerei Weihenstephan,5.1%,Pilsner - German,500ml,"€ 4,90 per litre"
Sako Oude Geuze,"€ 5,16",Belgium,4.11,Brouwerij-Stokerij Sako,6.5%,Lambic - Gueuze,Bottle 375ml,"€ 13,76 per litre"
Musli,"€ 6,60",Poland,3.99,Browar Birbant,10.1%,Stout - Imperial / Double Pastry,Can 500ml,"€ 13,20 per litre"
Midnight,"€ 4,40",Poland,3.83,Browar Birbant,4.5%,Sour - Smoothie / Pastry,Can 500ml,"€ 8,80 per litre"
Creepy Hops,"€ 4,40",Poland,3.82,Browar Birbant,8.6%,IPA - Imperial / Double,Can 500ml,"€ 8,80 per litre"
Porter Bałtycki NITRO,"€ 3,30",Poland,3.81,WRCLW,7.3%,Porter - Baltic,Bottle 500ml,"€ 6,60 per litre"
Goody,"€ 2,40",Poland,3.74,Browar Birbant,4%,Sour - Smoothie / Pastry,Can 500ml,"€ 4,80 per litre"
Hopsbant Fresh IPA,"€ 2,90",Poland,3.69,Browar Birbant,6.7%,IPA - American,Bottle 500ml,"€ 5,80 per litre"
Toyboy,"€ 2,40",Poland,3.63,Browar Birbant,5.2%,IPA - Other,Can 500ml,"€ 4,80 per litre"
Dr. Raptor,"€ 4,15",Netherlands,3.68,Uiltje Brewing Company,8.2%,IPA - Imperial / Double,330ml,"€ 12,58 per litre"
Fuerst Wiacek Impresario,"€ 6,99",Germany,4.05,FUERST WIACEK,6.8%,IPA - New England / Hazy,Can 440ml,"€ 15,89 per litre"
Fuerst Wiacek Sipping Sunny,"€ 6,29",Germany,3.79,FUERST WIACEK,4.7%,IPA - Session,Can 440ml,"€ 14,30 per litre"
Bere (Cider Basque),"€ 3,99",Spain,3.69,Sidreria Bereziartua,6%,Cider - Basque,330ml,"€ 12,09 per litre"
Wild Tree Hoppy Cider,"€ 3,75",Austria,3.59,BlakStoc,4.5%,Cider - Herbed / Spiced / Hopped,330ml,"€ 11,36 per litre"
Lux In Tenebris,"€ 7,49",France,4.17,The Piggy Brewing Company,9.9%,IPA - Triple New England / Hazy,Can 440ml,"€ 17,02 per litre"
Double Impact,"€ 6,49",France,4.06,The Piggy Brewing Company,8%,IPA - Imperial / Double New England / Hazy,Can 440ml,"€ 14,75 per litre"
Fuggy's,"€ 8,99",France,4.06,The Piggy Brewing Company,12%,Stout - Imperial / Double Oatmeal,330ml,"€ 27,24 per litre"
Triple Gelato: Mango Sticky Rice,"€ 7,99",Poland,4.04,Funky Fluid,7.5%,Sour - Smoothie / Pastry,500ml,"€ 15,98 per litre"
472 Requiem,"€ 6,49",France,4.04,The Piggy Brewing Company,8%,IPA - Imperial / Double New England / Hazy,Can 440ml,"€ 14,75 per litre"
9Club V2,"€ 6,99",France,4.04,The Piggy Brewing Company,9.3%,IPA - Triple New England / Hazy,Can 440ml,"€ 15,89 per litre"
Gelato: Bloody,"€ 6,79",Poland,3.96,Funky Fluid,5.5%,Sour - Smoothie / Pastry,500ml,"€ 13,58 per litre"
Michael (The Juicyville S01E04),"€ 6,99",Poland,3.95,Funky Fluid,8.1%,IPA - Imperial / Double New England / Hazy,500ml,"€ 13,98 per litre"
All Out King,"€ 7,79",Poland,3.91,Funky Fluid,8%,Sour - Smoothie / Pastry,500ml,"€ 15,58 per litre"
Gelato: Spooky,"€ 6,79",Poland,3.86,Funky Fluid,5.5%,Sour - Smoothie / Pastry,500ml,"€ 13,58 per litre"
Porque Te Vas?,"€ 6,99",Poland,3.81,Funky Fluid,6.8%,IPA - Other,500ml,"€ 13,98 per litre"
Gelato: Kompot,"€ 6,79",Poland,3.78,Funky Fluid,5.5%,Sour - Smoothie / Pastry,500ml,"€ 13,58 per litre"
Don't Put It On Pizza,"€ 5,29",Poland,3.71,Funky Fluid,4.8%,IPA - Session,500ml,"€ 10,58 per litre"
Appelmede (Mead Cyser),"€ 20,00",Netherlands,3.98,Doggerland Craft Cider,14%,Mead - Cyser,500ml,"€ 40,00 per litre"
Astarbe (Cider Basque),"€ 9,50",Spain,3.48,Sidrería Astarbe Sagardotegia,6.5%,Cider - Basque,Bottle 750ml,"€ 12,67 per litre"
Somerset Pomona (Cider Ice),"€ 21,50",England,?,Burrow Hill Cider,20%,Cider - Ice,500ml,"€ 43,00 per litre"
Pommeau de Normandie (Cider Applewine),"€ 24,95",France,4.23,Domaine Duclos-Fourgeray,17.9%,Cider - Applewine,700ml,"€ 35,64 per litre"
Reinventing Fear,"€ 6,60",Wales,4.02,Polly's Brew Co.,6.5%,IPA - New England / Hazy,700ml,"€ 35,64 per litre"
Maple Bänger,"€ 4,60",Estonia,3.92,Põhjala,12.5%,Stout - Imperial / Double,330ml,"€ 13,94 per litre"
Which Pendant?,"€ 6,50",Wales,3.86,Polly's Brew Co.,6.6%,IPA - Black / Cascadian Dark Ale,Can 440ml,"€ 14,77 per litre"
"HOLY FAITH // HAZY PALE ALE - 0,5%25 - Alcoholvrij","€ 3,10",England,3.07,Northern Monk,0.5%,Non-Alcoholic - Pale Ale,Can 440ml,"€ 14,77 per litre"
2112,"€ 8,30",England,4.07,Radio City Beer Works,8%,IPA - Imperial / Double,Can 440ml,"€ 18,86 per litre"
FIVE A.M,"€ 9,50",Canada,4.25,Collective Arts Brewing/ Verdant Brewing Co,8%,IPA - Imperial / Double New England / Hazy,Can 440ml,"€ 21,59 per litre"
Don't Fear The Ferryman,"€ 10,80",England,4.09,Verdant Brewing Co,10%,Stout - Imperial / Double,Can 440ml,"€ 24,55 per litre"
Big Stupid Westy V4,"€ 7,80",England,4.03,Verdant Brewing Co,6.8%,IPA - American,Can 440ml,"€ 17,73 per litre"
Millionaire,"€ 6,00",England,4.03,Yonder Brewing & Blending,5%,Stout - Pastry,Can 440ml,"€ 13,64 per litre"
Mister Peanut,"€ 6,40",England,3.99,Yonder Brewing & Blending,5%,Stout - Pastry,Can 440ml,"€ 14,55 per litre"
Shrimps & Bananas,"€ 6,30",England,3.80,Yonder Brewing & Blending,5%,Sour - Fruited,Can 440ml,"€ 14,32 per litre"
140 Years (canned: 27-09-24),"€ 7,65",Switzerland,4.25,Hoppy People,10%,IPA - Triple New England / Hazy,Can 440ml,"€ 17,39 per litre"
Memory 2024,"€ 10,75",Poland,4.23,PINTA Barrel Brewing,11%,Stout - Imperial / Double,330ml,"€ 32,58 per litre"
Immersion 2024,"€ 10,75",Poland,4.19,PINTA Barrel Brewing,11.5%,Porter - Imperial / Double,330ml,"€ 32,58 per litre"
Terra Nova,"€ 5,95",Sweden,4.13,Stigbergets Bryggeri,10%,IPA - Triple New England / Hazy,330ml,"€ 32,58 per litre"
Big Bourbon Barrel Aged Stout 2021,"€ 9,45",Sweden,4.12,Stigbergets Bryggeri,13.5%,Stout - Imperial / Double,Can 440ml,"€ 21,48 per litre"
Twisted Transistor (bbf: 7-25),"€ 7,30",Germany,4.09,FrauGruber Brewing,10.2%,IPA - Triple New England / Hazy,Can 440ml,"€ 16,59 per litre"
I Love Hops #12 (canned: 25-09-24),"€ 7,65",Switzerland,4.07,Hoppy People,8%,IPA - Imperial / Double New England / Hazy,Can 440ml,"€ 17,39 per litre"
Sugar ‘n Spice,"€ 5,90",Scotland,4.07,Vault City Brewing,5.5%,Pumpkin / Yam Beer,Can 440ml,"€ 13,41 per litre"
Shake S'more,"€ 7,85",Scotland,4.04,Vault City Brewing,6.2%,Sour - Smoothie / Pastry,Can 440ml,"€ 17,84 per litre"
"Right Here, Right Now (canned: 23-09-24)","€ 7,65",Switzerland,3.98,Hoppy People,8%,IPA - Imperial / Double New England / Hazy,Can 440ml,"€ 17,39 per litre"
Eyes In The Dark,"€ 11,15",Switzerland,3.94,Hoppy People,18%,Stout - Imperial / Double,330ml,"€ 33,79 per litre"
Bearley Fine,"€ 5,10",Sweden,3.92,Stigbergets Bryggeri,12%,Barleywine - American,330ml,"€ 33,79 per litre"
New Dogs New Tricks (bbf: 7-25),"€ 6,80",Germany,3.84,FrauGruber Brewing,8.4%,IPA - Imperial / Double New England / Hazy,Can 440ml,"€ 15,45 per litre"
Barrel of Dwight Fry,"€ 5,10",Sweden,3.72,Stigbergets Bryggeri,11.5%,Barleywine - English,330ml,"€ 15,45 per litre"
60/60 Chance (bbf: 7-25),"€ 6,75",Germany,3.72,FrauGruber Brewing,8%,IPA - Imperial / Double New England / Hazy,Can 440ml,"€ 15,34 per litre"
St. Bernardus Extra 4,"€ 4,19",Belgium,3.43,Brouwerij St.Bernardus,4.8%,Belgian Enkel / Patersbier,330ml,"€ 12,70 per litre"
Mont des Cats,"€ 7,95",France,3.53,Abbaye du Mont des Cats,7.6%,Belgian Strong Golden Ale,Bottle 750ml,"€ 10,60 per litre"
Mont des Cats,"€ 4,00",France,3.53,Abbaye du Mont des Cats,7.6%,Belgian Strong Golden Ale,330ml,"€ 12,12 per litre"
Goudale Blonde,"€ 2,45",France,3.44,Brasserie Goudale - Les Brasseurs de Gayant,7.2%,Farmhouse Ale - Bière de Garde,330ml,"€ 7,42 per litre"
Barrel Project 2024 Moscatel,"€ 5,40",Netherlands,3.71,Brouwerij Kees,8.5%,Farmhouse Ale - Saison,330ml,"€ 16,36 per litre"
Winter Smooth Barrel Aged Barleywine x Põhjala,"€ 10,50",Estonia,3.98,Põhjala,12%,Barleywine - American,330ml,"€ 31,82 per litre"
Monkey Fighting Snakes,"€ 9,50",England,4.06,Sureshot Brewing,8%,IPA - Imperial / Double New England / Hazy,Can 440ml,"€ 21,59 per litre"
Organic Chocolate Stout,"€ 5,10",England,4.04,Samuel Smith,5%,Stout - Other,Bottle 550ml,"€ 9,27 per litre"
Bela Lugosi Is Chasing Me,"€ 7,60",England,4.03,Sureshot Brewing,6.7%,IPA - New England / Hazy,Can 440ml,"€ 17,27 per litre"
I Wish I Could Fly,"€ 7,60",England,4.02,Sureshot Brewing,6.5%,IPA - New England / Hazy,Can 440ml,"€ 17,27 per litre"
Nilbog Milk,"€ 7,40",England,4.00,Sureshot Brewing,6.5%,IPA - New England / Hazy,Can 440ml,"€ 16,82 per litre"
Absolute Electric,"€ 6,90",England,3.98,Sureshot Brewing,5.5%,Pale Ale - New England / Hazy,Can 440ml,"€ 15,68 per litre"
Screened Out Of Heaven,"€ 7,40",England,3.91,Sureshot Brewing,6%,IPA - New England / Hazy,Can 440ml,"€ 16,82 per litre"
St. Bernardus Tripel,"€ 5,10",Belgium,3.75,Brouwerij St.Bernardus,8%,Belgian Tripel,Bottle 330ml,"€ 15,45 per litre"
Imperial Stout,"€ 3,90",England,3.73,Samuel Smith,7%,Stout - Russian Imperial,Bottle 355ml,"€ 10,99 per litre"
Lee Carvallo's Putting Challenge,"€ 5,90",England,3.69,Sureshot Brewing,4.5%,Pale Ale - New England / Hazy,Can 440ml,"€ 13,41 per litre"
Now Serving Nonsense,"€ 9,80",England,3.68,Sureshot Brewing,8%,Sour - Fruited,Can 440ml,"€ 22,27 per litre"
Kasteel Rouge,"€ 5,10",Belgium,3.58,Kasteel Brouwerij Vanhonsebrouck,8%,Fruit Beer,Bottle 330ml,"€ 15,45 per litre"
Kriek,"€ 5,90",Belgium,3.57,Brouwerij Lindemans,3.5%,Lambic - Kriek,Bottle 375ml,"€ 15,73 per litre"
Lager Hell,"€ 4,70",Germany,3.50,Ayinger Privatbrauerei,4.9%,Lager - Helles,Bottle 500ml,"€ 9,40 per litre"
Chouffe,"€ 3,60",Belgium,2.74,Brasserie d'Achouffe,0.4%,Non-Alcoholic - Other,Bottle 330ml,"€ 10,91 per litre"
Cuvée Lambiekstoemper 2024 Oude Gueuze - LIMITED EDITION,"€ 12,29",Belgium,4.06,Brewery John Martin & Brewery Timmermans,6.7%,Lambic - Gueuze,Bottle 750ml,"€ 16,39 per litre"
Geuze Gaasbeek,"€ 21,63",Belgium,3.73,4Pajot,6.5%,Lambic - Gueuze,Bottle 750ml,"€ 28,84 per litre"
Pale Ale - etykieta  175 mm,"€ 1,20",Poland,3.63,Browar Stu Mostów,5.1%,Pale Ale - American,85-pack,"Total price: € 1,20"
Non Alcoholic Lemon Radler,"€ 1,90",Poland,3.54,Browar Stu Mostów,0.5%,Non-Alcoholic - Sour,Bottle 500ml,"€ 3,80 per litre"
Pszeniczny - keg A,"€ 140,10",Poland,3.49,WRCLW,5%,Wheat Beer - Hefeweizen,30000ml,"€ 4,67 per litre"
Pils,"€ 2,70",Poland,3.38,WRCLW,5%,Pilsner - German,Bottle 500ml,"€ 5,40 per litre"
Pils,"€ 48,60",Poland,3.38,WRCLW,5%,Pilsner - German,20-pack,"Total price: € 48,60"
Pils,"€ 20,10",Poland,3.38,WRCLW,5%,Pilsner - German,20-pack,"Total price: € 48,60"
1 na 100 Pigwowiec I Miod (Table Beer),"€ 2,95",Poland,3.43,Browar Kormoran,1%,Table Beer,500ml,"€ 5,90 per litre"
Boltzmann Brain,"€ 6,60",England,3.92,Azvex Brewing Company,6.4%,IPA - New England / Hazy,Can 440ml,"€ 15,00 per litre"
Popular Demand,"€ 3,90",Romania,3.85,Bereta Brewing Co.,6.2%,IPA - New England / Hazy,Can 440ml,"€ 8,86 per litre"
Run Free,"€ 4,80",England,3.58,LHG Brewpub,0.5%,Non-Alcoholic Beer - Pale Ale,Can 440ml,"€ 10,91 per litre"
Blackbock,"€ 3,20",Netherlands,3.31,vandeStreek bier,6%,Bock - Single / Traditional,330ml,"€ 9,70 per litre"
Sorachi & Siracha - Export Porter,"€ 4,50",Netherlands,3.51,Brouwerij de Molen,8%,Porter - Other,330ml,"€ 13,64 per litre"
1664 Blanc Beer,"€ 1,90",France,3.48,Kronenbourg Brewery,5%,Wheat Beer - Witbier / Blanche,330ml,"€ 5,76 per litre"
Somersby Winter Cider,"€ 1,90",Denmark,3.28,Carlsberg Group,4.5%,Cider - Herbed / Spiced / Hopped,330ml,"€ 5,76 per litre"
Warsaw Dream,"€ 3,29",Poland,3.73,Funky Fluid,6.4%,IPA - New England / Hazy,Can 500ml,"€ 6,58 per litre"
Vault City - DDF Churros,"€ 13,20",Scotland,4.20,Vault City Brewing,15%,Stout - Imperial / Double Pastry,330ml,"€ 40,00 per litre"
Omnipollo - Christmas Hot Coco,"€ 11,90",Sweden,4.09,Omnipollo,11%,Stout - Imperial / Double,330ml,"€ 36,06 per litre"
St. Bernardus Abt 12 2024 1.5L Magnum,"€ 43,00",Belgium,4.06,Brouwerij St.Bernardus,10%,Belgian Quadrupel,Bottle 1500ml,"€ 28,67 per litre"
Tiny Rebel - The Hazlenut Cracker,"€ 6,20",Wales,3.98,Tiny Rebel Brewing Co,5.8%,Stout - Milk / Sweet,Can 440ml,"€ 14,09 per litre"
Vault City - Chocolate Strawberry Dutch Pancakes,"€ 9,10",Scotland,3.97,Vault City Brewing,5%,Sour - Smoothie / Pastry,Can 440ml,"€ 20,68 per litre"
Moonlit Nights,"€ 12,80",Estonia,3.96,Põhjala,12%,Strong Ale - American,330ml,"€ 38,79 per litre"
Bush De Nuits Ambree 75cl,"€ 41,60",Belgium,3.94,Brasserie Dubuisson,13%,Belgian Strong Dark Ale,Bottle 750ml,"€ 55,47 per litre"
Maple Banger,"€ 8,40",Estonia,3.92,Põhjala,12.5%,Stout - Imperial / Double,330ml,"€ 25,45 per litre"
St. Bernardus Christmas 75cl,"€ 15,80",Belgium,3.86,Brouwerij St.Bernardus,10%,Winter Ale,Bottle 750ml,"€ 21,07 per litre"
Vault City - Mulled Apple Sour,"€ 6,50",Scotland,3.86,Vault City Brewing,5%,Sour - Fruited,Can 440ml,"€ 14,77 per litre"
Delirium Tremens in a Tube,"€ 19,90",Belgium,3.85,Delirium - Huyghe Brewery,6%,Belgian Strong Golden Ale,Bottle 750ml,"€ 26,53 per litre"
Weihenstephan Vitus,"€ 5,30",Germany,3.84,Bayerische Staatsbrauerei Weihenstephan,7.7%,Bock - Weizenbock,500ml,"€ 10,60 per litre"
Delirium Noel 33cl,"€ 5,80",Belgium,3.76,Delirium - Huyghe Brewery,10%,Winter Ale,330ml,"€ 17,58 per litre"
Andechs Weizenbock,"€ 5,10",Germany,3.74,Klosterbrauerei Andechs,7%,Bock - Weizenbock,500ml,"€ 10,20 per litre"
Sheppy's Winter Spiced Cider,"€ 9,20",England,3.74,Sheppy's Cider Ltd,10%,Cider - Herbed / Spiced / Hopped,Bottle 750ml,"€ 12,27 per litre"
Gueuze Cuvee Rene 3L,"€ 183,00",Belgium,3.73,Brouwerij Lindemans,5.2%,Lambic - Gueuze,3000ml,"€ 61,00 per litre"
Bush Noel 75cl,"€ 20,50",Belgium,3.72,Brasserie Dubuisson,12%,Winter Ale,Bottle 750ml,"€ 27,33 per litre"
Omnipollo - Christmas Shake IPA,"€ 11,70",Sweden,3.69,Omnipollo,7.5%,IPA - Imperial / Double Milkshake,330ml,"€ 35,45 per litre"
N'Ice Chouffe,"€ 6,30",Belgium,3.66,Brasserie d'Achouffe,10%,Winter Ale,330ml,"€ 19,09 per litre"
N'ice Chouffe 75cl,"€ 20,10",Belgium,3.66,Brasserie d'Achouffe,10%,Winter Ale,Bottle 750ml,"€ 26,80 per litre"
Tiny Rebel - Hop Hut Winter Slam,"€ 6,20",Wales,3.66,Tiny Rebel Brewing Co,5.5%,IPA - American,Can 440ml,"€ 14,09 per litre"
Tiny Rebel - Welcome to The Party Pal 44cl,"€ 5,90",Wales,3.63,Tiny Rebel Brewing Co,4.5%,IPA - Milkshake,Can 440ml,"€ 13,41 per litre"
Vault City - Snowball,"€ 9,70",England,3.63,Pastore Brewing and Blending,6.4%,Sour - Smoothie / Pastry,Can 440ml,"€ 22,05 per litre"
Mahrs Bräu aU MINI KEG,"€ 56,20",Germany,3.58,Mahr's Bräu,8.5%,Kellerbier / Zwickelbier,5000ml,"€ 11,24 per litre"
Moinette Blonde 1.5L,"€ 40,20",Belgium,3.56,Brasserie Dupont,9.5%,Belgian Strong Golden Ale,Bottle 1500ml,"€ 26,80 per litre"
Flotzinger Natur Radler,"€ 2,70",Germany,3.52,Flötzinger Bräu,2.7%,Shandy / Radler,330ml,"€ 8,18 per litre"
Tournay Noel,"€ 5,60",Belgium,3.51,Brasserie de Cazeau,8.2%,Winter Ale,330ml,"€ 16,97 per litre"
Schlenkerla Marzen Rauchbier MINI KEG,"€ 47,10",Germany,3.48,"Schlenkerla (""Heller-Bräu"" Trum)",10%,Rauchbier,5000ml,"€ 9,42 per litre"
Omnipollo x Newbarns - Emmas Wintermild,"€ 5,60",Sweden,3.36,Omnipollo,5.3%,Mild - Dark,330ml,"€ 16,97 per litre"
Hellerbock,"€ 5,10",Germany,3.31,Brauerei Simon,7%,Bock - Hell / Maibock / Lentebock,500ml,"€ 10,20 per litre"
Omnipollo - Oaked Vintermust Sour Non Alc,"€ 5,40",Sweden,3.28,Omnipollo,0.5%,Non-Alcoholic - Sour,330ml,"€ 16,36 per litre"
Pils 5L Mini Kegs,"€ 43,80",Germany,3.20,Bitburger Brauerei,4.8%,Pilsner - German,5000ml,"€ 8,76 per litre"
Bush Triple,"€ 16,00",Belgium,3.62,Brasserie Dubuisson,10.5%,Belgian Strong Golden Ale,Bottle 750ml,"€ 21,33 per litre"
Bock Rammer,"€ 2,35",Netherlands,3.49,Stadshaven Brouwerij,7.8%,Bock - Doppelbock,330ml,"€ 7,12 per litre"
Et dans chaque goutte se sublime le temps 2023,"€ 13,00",Netherlands,3.49,Bouquier,4.7%,Wild ale,Bottle 750ml,"€ 17,33 per litre"
Merlot 2023,"€ 14,00",Netherlands,3.49,Bouquier,5%,Wild ale,Bottle 750ml,"€ 18,67 per litre"
Oud Bruin 2023,"€ 12,00",Netherlands,3.49,Bouquier,4.7%,Wild ale,Bottle 750ml,"€ 16,00 per litre"
De La Senne Schieve X-Mas,"€ 4,90",Belgium,3.64,Brasserie de la Senne,8%,Winter Ale,330ml,"€ 14,85 per litre"
Delirium Barrel Aged Blonde Sour,"€ 37,10",Belgium,3.64,Delirium - Huyghe Brewery,10.8%,Sour - Other,Bottle 750ml,"€ 49,47 per litre"
Cinnamon Smores,"€ 8,00",Norway,2.96,Amundsen Brewery,0.5%,Non-Alcoholic - Porter / Stout,Can 440ml,"€ 18,18 per litre"
Ada Xmas,"€ 3,20",Belgium,2.96,Beer Merchants,9%,Non-Alcoholic - Porter / Stout,330ml,"€ 9,70 per litre"
Delirium  Noel 75cl,"€ 14,70",Belgium,2.96,Huyghe,10%,Non-Alcoholic - Porter / Stout,Bottle 750ml,"€ 19,60 per litre"
Back & Future 2,"€ 18,99",Brazil,4.23,Spartacus Brewing,15%,Stout - Imperial / Double,Can 440ml,"€ 43,16 per litre"
Back & Future 4,"€ 18,99",Brazil,4.22,Spartacus Brewing,15%,Stout - Imperial / Double,Can 440ml,"€ 43,16 per litre"
Back & Future 1,"€ 18,99",Brazil,4.22,Spartacus Brewing,15%,Stout - Imperial / Double,Can 440ml,"€ 43,16 per litre"
Ansbacher Festbier,"€ 4,99",England,3.65,Anspach & Hobday,5.8%,Festbier,Can 440ml,"€ 11,34 per litre"
Baubas,"€ 4,80",Netherlands,3.98,Kaapse Brouwers,13%,Porter - Baltic,330ml,"€ 14,55 per litre"
Belvedère Bock 2024,"€ 3,60",Netherlands,3.63,De Gekroonde Merlet,8.1%,Bock - Single / Traditional,330ml,"€ 10,91 per litre"
Kakushi-Happuri,"€ 9,00",Netherlands,4.30,Goede Kant van het Spoor,12%,Stout - Russian Imperial,330ml,"€ 27,27 per litre"
The Global Screw Extravaganza,"€ 10,95",Greece,4.29,P.i.g.s. Brewery,13%,Stout - Imperial / Double Pastry,330ml,"€ 33,18 per litre"
Communion,"€ 7,49",Greece,3.94,P.i.g.s. Brewery,6.8%,IPA - New England / Hazy,Can 440ml,"€ 17,02 per litre"
Anticosmic Overload,"€ 6,49",Greece,3.76,P.i.g.s. Brewery,5.6%,Pale Ale - American,Can 440ml,"€ 14,75 per litre"
Harvest Time,"€ 6,90",Netherlands,4.12,Folkingebrew,10%,IPA - Triple New England / Hazy,Can 440ml,"€ 15,68 per litre"
Val-Dieu Noël,"€ 2,65",Belgium,3.55,Brasserie de l'Abbaye du Val-Dieu,7%,Winter Warmer,330ml,"€ 8,03 per litre"
I Didn't Ask For A Monster,"€ 8,40",England,4.05,Staggeringly Good,6.8%,Sour - Smoothie / Pastry,Can 440ml,"€ 19,09 per litre"
Utilise The Void,"€ 7,10",England,3.99,Left Handed Giant Brewing,6.5%,IPA - New England / Hazy,Can 440ml,"€ 16,14 per litre"
Fear Of The Unknown,"€ 7,70",England,3.98,Left Handed Giant Brewing,6.9%,Stout - Pastry,Can 440ml,"€ 17,50 per litre"
Twin Cities: Nectaron & Simcoe,"€ 6,20",England,3.92,Left Handed Giant Brewing,5.2%,Gluten-Free,Can 440ml,"€ 14,09 per litre"
Tropical Stout,"€ 4,40",England,3.87,The Kernel Brewery,5.9%,Stout - Other,Bottle 330ml,"€ 13,33 per litre"
PteRedactAle,"€ 5,70",England,3.83,Staggeringly Good,5%,Red Ale - American Amber / Red,Can 440ml,"€ 12,95 per litre"
Half Brick,"€ 3,70",England,3.74,The Kernel Brewery,4.4%,Rye Beer,Bottle 330ml,"€ 11,21 per litre"
Left Handed Giant / Utopian - Views Of The Moon,"€ 5,30",England,3.71,Left Handed Giant Brewing,5%,Lager - Dark,Can 440ml,"€ 12,05 per litre"
Very Big Moose Two Year Bourbon Edition,"€ 6,75",Scotland,3.89,Fierce Beer,12.5%,Stout - Imperial / Double,330ml,"€ 20,45 per litre"
Paragon (2023) By Rackhouse,"€ 19,99",Norway,4.38,LERVIG,13%,Barleywine - English,Bottle 375ml,"€ 53,31 per litre"
Fire Lily,"€ 19,99",United States,4.17,Tree House Brewing Company,7.4%,IPA - Imperial / Double New England / Hazy,Can 470ml,"€ 42,53 per litre"
Very Big Moose (2024) - Rye Barrel Aged,"€ 7,30",Scotland,4.05,Fierce Beer,12.5%,Stout - Russian Imperial,330ml,"€ 22,12 per litre"
Embla (2024),"€ 19,90",Norway,4.04,Salikatt Bryggeri,9.5%,Bock - Doppelbock,Bottle 375ml,"€ 53,07 per litre"
New England Christmas (2024),"€ 6,90",Norway,3.98,Salikatt Bryggeri,7%,IPA - New England / Hazy,Can 440ml,"€ 15,68 per litre"
Juleglød (2024),"€ 7,70",Norway,3.92,Salikatt Bryggeri,10%,Belgian Quadrupel,Can 440ml,"€ 17,50 per litre"
Very Big Moose (2024) - Maple & Hazelnut Edition,"€ 7,30",Scotland,3.92,Fierce Beer,12.5%,Stout - Imperial / Double,330ml,"€ 22,12 per litre"
Timeless (2024),"€ 14,90",Norway,3.92,Salikatt Bryggeri,8.9%,Lager - Dark,Can 440ml,"€ 33,86 per litre"
Re-decapitated IPA,"€ 5,70",Sweden,3.91,Apex Brewing Company,6.5%,IPA - New England / Hazy,Can 440ml,"€ 12,95 per litre"
Very Big Moose (2024) - Two Year Bourbon Edition,"€ 7,30",Scotland,3.89,Fierce Beer,12.5%,Stout - Imperial / Double,330ml,"€ 22,12 per litre"
Christmas On Fire (2024),"€ 6,70",Norway,3.83,Salikatt Bryggeri,7%,IPA - Other,Can 440ml,"€ 15,23 per litre"
Dark Fifty Fifty,"€ 6,80",Poland,3.91,Magic Road,8%,Stout - Imperial / Double,Can 440ml,"€ 15,45 per litre"
Addicted To You,"€ 3,80",Poland,3.77,Magic Road,4.5%,IPA - Session,Can 500ml,"€ 7,60 per litre"
Pretty Cherries,"€ 4,20",Poland,3.71,Magic Road,5.5%,Sour - Smoothie / Pastry,Can 500ml,"€ 8,40 per litre"
Alembikowe,"€ 3,20",Poland,3.43,Magic Road,4.4%,Pilsner - Other,Can 500ml,"€ 6,40 per litre"
God of Souls (Theogony Project),"€ 9,90",Greece,4.17,Seven Island Brewery,11%,Stout - Imperial / Double Coffee,Can 440ml,"€ 22,50 per litre"
Marzipan Steamroller,"€ 8,10",Netherlands,4.08,Moersleutel Craft Brewery,11%,Stout - Pastry,Can 440ml,"€ 18,41 per litre"
Dragon Slayer,"€ 7,50",Greece,4.07,Seven Island Brewery,8%,IPA - Imperial / Double New England / Hazy,Can 440ml,"€ 17,05 per litre"
Wyrm Reaper,"€ 7,50",Greece,4.06,Seven Island Brewery,8%,IPA - Imperial / Double New England / Hazy,Can 440ml,"€ 17,05 per litre"
Firestrata,"€ 7,80",Romania,4.05,Hop Hooligans,8%,IPA - Imperial / Double New England / Hazy,500ml,"€ 15,60 per litre"
Crawling Distance V2,"€ 8,40",Romania,4.03,Hop Hooligans,8%,IPA - Imperial / Double New England / Hazy,500ml,"€ 16,80 per litre"
God of Oceans (Theogony Project),"€ 9,80",Greece,4.03,Seven Island Brewery,11%,Stout - Imperial / Double Pastry,Can 440ml,"€ 22,27 per litre"
CYCT: Nozzles,"€ 8,40",Netherlands,3.97,Moersleutel Craft Brewery,9%,IPA - Triple New England / Hazy,Can 440ml,"€ 19,09 per litre"
Empire of Light,"€ 6,70",Romania,3.95,Hop Hooligans,6%,IPA - Imperial / Double New England / Hazy,500ml,"€ 13,40 per litre"
Horns,"€ 10,90",Romania,3.95,Hop Hooligans,11%,Stout - Imperial / Double,500ml,"€ 21,80 per litre"
The Other Side of the World,"€ 6,70",Romania,3.91,Hop Hooligans,6%,IPA - New England / Hazy,500ml,"€ 13,40 per litre"
Pastry Train Canelé,"€ 4,40",Netherlands,3.90,Brouwerij Kees,13.1%,Stout - Imperial / Double Pastry,330ml,"€ 13,33 per litre"
Triple Trails,"€ 5,10",Netherlands,3.86,Brouwerij Kees,9.5%,IPA - Triple,Can 440ml,"€ 11,59 per litre"
Hop Harvest (Fresh Hop),"€ 3,50",Netherlands,3.72,vandeStreek bier,7%,IPA - New England / Hazy,330ml,"€ 10,61 per litre"
Fruit Blizzard,"€ 6,10",Netherlands,3.71,Moersleutel Craft Brewery,5.5%,IPA - New England / Hazy,Can 440ml,"€ 13,86 per litre"
CYCT: Velocity,"€ 6,10",Netherlands,3.69,Moersleutel Craft Brewery,6.5%,IPA - New England / Hazy,Can 440ml,"€ 13,86 per litre"
Bramble On,"€ 6,40",Spanje,3.69,Basqueland Brewing collab/ Ārpus Brewing Co.,5.7%,Sour - Fruited,Can 440ml,"€ 14,55 per litre"
Don Quichot,"€ 4,80",Nederland,3.69,Brouwerij Kees collab Menno Olivier Brewing,14%,Barleywine,330ml,"€ 14,55 per litre"
Bourbon County Brand Stout 2023,"€ 36,00",United States,4.51,Goose Island Beer Co.,13.2%,Stout - Imperial / Double,330ml,"€ 14,55 per litre"
Kadodo,"€ 9,95",Netherlands,3.56,Bird Brewery,8%,Belgian Tripel,Bottle 750ml,"€ 13,27 per litre"
Kerstmus,"€ 9,95",Netherlands,3.54,Bird Brewery,8.5%,Belgian Tripel,Bottle 750ml,"€ 13,27 per litre"
Bourbon County Brand Bananas Foster Stout 2023,"€ 63,50",United States,4.23,Goose Island Beer Co.,13.9%,Stout - Imperial / Double Pastry,500ml,"€ 127,00 per litre"
Bourbon County Brand Backyard Stout,"€ 63,50",United States,4.15,Goose Island Beer Co.,12.9%,Stout - Imperial / Double,500ml,"€ 127,00 per litre"
Sancti Adalberti Rum Infused Tripel,"€ 10,95",Netherlands,3.54,Brouwerij Egmond,7.5%,Belgian Tripel,Bottle 750ml,"€ 14,60 per litre"
Bush De Nuits,"€ 27,99",Belgium,3.94,Brasserie Dubuisson,13%,Belgian Strong Dark Ale,Bottle 750ml,"€ 37,32 per litre"
Brut Sur Lie,"€ 11,99",Belgium,3.56,Dame Jeanne,8.5%,Bière de Champagne / Bière Brut,Bottle 750ml,"€ 37,32 per litre"
Daim,"€ 4,00",Belgium,3.61,La Source Beer Co.,8%,Belgian Tripel,330ml,"€ 12,12 per litre"
XX Bitter,"€ 3,50",Belgium,3.47,Brouwerij De Ranke,6%,IPA - Belgian,330ml,"€ 10,61 per litre"
Decadence (Bourbon BA Stout),"€ 8,90",Belgium,4.08,La Source Beer Co.,15%,Stout - Imperial / Double,330ml,"€ 26,97 per litre"
La Facture D'Electricité,"€ 8,30",Belgium,3.91,Misery Beer Co.,10.5%,IPA - Quadruple,Can 440ml,"€ 18,86 per litre"
Bisutoro,"€ 8,50",Belgium,3.88,Misery Beer Co.,6.5%,Sour - Fruited,Can 440ml,"€ 19,32 per litre"
Salem IPA,"€ 7,90",Belgium,3.88,Misery Beer Co.,6%,IPA - American,Can 440ml,"€ 17,95 per litre"
Italian Pilsner,"€ 6,50",Belgium,3.82,Misery Beer Co.,5%,Pilsner - Italian,Can 440ml,"€ 14,77 per litre"
Pondinchéry,"€ 7,90",Belgium,3.78,Misery Beer Co.,8.3%,IPA - New England / Hazy,Can 440ml,"€ 17,95 per litre"
Carpe,"€ 4,30",Belgium,3.69,La Source Beer Co.,4.7%,IPA - Session,330ml,"€ 13,03 per litre"
Harzbury,"€ 6,80",Belgium,3.68,Misery Beer Co.,5.5%,Pale Ale - American,Can 440ml,"€ 15,45 per litre"
Black & Lekker,"€ 4,80",Belgium,3.60,Dok Brewing Company,6.5%,IPA - Black / Cascadian Dark Ale,330ml,"€ 14,55 per litre"
Belegd Bruud (Blech Brut collab),"€ 4,40",Belgium,3.39,Dok Brewing Company,4.1%,Farmhouse Ale - Saison,330ml,"€ 13,33 per litre"
NPC,"€ 9,29",Spain,4.19,SOMA Beer,8%,IPA - Imperial / Double New England / Hazy,Can 440ml,"€ 21,11 per litre"
Haze From The Crypt: Hell Champion,"€ 6,79",Germany,4.02,Sudden Death Brewing Co.,6.8%,IPA - New England / Hazy,Can 440ml,"€ 15,43 per litre"
Giesinger Untergiesinger Erhellung 330ml,"€ 1,99",Germany,3.58,Giesinger Bräu,5.3%,Kellerbier / Zwickelbier,500ml,"€ 3,98 per litre"
Crew Republic Iron Maiden Trooper,"€ 2,19",Germany,3.58,CREW Republic,5.3%,Kellerbier / Zwickelbier,500ml,"€ 4,38 per litre"
"Lervig 3 Bean Stout With Tonka, Cocoa & Vanilla Beans","€ 5,89",Norway,4.09,LERVIG/ Way Beer,12%,Stout - Imperial / Double,330ml,"€ 17,85 per litre"
Störtebeker Herbstfestbier,"€ 2,19",Germany,3.51,Störtebeker Braumanufaktur,5.8%,Festbier,500ml,"€ 4,38 per litre"
Lervig Spezial Pilsner,"€ 3,75",Norway,3.47,LERVIG,4.7%,Pilsner - Other,500ml,"€ 7,50 per litre"
"Orca Brau Anders! Modern IPA Nelson Sauvin, Cashmere & Mosaic","€ 4,89",Germany,3.89,orca brau,6.8%,IPA - American,330ml,"€ 14,82 per litre"
Hazy Hopfnung NEIPA,"€ 4,39",Germany,3.74,Landgang Brauerei,5.6%,IPA - New England / Hazy,330ml,"€ 13,30 per litre"
Orca Brau Whats Your Name? Pumpkin Spiced Latte Smoothie Imperial IPA,"€ 4,89",Germany,3.69,orca brau,8.5%,Pumpkin / Yam Beer,330ml,"€ 14,82 per litre"
Helles,"€ 2,33",Germany,3.35,Landgang Brauerei,4.9%,Lager - Helles,330ml,"€ 7,06 per litre"
Cabron Mexican Lager,"€ 2,29",Germany,3.04,Landgang Brauerei,4.7%,Lager - Mexican,330ml,"€ 6,94 per litre"
A London Porter,"€ 4,70",England,4.06,The Kernel Brewery,5.3%,Porter - English,Bottle 500ml,"€ 9,40 per litre"
Tropical Stout,"€ 4,20",England,3.87,The Kernel Brewery,5.9%,Stout - Other,Bottle 330ml,"€ 12,73 per litre"
Woerdens Quad (batch#1),"€ 3,70",Netherlands,3.65,Bierloods22,10.5%,Belgian Quadrupel,330ml,"€ 11,21 per litre"
Westvleteren 8,"€ 13,95",Belgium,4.18,Brouwerij De Sint-Sixtusabdij van Westvleteren,8%,Belgian Dubbel,330ml,"€ 42,27 per litre"
Westvleteren Blond,"€ 13,75",Belgium,4.01,Brouwerij De Sint-Sixtusabdij van Westvleteren,5.8%,Belgian Blonde,330ml,"€ 41,67 per litre"
Free Cloudy,"€ 3,45",Poland,3.48,Funky Fluid,0.5%,Non-Alcoholic - IPA,500ml,"€ 6,90 per litre"
Double Delivery,"€ 3,50",Poland,3.80,Browar PINTA,8%,IPA - Imperial / Double New England / Hazy,Bottle 500ml,"€ 7,00 per litre"
Pełen Luz,"€ 2,70",Poland,3.60,Browar Za Miastem,6.5%,IPA - Black / Cascadian Dark Ale,Bottle 500ml,"€ 5,40 per litre"
Letnia Przygoda,"€ 2,60",Poland,3.60,Browar Za Miastem,4%,IPA - Session,Bottle 500ml,"€ 5,20 per litre"
Dobrze Jest,"€ 2,70",Poland,3.56,Browar Za Miastem,5.6%,IPA - White / Wheat,Bottle 500ml,"€ 5,40 per litre"
Fest Lagerbier,"€ 2,70",Poland,3.53,WRCLW,5.8%,Festbier,Bottle 500ml,"€ 5,40 per litre"
Mini Maxi Tropicale,"€ 3,00",Poland,3.46,Browar PINTA,0.5%,Non-Alcoholic - Sour,Bottle 500ml,"€ 6,00 per litre"
Długi Weekend,"€ 2,30",Poland,3.33,Browar Za Miastem,5%,Pilsner - German,Bottle 500ml,"€ 4,60 per litre"
Weihnachts-Pilsener,"€ 1,70",Denmark,2.99,Carlsberg Group,4.9%,Pilsner - Other,568ml,"€ 2,99 per litre"
Piraat Special Reserve Rum,"€ 11,95",Belgium,3.63,Brouwerij Van Steenberge,10.5%,Belgian Strong Golden Ale,Bottle 750ml,"€ 15,93 per litre"
Sharpest Knife In The Drawer,"€ 8,40",Greece,4.43,P.i.g.s. Brewery,6%,Sour - Smoothie / Pastry,500ml,"€ 16,80 per litre"
Gelato Sourpuss: Redbeard's Revenge,"€ 8,50",Romania,4.30,Hop Hooligans,6%,Sour - Smoothie / Pastry,500ml,"€ 17,00 per litre"
Tiny Barrel Project Candy Man Scotch,"€ 9,99",Hungary,4.27,Mad Scientist,11.5%,Stout - Imperial / Double,330ml,"€ 30,27 per litre"
Vatgerijpt #14 I Spy Double Rye Tawny Port,"€ 7,75",Netherlands,4.16,Muifelbrouwerij,10%,Bock - Doppelbock,330ml,"€ 23,48 per litre"
Blades Of Steel 2,"€ 6,80",Germany,4.11,Sudden Death Brewing Co.,6.5%,IPA - New England / Hazy,Can 440ml,"€ 15,45 per litre"
Marzipan Steamroller,"€ 6,75",Netherlands,4.08,Moersleutel Craft Brewery,11%,Stout - Pastry,Can 440ml,"€ 15,34 per litre"
Beans & Biscuits,"€ 4,50",Estonia,4.06,Pühaste Brewery,9%,Stout - Imperial / Double Pastry,330ml,"€ 13,64 per litre"
Spectrum Shift,"€ 5,25",Estonia,4.05,Pühaste Brewery,10%,IPA - Triple New England / Hazy,330ml,"€ 15,91 per litre"
CYCT: Nozzles,"€ 6,95",Netherlands,3.97,Moersleutel Craft Brewery,9%,IPA - Triple New England / Hazy,Can 440ml,"€ 15,80 per litre"
Crystal Death 2024,"€ 6,80",Germany,3.97,Sudden Death Brewing Co.,6.5%,IPA - New England / Hazy,Can 440ml,"€ 15,45 per litre"
Blood Magick,"€ 8,15",Scotland,3.95,Holy Goat Brewing,8%,Sour - Flanders Red Ale,Bottle 375ml,"€ 21,73 per litre"
Wairua,"€ 4,80",Estonia,3.91,Pühaste Brewery,8%,IPA - Imperial / Double New England / Hazy,330ml,"€ 14,55 per litre"
Fruit Blizzard,"€ 4,99",Netherlands,3.71,Moersleutel Craft Brewery,5.5%,IPA - New England / Hazy,Can 440ml,"€ 11,34 per litre"
CYCT: Velocity,"€ 4,99",Netherlands,3.69,Moersleutel Craft Brewery,6.5%,IPA - New England / Hazy,Can 440ml,"€ 11,34 per litre"
Grape Expectations,"€ 6,15",Romania,3.62,Hop Hooligans,5%,Farmhouse Ale - Saison,500ml,"€ 12,30 per litre"
Aggouraphobia,"€ 6,50",Romania,3.52,Hop Hooligans,5%,Sour - Other Gose,500ml,"€ 13,00 per litre"
Mermaid Margarita,"€ 6,40",Romania,3.49,Hop Hooligans,5%,Sour - Other,500ml,"€ 12,80 per litre"
Velvet Banshee,"€ 12,00",England,3.98,Neon Raptor Brewing Co.,10%,Sour - Smoothie / Pastry,Can 440ml,"€ 27,27 per litre"
Room 101,"€ 5,10",Sweden,3.62,Brewski,6.7%,IPA - American,330ml,"€ 15,45 per litre"
ŽiWell Jedenástka,"€ 4,22",Slovakia,3.21,Piešťanský pivovar ŽiWELL,4.3%,Lager - Pale,Bottle 750ml,"€ 5,63 per litre"
Strawberry,"€ 2,46",Belgium,3.80,Brouwerij Lindemans,3.5%,Lambic - Fruit,Bottle 250ml,"€ 9,84 per litre"
Cassis,"€ 2,42",Belgium,3.63,Brouwerij Lindemans,3.5%,Lambic - Fruit,Bottle 250ml,"€ 9,68 per litre"
Apple,"€ 1,86",Belgium,3.49,Brouwerij Lindemans,3.5%,Lambic - Fruit,Bottle 250ml,"€ 7,44 per litre"
Mini Maxi Limoncello,"€ 3,00",Poland,3.99,Browar PINTA,0.5%,Non-Alcoholic - Sour,Bottle 500ml,"€ 6,00 per litre"
Psze Koźlak,"€ 3,20",Poland,3.51,Browar PINTA,6.7%,Bock - Weizenbock,Can 500ml,"€ 6,40 per litre"
Czas Wolny,"€ 2,40",Poland,?,Browar Za Miastem,6%,Rauchbier,Bottle 500ml,"€ 4,80 per litre"
Lervig No Worries Fyr! Yuzu,"€ 2,90",Norway,3.17,LERVIG,0.5%,Non-Alcoholic - IPA,330ml,"€ 8,79 per litre"
Coco Loco,"€ 10,30",Norway,3.83,Salikatt Bryggeri,8%,IPA - Imperial / Double New England / Hazy,Can 440ml,"€ 23,41 per litre"
From the Tranquil Depths (Adroit Theory Collab),"€ 6,80",Sweden,3.82,Ten Hands Brewing,12.2%,Barleywine - American,Can 440ml,"€ 23,41 per litre"
Alien Attack,"€ 5,10",Sweden,3.67,Ten Hands Brewing,6.5%,Sour - Fruited,330ml,"€ 15,45 per litre"
Chouffe La,"€ 5,95",Belgium,3.82,Brasserie d'Achouffe,8%,Belgian Strong Golden Ale,Bottle 750ml,"€ 7,93 per litre"
Ice Breaker,"€ 2,60",Netherlands,3.47,Stadshaven Brouwerij,8.5%,Winter Ale,330ml,"€ 7,88 per litre"
Hazy Discovery Tokyo,"€ 5,50",Poland,3.89,Browar PINTA,6%,IPA - New England / Hazy,500ml,"€ 11,00 per litre"
Hazy Discovery Bratislava,"€ 5,50",Poland,3.88,Browar PINTA,6%,IPA - New England / Hazy,500ml,"€ 11,00 per litre"
Cuvée Clarisse Wild Weasel Whisky Infused,"€ 3,95",Belgium,3.75,Brouwerij Wilderen,10.2%,Belgian Strong Dark Ale,330ml,"€ 11,97 per litre"
SchuppenBoer Grand Cru,"€ 3,50",Belgium,3.67,Brouwerij Het Nest,10%,Belgian Tripel,330ml,"€ 10,61 per litre"
Gardiaan Blond,"€ 2,95",Belgium,3.45,Brouwerij Het Nest,5.8%,Belgian Blonde,330ml,"€ 8,94 per litre"
Zeeuws Blond,"€ 2,95",Netherlands,3.45,Dutch Bargain,6.7%,Blonde / Golden Ale - Other,330ml,"€ 8,94 per litre"
Pokerface,"€ 3,25",Belgium,3.37,Brouwerij Het Nest,5.5%,Wheat Beer - Witbier / Blanche,330ml,"€ 9,85 per litre"
Warm Shade,"€ 5,40",England,3.73,Floc.,4%,Pale Ale - New England / Hazy,Can 440ml,"€ 12,27 per litre"
Philsamic,"€ 25,49",United States,3.84,Two Roads Brewing Company,6.5%,Wild Ale - American,Bottle 750ml,"€ 33,99 per litre"
Val-Dieu Noël,"€ 6,95",Belgium,3.55,Brasserie de l'Abbaye du Val-Dieu,7%,Winter Warmer,Bottle 750ml,"€ 9,27 per litre"
Futurum Grape Ale - Pecorino,"€ 5,55",Netherlands,3.43,Brouwerij De Toekomst,7%,Grape Ale - Other,Bottle 750ml,"€ 9,27 per litre"
Goudale Noël,"€ 6,95",France,3.37,Brasserie Goudale - Les Brasseurs de Gayant,7.2%,Winter Ale,Bottle 750ml,"€ 9,27 per litre"
Spices Delight,"€ 3,70",Netherlands,2.62,Brouwerij De Klep,5.8%,Blonde / Golden Ale - Other,330ml,"€ 11,21 per litre"
Rotkäppchen,"€ 6,60",England,3.96,Saint Mars Of The Desert,5%,Lager - Rotbier,Can 440ml,"€ 15,00 per litre"
Radial Lines,"€ 6,50",England,3.88,Burnt Mill Brewery,4.6%,Pale Ale - New England / Hazy,Can 440ml,"€ 14,77 per litre"
Magic Spiral,"€ 6,30",England,3.70,Floc.,5.2%,Pale Ale - New England / Hazy,Can 440ml,"€ 14,32 per litre"
Hunka Hunka,"€ 9,40",United States,3.95,Blaze Brewing Co.,9%,Stout - Imperial / Double Milk,473ml,"€ 19,87 per litre"
Field Of Dreams,"€ 7,70",Norway,3.81,Amundsen Brewery,6.5%,IPA - New England / Hazy,Can 440ml,"€ 17,50 per litre"
Curiosité 11/2023,"€ 15,99",Netherlands,4.23,Bronckhorster Brewing Company,13%,Belgian Quadrupel,500ml,"€ 31,98 per litre"
Esto Perpetua,"€ 5,40",Czech Republic,3.94,Vinohradský pivovar,5.9%,IPA - New England / Hazy,500ml,"€ 10,80 per litre"
YES!,"€ 5,20",Czech Republic,3.72,Vinohradský pivovar,4.2%,IPA - New England / Hazy,500ml,"€ 10,40 per litre"
Svatováclavská 13,"€ 4,70",Czech Republic,3.70,Vinohradský pivovar,4.5%,Pilsner - Czech / Bohemian,500ml,"€ 9,40 per litre"
Western Approaches,"€ 5,20",Czech Republic,3.58,Vinohradský pivovar,5.1%,Lager - IPL (India Pale Lager),500ml,"€ 10,40 per litre"
Vinohradská 12,"€ 3,90",Czech Republic,3.58,Vinohradský pivovar,4.8%,Pilsner - Czech / Bohemian,500ml,"€ 7,80 per litre"
Vinohradská 11,"€ 3,90",Czech Republic,3.53,Vinohradský pivovar,4.5%,Pilsner - Czech / Bohemian,500ml,"€ 7,80 per litre"
Saucery,"€ 2,90",England,3.50,Magic Rock Brewing,3.9%,Gluten-Free,330ml,"€ 8,79 per litre"
Schlenkerla Helles,"€ 4,30",Germany,3.48,"Schlenkerla (""Heller-Bräu"" Trum)",4.3%,Lager - Helles,500ml,"€ 8,60 per litre"
Inno all'Autonno,"€ 21,59",Italy,4.31,Brasseria Della Fonte,13.2%,Belgian Quadrupel,500ml,"€ 43,18 per litre"
Coco-Nilla Wondernight,"€ 26,97",Italy,4.22,Brasseria Della Fonte,12.2%,Stout - Imperial / Double Pastry,500ml,"€ 53,94 per litre"
India Double Porter Mosaic Columbus,"€ 4,60",England,4.00,The Kernel Brewery,7.5%,Porter - Imperial / Double,Bottle 330ml,"€ 13,94 per litre"
Export Stout London 1890,"€ 4,20",England,3.95,The Kernel Brewery,7.2%,Stout - Foreign / Export,Bottle 330ml,"€ 12,73 per litre"
Pale Ale Summit,"€ 4,70",England,3.81,The Kernel Brewery,5.5%,Pale Ale - American,Bottle 500ml,"€ 9,40 per litre"
Pale Ale Rakau,"€ 4,70",England,3.72,The Kernel Brewery,5.8%,Pale Ale - American,Bottle 500ml,"€ 9,40 per litre"
Bierglas - (bokaal) Paix Dieu,"€ 15,00",Belgium,3.77,Brasserie Caulier,10%,Belgian Tripel,Bottle 250ml,"€ 60,00 per litre"
Cannonball,"€ 2,79",England,3.74,Magic Rock Brewing,7.4%,IPA - American,Bottle 250ml,"€ 60,00 per litre"
Tripel Hop Citra,"€ 3,10",Belgium,3.68,Duvel Moortgat,9.5%,IPA - Belgian,Bottle 250ml,"€ 60,00 per litre"
Hefe Weizen,"€ 2,00",Germany,3.67,Paulaner Brauerei,5.5%,Wheat Beer - Hefeweizen,500ml,"€ 4,00 per litre"
Achel Tripel,"€ 2,80",Belgium,3.67,Brouwerij der Sint-Benedictusabdij De Achelse Kluis,8%,Belgian Tripel,330ml,"€ 8,48 per litre"
High Wire,"€ 2,20",England,3.65,Magic Rock Brewing,5.5%,Pale Ale - American,330ml,"€ 6,67 per litre"
DDH Stacks On Stacks,"€ 11,99",United States,4.31,Other Half Brewing Co.,8.5%,IPA - Imperial / Double New England / Hazy,473ml,"€ 25,35 per litre"
DDH Cabbage,"€ 11,99",United States,4.28,Other Half Brewing Co.,7.9%,IPA - Imperial / Double New England / Hazy,473ml,"€ 25,35 per litre"
Blades Of Steel 2,"€ 6,79",Germany,4.11,Sudden Death Brewing Co.,6.5%,IPA - New England / Hazy,Can 440ml,"€ 15,43 per litre"
Zichovec 12 Years Of Happiness 17,"€ 7,89",Czech Republic,4.06,Rodinný Pivovar Zichovec,7%,IPA - New England / Hazy,500ml,"€ 15,78 per litre"
Zichovec Nectar Of Happiness 17,"€ 7,29",Czech Republic,4.00,Rodinný Pivovar Zichovec,7%,IPA - New England / Hazy,500ml,"€ 14,58 per litre"
Bräuweisse,"€ 2,29",Germany,3.72,Ayinger Privatbrauerei,5.1%,Wheat Beer - Hefeweizen,500ml,"€ 4,58 per litre"
Mac Ivors Plum & Ginger Cider,"€ 4,99",Northern Ireland,3.61,Mac Ivors Cider Company,4%,Cider - Herbed / Spiced / Hopped,500ml,"€ 9,98 per litre"
Lervig Naughty & Nice,"€ 4,69",Norway,3.58,LERVIG,8%,Bock - Doppelbock,330ml,"€ 14,21 per litre"
Mahrs Bräu Pils,"€ 2,29",Germany,3.48,Mahr's Bräu,4.9%,Pilsner - German,500ml,"€ 4,58 per litre"
Oude Geuze,"€ 3,29",Belgium,3.37,Brouwerij Boon,7%,Lambic - Gueuze,Bottle 250ml,"€ 13,16 per litre"
The Garden Milkshake IPA,"€ 3,25",Croatia,3.77,The Garden Brewery,6.2%,IPA - Milkshake,330ml,"€ 9,85 per litre"
Met Jan Naar De Maan,"€ 4,25",Netherlands,3.75,Brouwerij Eleven,11%,Stout - Imperial / Double,330ml,"€ 12,88 per litre"
Tripel Kanunnik,"€ 3,50",Belgium,3.67,Brouwerij Wilderen,8.2%,Belgian Tripel,330ml,"€ 10,61 per litre"
t Mirakel De Vondst Tripel,"€ 3,50",Netherlands,3.60,'t Mirakel,8.4%,Belgian Tripel,330ml,"€ 10,61 per litre"
Andreas,"€ 2,95",Netherlands,3.59,Brouwerij Frontaal,8.5%,Belgian Tripel,330ml,"€ 8,94 per litre"
Kwak Blonde,"€ 3,50",Belgium,3.55,Brouwerij Bosteels,7.4%,Blonde / Golden Ale - Other,330ml,"€ 10,61 per litre"
Groot Geschapen,"€ 3,75",Netherlands,3.47,Brouwerij Het Platte Harnas,7%,Belgian Blonde,Bottle 330ml,"€ 11,36 per litre"
Dubbel,"€ 3,75",Netherlands,3.34,Brouwerij De Drie Ringen,6.5%,Belgian Dubbel,330ml,"€ 11,36 per litre"
vandeStreek Playground Non Alcoholic IPA Blik,"€ 2,75",Netherlands,3.33,vandeStreek bier,0.5%,Non-Alcoholic - IPA,330ml,"€ 8,33 per litre"
Designated Dryver,"€ 2,95",Netherlands,3.15,Dutch Bargain,0.3%,Non-Alcoholic - Other,330ml,"€ 8,94 per litre"
Geuze Mariage Parfait,"€ 4,50",Belgium,3.79,Brouwerij Boon,8%,Lambic - Gueuze,Bottle 375ml,"€ 12,00 per litre"
Fourchette,"€ 7,95",Belgium,3.68,Brouwerij Van Steenberge,7.5%,Belgian Tripel,Bottle 750ml,"€ 10,60 per litre"
Duchesse de Bourgogne,"€ 1,95",Belgium,3.66,Brouwerij Verhaeghe,6.2%,Sour - Flanders Red Ale,Bottle 250ml,"€ 7,80 per litre"
St. Barbara Salvatoris,"€ 2,55",Belgium,3.58,Brouwerij Kompel,8.5%,Belgian Strong Golden Ale,330ml,"€ 7,73 per litre"
Kriek,"€ 1,60",Belgium,3.57,Brouwerij Lindemans,3.5%,Lambic - Kriek,Bottle 250ml,"€ 6,40 per litre"
Grimbergen Blond,"€ 1,70",Belgium,3.49,Brouwerij Alken-Maes,6.7%,Belgian Blonde,330ml,"€ 5,15 per litre"
Gueuze,"€ 1,45",Belgium,3.41,Brouwerij Lindemans,5%,Lambic - Gueuze,Bottle 250ml,"€ 5,80 per litre"
Barrel Aged Double Vanilla Scoop Shake,"€ 37,49",Amerika,,3 Sons Brewing Co.  collab/ Mikkeller,14.9%,Stout,500ml,"€ 74,98 per litre"
Szilvás Gombóc Double Cinnamon Edition,"€ 5,50",Hungary,3.84,Mad Scientist,10%,Sour - Smoothie / Pastry,330ml,"€ 16,67 per litre"
Futurum Barrel Aged Imperial Stout Bourbon,"€ 7,15",United States,4.55,Charles Towne Fermentory,10%,Stout - Imperial / Double,330ml,"€ 16,67 per litre"
Sancti Adalberti Tripel,"€ 2,90",Netherlands,3.54,Brouwerij Egmond,7.5%,Belgian Tripel,330ml,"€ 8,79 per litre"
Van Sas Zwaar Brood,"€ 4,10",Netherlands,?,Familiebrouwerij Van Sas,9.3%,Belgian Strong Dark Ale,330ml,"€ 8,79 per litre"
Shellicious,"€ 6,29",France,3.98,La Superbe,6.2%,IPA - New England / Hazy,Can 440ml,"€ 14,30 per litre"
Selfless State,"€ 5,99",Romania,3.91,Metanoia Brewing,5.8%,IPA - New England / Hazy,Can 440ml,"€ 13,61 per litre"
Nibbled To Death By Ducks,"€ 4,99",Netherlands,3.67,Klere Boght,6%,Farmhouse Ale - Saison,330ml,"€ 15,12 per litre"
Ugar Brewery Trailer 023,"€ 5,10",Hungary,3.74,UGAR Brewery,4.8%,IPA - Session,330ml,"€ 15,45 per litre"
Ugar Brewery Gray Matter,"€ 3,70",Hungary,3.72,UGAR Brewery,7.2%,IPA - Other,Can 330ml,"€ 11,21 per litre"
Ugar Brewery Tiborg Deluxe ESCOBAR,"€ 3,60",Hungary,3.61,UGAR Brewery,7.8%,Stout - Coffee,330ml,"€ 10,91 per litre"
Poldermolenaar #08,"€ 4,10",Netherlands,3.93,Bierbrouwerij De Magistraat,10%,Belgian Quadrupel,330ml,"€ 10,91 per litre"
L'Ensemble Double Barrel-Aged,"€ 8,15",Belgium,3.93,Brouwerij De Dochter van de Korenaar,13%,Barleywine - Other,330ml,"€ 24,70 per litre"
Nordic Noir 3,"€ 19,99",Norway,4.30,Nøgne Ø,15%,Strong Ale - Other,330ml,"€ 60,58 per litre"
Baubas Cognac Barrel Aged,"€ 5,40",Netherlands,4.29,Kaapse Brouwers,13%,Porter - Imperial / Double Baltic,330ml,"€ 16,36 per litre"
Nordic Noir 3 Loupiac Barrel Ed,"€ 21,99",Norway,4.20,Nøgne Ø,15%,Strong Ale - Other,330ml,"€ 66,64 per litre"
Nordic Noir 3 Brandy Barrel Ed.,"€ 21,99",Norway,4.19,Nøgne Ø,15%,Strong Ale - Other,330ml,"€ 66,64 per litre"
Lux In Tenebris,"€ 7,90",France,4.17,The Piggy Brewing Company,9.9%,IPA - Triple New England / Hazy,Can 440ml,"€ 17,95 per litre"
Vatgerijpt #14 I Spy Double Rye Tawny Port,"€ 7,70",Netherlands,4.16,Muifelbrouwerij,10%,Bock - Doppelbock,330ml,"€ 23,33 per litre"
Double Impact,"€ 6,80",France,4.06,The Piggy Brewing Company,8%,IPA - Imperial / Double New England / Hazy,Can 440ml,"€ 15,45 per litre"
Triple Gelato: Mango Sticky Rice,"€ 8,10",Poland,4.04,Funky Fluid,7.5%,Sour - Smoothie / Pastry,500ml,"€ 16,20 per litre"
472 Requiem,"€ 6,80",France,4.04,The Piggy Brewing Company,8%,IPA - Imperial / Double New England / Hazy,Can 440ml,"€ 15,45 per litre"
9Club V2,"€ 7,40",France,4.04,The Piggy Brewing Company,9.3%,IPA - Triple New England / Hazy,Can 440ml,"€ 16,82 per litre"
They Went On Forever,"€ 7,80",England,4.03,Verdant Brewing Co,6%,IPA - New England / Hazy,Can 440ml,"€ 17,73 per litre"
There Will Be No Intervals,"€ 6,10",England,3.99,Verdant Brewing Co,4.5%,Pale Ale - New England / Hazy,Can 440ml,"€ 13,86 per litre"
Gelato: Bloody,"€ 6,90",Poland,3.96,Funky Fluid,5.5%,Sour - Smoothie / Pastry,500ml,"€ 13,80 per litre"
Michael (The Juicyville S01E04),"€ 7,50",Poland,3.95,Funky Fluid,8.1%,IPA - Imperial / Double New England / Hazy,500ml,"€ 15,00 per litre"
All Out King,"€ 8,10",Poland,3.91,Funky Fluid,8%,Sour - Smoothie / Pastry,500ml,"€ 16,20 per litre"
Spooky Gelato,"€ 6,90",Poland,3.86,Funky Fluid,5.5%,Sour - Smoothie / Pastry,500ml,"€ 13,80 per litre"
Travail of Seven,"€ 5,60",Netherlands,3.82,Goede Kant van het Spoor,10.3%,Stout - Russian Imperial,330ml,"€ 16,97 per litre"
Porque Te Vas?,"€ 7,10",Poland,3.81,Funky Fluid,6.8%,IPA - Other,500ml,"€ 14,20 per litre"
Gelato: Kompot,"€ 6,90",Poland,3.78,Funky Fluid,5.5%,Sour - Smoothie / Pastry,500ml,"€ 13,80 per litre"
La Dolce Notte,"€ 5,10",Netherlands,3.72,Hooglander Bier,11%,Stout - Imperial / Double Pastry,330ml,"€ 15,45 per litre"
Respect Your Elders,"€ 6,00",Sweden,3.67,Shapes & Objects Beer Co,7.2%,IPA - Imperial / Double,Can 440ml,"€ 13,64 per litre"
Kees x Menno Olivier x Poch's Don Quichot,"€ 4,70",Netherlands,4.07,Brouwerij Kees,14%,Barleywine - Other,330ml,"€ 14,24 per litre"
Pastry Train Canelé,"€ 4,00",Netherlands,3.90,Brouwerij Kees,13.1%,Stout - Imperial / Double Pastry,330ml,"€ 12,12 per litre"
Triple Trails,"€ 4,95",Netherlands,3.86,Brouwerij Kees,9.5%,IPA - Triple,Can 440ml,"€ 11,25 per litre"
Sancti Adalberti Blond,"€ 2,85",Netherlands,3.33,Brouwerij Egmond,5.7%,Blonde / Golden Ale - Other,330ml,"€ 8,64 per litre"
Banana x Mango x Pineapple Smoothie Sour,"€ 6,75",Latvia,4.22,Ārpus Brewing Co.,4.5%,Sour - Smoothie / Pastry,Can 440ml,"€ 15,34 per litre"
Eyes In The Dark 2024,"€ 11,25",Switzerland,3.94,Hoppy People,18%,Stout - Imperial / Double,330ml,"€ 34,09 per litre"
Nordic Noir 3 Loupiac Barrel Ed.,"€ 19,50",Norway,4.20,Nøgne Ø,15%,Strong Ale - Other,330ml,"€ 59,09 per litre"
Nordic Noir 3 Brandy Barrel Ed.,"€ 19,50",Norway,4.19,Nøgne Ø,15%,Strong Ale - Other,330ml,"€ 59,09 per litre"
Gordon Xmas,"€ 3,25",Belgium,3.41,Brewery John Martin & Brewery Timmermans,8.8%,Scotch Ale / Wee Heavy,330ml,"€ 9,85 per litre"
White Label Series 24 - Imperial Quadrupel,"€ 6,80",Netherlands,3.89,Brouwerij Emelisse,9%,Stout - Russian Imperial,330ml,"€ 20,61 per litre"
Emelisse White Label Series 24 -barley Wine,"€ 6,99",Netherlands,3.89,,9%,Stout - Russian Imperial,330ml,"€ 20,61 per litre"
Goudale Noël,"€ 1,95",France,3.37,Brasserie Goudale - Les Brasseurs de Gayant,7.2%,Winter Ale,Bottle 250ml,"€ 7,80 per litre"
White Label Series 24 - Dark Belgian Ale,"€ 6,80",Netherlands,3.92,Brouwerij Emelisse,13.5%,Stout - Russian Imperial,330ml,"€ 20,61 per litre"
St. Bernardus Abt 12,"€ 4,19",Belgium,4.00,Brouwerij St.Bernardus,10%,Belgian Quadrupel,330ml,"€ 12,70 per litre"
Crowd Control,"€ 4,50",Romania,3.88,Hop Hooligans,6%,IPA - New England / Hazy,Can 500ml,"€ 9,00 per litre"
Vlierbloesem 22/23 Assemblage n° 72,"€ 27,81",Belgium,4.25,Brouwerij 3 Fonteinen,6.5%,Lambic - Other,Bottle 750ml,"€ 37,08 per litre"
Öö Imperial Baltic Porter,"€ 6,20",Estonia,3.93,Põhjala,10.5%,Porter - Imperial / Double Baltic,330ml,"€ 18,79 per litre"
Chocolate Porter,"€ 6,60",Estonia,3.84,Põhjala,10%,Porter - Imperial / Double,330ml,"€ 20,00 per litre"
Cosy Nights Vanilla Porter,"€ 6,50",Estonia,3.83,Põhjala,8%,Porter - Other,330ml,"€ 19,70 per litre"
Kuusk IPA,"€ 4,90",Estonia,3.64,Põhjala,6%,IPA - American,330ml,"€ 14,85 per litre"
The Snow King Cold IPA,"€ 4,90",Sweden,3.62,Brewski,6.6%,IPA - Cold,330ml,"€ 14,85 per litre"
Eiszäpfle Märzen,"€ 3,00",Germany,3.47,Badische Staatsbrauerei Rothaus,5.6%,Märzen,330ml,"€ 9,09 per litre"
Gouden Carolus Imperial Dark,"€ 14,90",Belgium,4.05,Brouwerij Het Anker,11%,Belgian Strong Dark Ale,Bottle 750ml,"€ 19,87 per litre"
Buckwheat,"€ 2,90",Belgium,3.13,Mongozo,4.8%,Gluten-Free,330ml,"€ 8,79 per litre"
Banana,"€ 3,50",Belgium,3.05,Mongozo,3.6%,Fruit Beer,330ml,"€ 10,61 per litre"
Mango,"€ 3,50",Belgium,3.05,Mongozo,3.6%,Fruit Beer,330ml,"€ 10,61 per litre"
Premium Pilsener,"€ 2,90",Belgium,2.87,Mongozo,5%,Gluten-Free,330ml,"€ 8,79 per litre"
Last Dayz,"€ 4,30",Poland,3.87,Browarny Craft Beer,7%,Sour - Smoothie / Pastry,Can 500ml,"€ 8,60 per litre"
Ocean Drive,"€ 4,60",Poland,3.85,Browarny Craft Beer,5%,IPA - Session,Can 500ml,"€ 9,20 per litre"
Grime Coffee & Cocoa,"€ 4,20",Poland,3.71,Browarny Craft Beer,6%,Stout - Coffee,Can 500ml,"€ 8,40 per litre"
Session Cold IPA,"€ 2,90",Poland,3.60,ReCraft,5.5%,IPA - Cold,Can 500ml,"€ 5,80 per litre"
Hoppy Pils,"€ 2,60",Poland,3.60,ReCraft,5%,Pilsner - Other,Can 500ml,"€ 5,20 per litre"
Milkołak,"€ 2,90",Poland,3.57,ReCraft,5.2%,Stout - Milk / Sweet,Bottle 500ml,"€ 5,80 per litre"
Juicy Sour Japan Cherry,"€ 3,00",Poland,3.48,ReCraft,4.1%,Sour - Fruited,Can 500ml,"€ 6,00 per litre"
Dzień Dobry,"€ 2,30",Poland,3.36,Browar Za Miastem,0.5%,Non-Alcoholic - Pale Ale,Bottle 500ml,"€ 4,60 per litre"
Juicy Sour Graviola x Gruszka,"€ 3,10",Poland,3.33,ReCraft,4.2%,Sour - Fruited,Can 500ml,"€ 6,20 per litre"
Tamariki,"€ 4,20",Poland,3.86,Browarny Craft Beer,5%,IPA - Cold,Can 500ml,"€ 8,40 per litre"
Totoa,"€ 3,80",Poland,3.81,Browarny Craft Beer,6%,IPA - Black / Cascadian Dark Ale,Can 500ml,"€ 7,60 per litre"
Tardif de Bourgogne Sprau White IPA,"€ 3,30",Poland,3.79,ReCraft,5.5%,IPA - White / Wheat,Can 500ml,"€ 6,60 per litre"
Smoko,"€ 4,60",Poland,3.72,Browarny Craft Beer,7.5%,IPA - Imperial / Double New England / Hazy,Can 500ml,"€ 9,20 per litre"
NoHo,"€ 3,80",Poland,3.71,Browarny Craft Beer,5%,Pilsner - New Zealand,Can 500ml,"€ 7,60 per litre"
Petit Blanc Sprau White IPA,"€ 3,30",Poland,3.64,ReCraft,5.5%,IPA - White / Wheat,Can 500ml,"€ 6,60 per litre"
Sezonowe Zbiory W Rajchu,"€ 3,90",Poland,3.50,ReCraft,3.5%,Sour - Fruited Berliner Weisse,Can 500ml,"€ 7,80 per litre"
Grand Cru,"€ 2,35",Belgium,3.65,Brouwerij Rodenbach,6%,Sour - Flanders Red Ale,330ml,"€ 7,12 per litre"
Bush Caractère,"€ 3,00",Belgium,3.62,Brasserie Dubuisson,12%,Belgian Strong Golden Ale,330ml,"€ 9,09 per litre"
Gardiaan Blond,"€ 2,30",Belgium,3.45,Brouwerij Het Nest,5.8%,Belgian Blonde,330ml,"€ 6,97 per litre"
Blanche de Namur,"€ 3,95",Belgium,3.40,Brasserie du Bocq,4.5%,Wheat Beer - Witbier / Blanche,Bottle 750ml,"€ 5,27 per litre"
Fuerst Wiacek Exploding Rainbows IPA ( 24),"€ 6,49",Germany,3.88,FUERST WIACEK,7%,IPA - American,Can 440ml,"€ 14,75 per litre"
N'ice Chouffe belgisches Winterbier,"€ 3,99",Belgium,3.66,Brasserie d'Achouffe,10%,Winter Ale,330ml,"€ 12,09 per litre"
"Fuerst Wiacek Acid House Bluebeery, Raspberry & Blackcurrant Fruited Sour","€ 6,49",Germany,4.00,FUERST WIACEK,5%,Sour - Fruited,Can 440ml,"€ 14,75 per litre"
Augustiner Dunkel,"€ 2,39",Germany,3.60,Augustiner-Bräu München,5.6%,Lager - Munich Dunkel,500ml,"€ 4,78 per litre"
Tucher Bajuvator Dunkler Doppelbock,"€ 2,19",Germany,3.57,Tucher Bräu,7.5%,Bock - Doppelbock,500ml,"€ 4,38 per litre"
Landskron Winterhopfen Festbier,"€ 2,39",Germany,3.24,Landskron Brauerei Görlitz,5.3%,Festbier,500ml,"€ 4,78 per litre"
Feldschlößchen Dunkle Winterpflaume,"€ 2,29",Germany,2.97,Feldschlösschen Dresden,5.6%,Bock - Single / Traditional,500ml,"€ 4,58 per litre"
Rhub Elle,"€ 15,00",Belgium,3.94,Lambiek Fabriek,5%,Lambic - Other,Bottle 750ml,"€ 20,00 per litre"
Pale & Wild Caram Elle,"€ 12,00",Belgium,3.86,Lambiek Fabriek,9%,Lambic - Gueuze,Bottle 750ml,"€ 16,00 per litre"
Implosion,"€ 4,00",Denmark,3.19,To Øl,0.3%,Non-Alcoholic - IPA,330ml,"€ 12,12 per litre"
Fony's,"€ 3,80",Belgium,3.14,Eentjevanthuis - Pony's Beer,0.3%,Non-Alcoholic - Other,330ml,"€ 11,52 per litre"
Trappist Westvleteren 12,"€ 5,99",Belgium,4.48,Brouwerij De Sint-Sixtusabdij van Westvleteren,10.2%,Belgian Quadrupel,330ml,"€ 11,52 per litre"
Trappist Westvleteren 8,"€ 5,49",Belgium,4.18,Brouwerij De Sint-Sixtusabdij van Westvleteren,8%,Belgian Dubbel,330ml,"€ 16,64 per litre"
Trappist Westvleteren Blond,"€ 4,99",Belgium,4.01,Brouwerij De Sint-Sixtusabdij van Westvleteren,5.8%,Belgian Blonde,330ml,"€ 15,12 per litre"
Logical Progression,"€ 20,40",England,3.84,Cloudwater Brew Co.,5%,Pale Ale - New England / Hazy,4-pack,"Total price: € 20,40"
Logical Progression,"€ 5,40",England,3.84,Cloudwater Brew Co.,5%,Pale Ale - New England / Hazy,Can 440ml,"€ 12,27 per litre"
Daydream in Green CROWLER,"€ 15,90",United States,4.38,Other Half Brewing Co.,8.1%,IPA - Imperial / Double New England / Hazy,500ml,"€ 31,80 per litre"
Apocrypha Vanilla Nutmeg Cognac BA (2024) CROWLER,"€ 18,00",Romania,4.34,Hop Hooligans,15.5%,Stout - Imperial / Double,500ml,"€ 36,00 per litre"
Techno Tomboy CROWLER,"€ 11,40",United States,4.07,Outer Range Brewing Co.,7.2%,IPA - New England / Hazy,500ml,"€ 22,80 per litre"
Fuzzy Van Trip CROWLER,"€ 11,50",Germany,4.00,Sudden Death Brewing Co.,6.3%,IPA - New England / Hazy,500ml,"€ 23,00 per litre"
Liquid Refreshment CROWLER,"€ 8,90",Germany,3.75,FrauGruber Brewing,4.9%,Kellerbier / Zwickelbier,500ml,"€ 17,80 per litre"
Excellence Rhum Oak Barrel Aged (2024),"€ 27,99",Belgium,4.00,Brasserie de l'Abbaye du Val-Dieu,14%,Belgian Strong Dark Ale,500ml,"€ 17,80 per litre"
Naima,"€ 5,69",Italy,3.99,CRAK Brewery,6.2%,IPA - New England / Hazy,330ml,"€ 17,24 per litre"
Plain Of The Po,"€ 5,99",Italy,3.86,CRAK Brewery,5.2%,IPA - New England / Hazy,330ml,"€ 18,15 per litre"
Tenuta Bembo x CRAK,"€ 5,79",Italy,3.64,CRAK Brewery,5%,Sour - Fruited Gose,330ml,"€ 17,55 per litre"
Special Export,"€ 6,50",Ireland,3.51,Guinness,8%,Stout - Foreign / Export,330ml,"€ 19,70 per litre"
Coco Loco (Marlobobo collab),"€ 10,30",Norway,3.83,Salikatt Bryggeri,8%,IPA - Imperial / Double New England / Hazy,Can 440ml,"€ 23,41 per litre"
Field Of Dreams,"€ 7,70",Norway,3.81,Amundsen Brewery,6.5%,IPA - New England / Hazy,Can 440ml,"€ 17,50 per litre"
Breugem Smakkerd,"€ 3,30",Netherlands,3.51,Breugem Bier,8.1%,Stout - Other,330ml,"€ 10,00 per litre"
Radio Smooth,"€ 6,95",France,4.13,Les Intenables - Craft Beer -,8%,IPA - Imperial / Double,Can 440ml,"€ 15,80 per litre"
Walhalla Nisaba,"€ 3,35",Netherlands,3.53,Walhalla Brouwerij & Proeflokaal,6.5%,IPA - American,330ml,"€ 10,15 per litre"
Kinetic,"€ 3,70",Poland,3.72,Browar Kingpin,8.6%,IPA - Imperial / Double,Can 500ml,"€ 7,40 per litre"
Pastel,"€ 3,40",Poland,3.65,Browar Kingpin,4.9%,IPA - New England / Hazy,Can 500ml,"€ 6,80 per litre"
Porter Bałtycki,"€ 3,30",Poland,3.65,Browar Kingpin,7.5%,Porter - Baltic,Bottle 500ml,"€ 6,60 per litre"
Mandarin,"€ 3,40",Poland,3.60,Browar Kingpin,7.3%,IPA - American,Bottle 500ml,"€ 6,80 per litre"
Free Yellow,"€ 2,90",Poland,3.59,Browar Kingpin,0.5%,Non-Alcoholic - Other,Can 500ml,"€ 5,80 per litre"
Snowball,"€ 8,70",Scotland,4.04,Vault City Brewing,6.4%,Sour - Smoothie / Pastry,Can 440ml,"€ 19,77 per litre"
Last Christmas,"€ 5,70",Scotland,4.01,Vault City Brewing,4.1%,Sour - Fruited,Can 440ml,"€ 12,95 per litre"
Chocolate Strawberry Dutch Pancakes,"€ 7,80",Scotland,3.97,Vault City Brewing,5.3%,Sour - Smoothie / Pastry,Can 440ml,"€ 17,73 per litre"
Alexander,"€ 4,80",Belgium,3.95,Brouwerij Rodenbach,6%,Sour - Flanders Red Ale,Bottle 330ml,"€ 14,55 per litre"
Mulled Apple Sour,"€ 5,70",Scotland,3.86,Vault City Brewing,5%,Sour - Fruited,Can 440ml,"€ 12,95 per litre"
Can you fly bobby?,"€ 19,20",England,?,Terra Tempo Brewing,7%,Sour - Other,Bottle 750ml,"€ 25,60 per litre"
Exotic Froots,"€ 19,20",England,?,Terra Tempo Brewing,5%,Sour - Fruited,Bottle 750ml,"€ 25,60 per litre"
Magic Sunset,"€ 19,20",England,?,Terra Tempo Brewing,5%,Sour - Fruited,Bottle 750ml,"€ 25,60 per litre"
Ultramarine,"€ 19,20",England,?,Terra Tempo Brewing,5%,Sour - Other,Bottle 750ml,"€ 25,60 per litre"
Gaffel Kolsch,"€ 4,50",Germany,3.35,Privatbrauerei Gaffel Becker,4.8%,Kölsch,500ml,"€ 9,00 per litre"
Big Parade,"€ 10,30",England,4.25,Beak Brewery,8%,IPA - Imperial / Double New England / Hazy,Can 440ml,"€ 23,41 per litre"
Causal Continuum,"€ 9,20",United States,4.07,Resident Culture Brewing Co.,7%,IPA - New England / Hazy,473ml,"€ 19,45 per litre"
Triple d'Anvers,"€ 3,49",Belgium,3.64,Brouwerij De Koninck,8%,Belgian Tripel,473ml,"€ 19,45 per litre"
Agnus Tripel,"€ 3,39",Belgium,3.63,Brouwerij Corsendonk,7.5%,Belgian Tripel,473ml,"€ 19,45 per litre"
Pineapple x Apricot x Vanilla Smoothie Sour Ale,"€ 7,70",Latvia,4.19,Ārpus Brewing Co.,5%,Sour - Smoothie / Pastry,Can 440ml,"€ 17,50 per litre"
Petit Café,"€ 5,25",Netherlands,3.81,Dutch Bargain,11.7%,Stout - Imperial / Double Coffee,330ml,"€ 15,91 per litre"
Gringo Agua Fresca,"€ 3,70",Poland,3.46,ReCraft,4.9%,Sour - Fruited Gose,500ml,"€ 7,40 per litre"
Stacks On Stacks DIPA,"€ 11,70",United States,4.31,Other Half Brewing Co.,8.5%,IPA - Imperial / Double New England / Hazy,473ml,"€ 24,74 per litre"
TDH Motueka x Peacharine IPA,"€ 8,40",Latvia,3.88,Ārpus Brewing Co.,6.5%,IPA - New England / Hazy,Can 440ml,"€ 19,09 per litre"
Lervig Supersonic,"€ 7,99",Norway,4.05,LERVIG,8.5%,IPA - Imperial / Double,Can 500ml,"€ 15,98 per litre"
Brewdog Punk IPA Dose,"€ 3,39",United States,3.69,Desert Edge Brewery,7.4%,IPA - Triple New England / Hazy,Can 440ml,"€ 7,70 per litre"
Kehrwieder Dominica,"€ 3,29",Germany,3.65,Kehrwieder Kreativbrauerei,4.7%,Pale Ale - New England / Hazy,330ml,"€ 9,97 per litre"
Tilmans Pilsner,"€ 2,99",Germany,3.59,Tilmans Biere,4.7%,Pilsner - Czech / Bohemian,330ml,"€ 9,06 per litre"
Mahrs Bräu aU,"€ 2,29",Germany,3.58,Mahr's Bräu,5.2%,Kellerbier / Zwickelbier,500ml,"€ 4,58 per litre"
Prenzlauer 0 Raspberry Sour,"€ 4,49",Estonia,3.17,Põhjala,0.5%,Non-Alcoholic - Sour,330ml,"€ 13,61 per litre"
Cidre Naturel,"€ 18,49",Germany,4.13,Treichler Wilde Weine,6%,Cider - Traditional / Apfelwein,Bottle 750ml,"€ 24,65 per litre"
FxF,"€ 25,99",United States,3.68,Alvarium Beer Company,12.5%,Lager - Mexican,Bottle 750ml,"€ 34,65 per litre"
Gaia,"€ 29,99",Netherlands,3.57,Oedipus Brewing,13%,IPA - American,Bottle 750ml,"€ 39,99 per litre"
BiSiWï,"€ 23,99",Italy,?,Cask Irpinia Barrel,6.5%,Sour - Other,Bottle 750ml,"€ 31,99 per litre"
Paski,"€ 27,99",Faroe Islands,?,Okkara,12%,Lager - Vienna,Bottle 750ml,"€ 37,32 per litre"
Cloudy Lemonade,"€ 6,32",Scotland,3.78,Vault City Brewing,4.2%,Sour - Fruited,330ml,"€ 19,15 per litre"
Kellerbier,"€ 2,59",Germany,3.45,Spaten-Franziskaner-Löwenbräu-Gruppe,5.2%,Kellerbier / Zwickelbier,500ml,"€ 5,18 per litre"
Trail Pass Golden,"€ 4,57",United States,3.37,Sierra Nevada Brewing Co.,0.5%,Non-Alcoholic - Other,355ml,"€ 12,87 per litre"
Quart Peche,"€ 4,29",France,3.94,Brasserie La Malpolon,4.5%,Wheat Beer - Fruited,330ml,"€ 13,00 per litre"
Vieille Groseille,"€ 6,79",France,3.93,Brasserie La Malpolon,10%,Old / Stock Ale,330ml,"€ 20,58 per litre"
Secateur,"€ 11,79",France,3.88,Brasserie La Malpolon,7.8%,Grape Ale - Other,Bottle 750ml,"€ 15,72 per litre"
Secateur,"€ 5,99",France,3.88,Brasserie La Malpolon,7.8%,Grape Ale - Other,330ml,"€ 18,15 per litre"
Petite Musique De Suie,"€ 3,79",France,3.73,Brasserie La Malpolon,5.8%,Rauchbier,330ml,"€ 11,48 per litre"
Garde Fou,"€ 3,79",France,3.63,Brasserie La Malpolon,7.3%,Farmhouse Ale - Bière de Garde,330ml,"€ 11,48 per litre"
Nova Saison,"€ 3,79",France,3.62,Brasserie La Malpolon,5.2%,Farmhouse Ale - Saison,330ml,"€ 11,48 per litre"
Blé Fenouil,"€ 3,79",France,3.56,Brasserie La Malpolon,4.5%,Wheat Beer - Witbier / Blanche,330ml,"€ 11,48 per litre"
Kuchlbauer Aloysius,"€ 3,10",Germany,3.56,Weissbierbrauer Kuchlbauer,7.2%,Bock - Weizenbock,500ml,"€ 6,20 per litre"
Zillertal Gauder Bock,"€ 3,85",Austria,3.40,Zillertal Bier,7.8%,Bock - Hell / Maibock / Lentebock,500ml,"€ 6,20 per litre"
Gueuze,"€ 19,31",Belgium,4.02,Brasserie Cantillon,5.5%,Lambic - Gueuze,Bottle 750ml,"€ 25,75 per litre"
Bearley Fine,"€ 5,49",Sweden,3.92,Stigbergets Bryggeri,12%,Barleywine - American,330ml,"€ 16,64 per litre"
Freddy - Bloodlust West Coast Ipa,"€ 4,15",Hungary,3.53,Mad Scientist,6.66%,IPA - Fruited,330ml,"€ 12,58 per litre"
Adore,"€ 3,60",Poland,3.69,Browar Kingpin,6.3%,IPA - New England / Hazy,Can 500ml,"€ 7,20 per litre"
DDH The All Seeing Eye DIPA,"€ 11,80",United States,4.34,Long Live Beerworks,8.4%,IPA - Imperial / Double New England / Hazy,473ml,"€ 24,95 per litre"
Paragon 2023 By Rackhouse,"€ 18,99",Norway,4.38,LERVIG,13%,Barleywine - English,Bottle 375ml,"€ 50,64 per litre"
Off the Rack Paragon 2023 By Rackhouse,"€ 32,99",Norway,4.38,LERVIG,13.5%,Barleywine - Other,Bottle 750ml,"€ 43,99 per litre"
Juleglød 2024,"€ 6,99",Norway,3.92,Salikatt Bryggeri,10%,Belgian Quadrupel,Can 440ml,"€ 15,89 per litre"
Timeless 2024,"€ 13,99",Norway,3.92,Salikatt Bryggeri,8.9%,Lager - Dark,Can 440ml,"€ 31,80 per litre"
Cherry Red Risalamande,"€ 7,00",Hungary,4.16,Mad Scientist,5.1%,Sour - Smoothie / Pastry,Can 440ml,"€ 15,91 per litre"
Ghostface,"€ 4,80",Poland,4.05,Funky Fluid,9.1%,IPA - Triple New England / Hazy,Can 500ml,"€ 9,60 per litre"
Gelato Bloody,"€ 4,30",Poland,3.96,Funky Fluid,5.5%,Sour - Smoothie / Pastry,Can 500ml,"€ 8,60 per litre"
Freddy,"€ 4,40",Poland,3.96,Funky Fluid,8.1%,IPA - Imperial / Double New England / Hazy,Can 500ml,"€ 8,80 per litre"
Gelato Spooky,"€ 4,30",Poland,3.86,Funky Fluid,5.5%,Sour - Smoothie / Pastry,Can 500ml,"€ 8,60 per litre"
Bianca Non-Alcoholic Pineapple Sour,"€ 6,99",Sweden,3.84,Omnipollo,0.3%,Non-Alcoholic - Sour,330ml,"€ 21,18 per litre"
Limbo Raspberry Vanilla,"€ 4,69",Denmark,3.78,Mikkeller,0.3%,Non-Alcoholic - Sour,330ml,"€ 14,21 per litre"
WOO,"€ 4,39",Austria,3.48,Brauhaus Bevog,0.3%,Non-Alcoholic - IPA,330ml,"€ 13,30 per litre"
Funky Falcon Non Alcoholic,"€ 3,69",Netherlands,3.24,Two Chefs Brewing,0.2%,Non-Alcoholic - Pale Ale,330ml,"€ 11,18 per litre"
Lervig No Worries,"€ 2,99",Norway,3.19,LERVIG,0.5%,Non-Alcoholic - IPA,Can 330ml,"€ 9,06 per litre"
Holy Faith,"€ 3,49",England,3.07,Northern Monk,0.5%,Non-Alcoholic - Pale Ale,330ml,"€ 10,58 per litre"
New England Christmas,"€ 6,49",Norway,4.09,Salikatt Bryggeri,7%,IPA - Imperial / Double New England / Hazy,330ml,"€ 10,58 per litre"
Christmas on Fire 2024,"€ 5,99",Norway,3.83,Salikatt Bryggeri,7%,IPA - Other,Can 440ml,"€ 13,61 per litre"
Tucher Nürnberger Christkindlesmarkt Bier,"€ 2,39",Germany,3.18,Tucher Bräu,5.7%,Lager - Winter,500ml,"€ 4,78 per litre"
Pohjala Must Kuld Porter,"€ 3,45",Estonia,3.76,Põhjala,7.8%,Porter - Other,500ml,"€ 4,78 per litre"
Celebrator,"€ 2,20",Germany,3.76,Ayinger Privatbrauerei,6.7%,Bock - Doppelbock,330ml,"€ 6,67 per litre"
Bräuweisse,"€ 2,50",Germany,3.72,Ayinger Privatbrauerei,5.1%,Wheat Beer - Hefeweizen,500ml,"€ 5,00 per litre"
Altbairisch Dunkel,"€ 2,50",Germany,3.70,Ayinger Privatbrauerei,5%,Lager - Munich Dunkel,500ml,"€ 5,00 per litre"
Winterbock,"€ 2,50",Germany,3.55,Ayinger Privatbrauerei,6.7%,Bock - Doppelbock,500ml,"€ 5,00 per litre"
Eichhorn - Winterfestbier,"€ 2,90",Germany,3.44,Braumanufaktur Hertl,5.7%,Festbier,500ml,"€ 5,80 per litre"
White,"€ 9,50",United States,3.75,Allagash Brewing Company,5.2%,Wheat Beer - Witbier / Blanche,500ml,"€ 5,80 per litre"
Noa Pecan Mud Cake Stout,"€ 8,95",Sweden,4.19,Omnipollo,11%,Stout - Imperial / Double Pastry,330ml,"€ 27,12 per litre"
I Love Hops #12,"€ 7,95",Switzerland,4.07,Hoppy People,8%,IPA - Imperial / Double New England / Hazy,Can 440ml,"€ 18,07 per litre"
Maze Whole Cone Pale Ale,"€ 8,75",Sweden,3.54,Omnipollo,5.6%,Pale Ale - American,Can 440ml,"€ 19,89 per litre"
LLANGREU CALLING,"€ 6,95",Spain,3.97,Caleya,7.6%,IPA - Imperial / Double,Can 440ml,"€ 15,80 per litre"
texas terror brew,"€ 7,50",France,3.91,Game Over Brewing Co.,10%,IPA - Triple New England / Hazy,Can 440ml,"€ 17,05 per litre"
Re-animator,"€ 6,25",Spain,3.90,Caleya,7%,IPA - American,Can 440ml,"€ 14,20 per litre"
Eliphas,"€ 9,95",Sweden,3.76,Omnipollo,8.1%,IPA - Imperial / Double New England / Hazy,Can 440ml,"€ 22,61 per litre"
Christmas Shake,"€ 9,50",Sweden,3.69,Omnipollo,7.5%,IPA - Imperial / Double Milkshake,Can 440ml,"€ 21,59 per litre"
Dr. Juice,"€ 6,45",United States,3.90,Parish Brewing Co.,6%,IPA - New England / Hazy,Can 440ml,"€ 21,59 per litre"
It's all Gravy (2024),"€ 9,70",United States,4.13,Wren House Brewing Company,8.3%,IPA - Imperial / Double New England / Hazy,Can 440ml,"€ 21,59 per litre"
CHONK Raspberry & White Chocolate,"€ 11,50",United States,4.41,Drekker Brewing Company,6.2%,Sour - Smoothie / Pastry,Can 440ml,"€ 21,59 per litre"
Bistro Raspberry Crumble,"€ 10,80",United States,4.25,Energy City Brewing,6.5%,Sour - Fruited Berliner Weisse,Can 440ml,"€ 21,59 per litre"
Bistro Grande Blueberry & Strawberry Pancakes,"€ 10,80",United States,4.22,Energy City Brewing,8%,Sour - Fruited Berliner Weisse,473ml,"€ 22,83 per litre"
Hot Mexicake… from the darkside,"€ 5,99",Netherlands,3.94,Rolo1977 Beers,9%,Stout - Pastry,473ml,"€ 22,83 per litre"
Off the Rack Paragon 2023 By Rackhouse,"€ 29,75",Norway,4.38,LERVIG,13.5%,Barleywine - Other,Bottle 750ml,"€ 39,67 per litre"
Barrika Series /// MAPLE BOURBON B.A. Imperial Stout,"€ 8,95",France,4.38,La Superbe,10%,Stout - Imperial / Double,330ml,"€ 27,12 per litre"
Smoothiesh: What's A Vampire Bat's Favorite Type of Fruit?,"€ 8,95",Croatia,4.28,Pulfer Brewery,5.5%,Sour - Smoothie / Pastry,500ml,"€ 17,90 per litre"
Smoothiesh: A Neck-tarine!,"€ 8,95",Croatia,4.27,Pulfer Brewery,5.5%,Sour - Smoothie / Pastry,500ml,"€ 17,90 per litre"
Ritual #1: Opening Ceremony (Woordford Reserve BA),"€ 7,95",Netherlands,4.15,Nemeton Brewing,10.8%,Barleywine - Other,330ml,"€ 24,09 per litre"
HEAVEN CRASHERS,"€ 7,00",Romania,4.10,Ignat Brewery (Bere Noah),7%,IPA - New England / Hazy,Can 440ml,"€ 15,91 per litre"
Othala,"€ 28,75",Netherlands,3.97,Nemeton Brewing,12%,Mead - Melomel,500ml,"€ 57,50 per litre"
Selfless State,"€ 6,95",Romania,3.91,Metanoia Brewing,5.8%,IPA - New England / Hazy,Can 440ml,"€ 15,80 per litre"
Apple Fanadle,"€ 24,75",Netherlands,4.28,Nemeton Brewing,10%,Mead - Melomel,500ml,"€ 49,50 per litre"
Hive Mind,"€ 4,90",Belgium,3.95,Norm Brewing,7%,IPA - New Zealand,Can 440ml,"€ 11,14 per litre"
Oude Geuze Coigneau - Limited Edition,"€ 12,73",Belgium,3.88,Brouwerij Boon,8.7%,Lambic - Gueuze,Bottle 750ml,"€ 16,97 per litre"
Mexican Cake Imperial Stout 2015 Bourbon BA,"€ 62,99",United States,4.52,Westbrook Brewing Co.,10.5%,Stout - Imperial / Double,Bottle 650ml,"€ 96,91 per litre"
Mexican Cake Imperial Stout 2016 Red Wine Barrel,"€ 67,49",United States,4.44,Westbrook Brewing Co.,10.5%,Stout - Imperial / Double,Bottle 650ml,"€ 103,83 per litre"
6th Anniversary 2016 Bourbon BA,"€ 44,99",United States,4.37,Westbrook Brewing Co.,10%,Stout - Imperial / Double,Bottle 650ml,"€ 69,22 per litre"
6th Anniversary 2016 Cabernet Barrel Aged,"€ 44,99",United States,4.24,Westbrook Brewing Co.,10%,Stout - Imperial / Double,Bottle 650ml,"€ 69,22 per litre"
5th Anniversary 2015 Bourbon Barrel Aged,"€ 44,99",United States,4.23,Westbrook Brewing Co.,10%,Stout - Imperial / Double,Bottle 650ml,"€ 69,22 per litre"
Siberian Black Magic Panther RUM BA VINTAGE 2016,"€ 49,49",United States,4.08,Westbrook Brewing Co.,12%,Stout - Imperial / Double,Bottle 650ml,"€ 76,14 per litre"
The Ascension X Beak X Verdant,"€ 8,00",England,4.17,Northern Monk,8%,IPA - Imperial / Double New England / Hazy,Can 440ml,"€ 18,18 per litre"
Nightmare of Brew York 2024,"€ 6,30",England,4.02,Brew York,8.5%,Stout - Imperial / Double Milk,Can 440ml,"€ 14,32 per litre"
Big Haze X Tate,"€ 6,80",England,3.98,Drop Project,7%,IPA - Imperial / Double New England / Hazy,Can 440ml,"€ 15,45 per litre"
Crystallography,"€ 8,30",England,3.93,Cloudwater Brew Co.,8%,IPA - Imperial / Double,Can 440ml,"€ 18,86 per litre"
DARK & WILD 2024,"€ 8,00",England,3.77,Northern Monk,8.4%,Stout - Milk / Sweet,Can 440ml,"€ 18,18 per litre"
Fairytale of Brew York 2024,"€ 4,40",England,3.61,Brew York,4.9%,Stout - Milk / Sweet,Can 440ml,"€ 10,00 per litre"
Chill B-Day,"€ 10,50",United States,4.29,The Veil Brewing Co.,8%,IPA - Imperial / Double New England / Hazy,473ml,"€ 22,20 per litre"
Triple Blood Dimmed Tide 2024,"€ 11,75",Canada,4.25,Third Moon Brewing Company,10.5%,IPA - Triple New England / Hazy,473ml,"€ 24,84 per litre"
Bulletproof,"€ 7,50",Norway,4.24,Salikatt Bryggeri,10%,IPA - Triple New England / Hazy,Can 440ml,"€ 17,05 per litre"
Who The F*** Is Ronnie,"€ 11,25",Canada,4.22,Willibald Farm Brewery,11.3%,IPA - Quadruple,473ml,"€ 23,78 per litre"
Aetheria Cognac BA,"€ 10,00",Estonia,4.20,Pühaste Brewery,13.9%,Stout - Imperial / Double,330ml,"€ 30,30 per litre"
Liquid Reboot,"€ 4,95",Norway,3.96,LERVIG,7.7%,IPA - Imperial / Double New England / Hazy,330ml,"€ 15,00 per litre"
Trapped In Amber (Rye Wine),"€ 6,30",Netherlands,3.94,Van Moll,10.5%,Rye Wine,330ml,"€ 19,09 per litre"
Shadows Are Everlasting,"€ 2,75",Netherlands,3.86,Klere Boght,11.5%,Stout - Imperial / Double,330ml,"€ 8,33 per litre"
Daddy Cool,"€ 3,95",Netherlands,3.56,Brouwerij Frontaal,8.5%,Belgian Tripel,330ml,"€ 11,97 per litre"
Andersons,"€ 3,25",Ireland,3.36,Lough Gill Brewery,4%,Red Ale - Irish,Can 440ml,"€ 7,39 per litre"
Normal Beer,"€ 4,00",Ukraine,3.35,Дідько Brewery,5.3%,Blonde / Golden Ale - Other,Can 440ml,"€ 9,09 per litre"
Mijn Hemel,"€ 3,50",Netherlands,3.54,'t Mirakel,6.6%,Bock - Single / Traditional,330ml,"€ 10,61 per litre"
t Mirakel Lieve Vrouw,"€ 3,50",Netherlands,3.53,'t Mirakel,6.4%,Blonde / Golden Ale - Other,330ml,"€ 10,61 per litre"
West Coast IPA Is Dead X Green Cheek,"€ 7,50",England,3.84,Cloudwater Brew Co.,7.2%,IPA - American,Can 440ml,"€ 17,05 per litre"
Phuture 2,"€ 5,80",England,3.83,Cloudwater Brew Co.,6%,IPA - New England / Hazy,Can 440ml,"€ 13,18 per litre"
Hun (Citra 2024),"€ 9,35",Canada,4.11,Badlands Brewing Company,8%,IPA - Other,473ml,"€ 19,77 per litre"
American IS – Barrel Aged Blend,"€ 8,25",France,4.01,Popihn,13.5%,Stout - Imperial / Double,330ml,"€ 25,00 per litre"
V-BW,"€ 9,95",Romania,4.21,Blackout Brewing,12%,Barleywine - American,330ml,"€ 30,15 per litre"
V-BLEND,"€ 9,95",Romania,4.07,Blackout Brewing,12%,Stout - Imperial / Double Coffee,330ml,"€ 30,15 per litre"
TDH Mosaic x Citra DIPA,"€ 6,10",Latvia,3.97,Ārpus Brewing Co.,8%,IPA - Imperial / Double New England / Hazy,Can 440ml,"€ 13,86 per litre"
Goth Save The Queen,"€ 4,99",Romania,3.79,Clandestin Beer,5.9%,IPA - New England / Hazy,500ml,"€ 9,98 per litre"
Stinky,"€ 4,99",Romania,3.67,Clandestin Beer,5.6%,IPA - American,500ml,"€ 9,98 per litre"
An Lager Waltz,"€ 3,15",Netherlands,3.31,100 Watt Brewery,5%,Lager - Vienna,330ml,"€ 9,55 per litre"
Heimathafen Grünhopfen IPA,"€ 3,89",Germany,3.55,Heimathafen - Erfurter Braumanufaktur,6.5%,IPA - Other,330ml,"€ 11,79 per litre"
Heimathafen Gabi Helles,"€ 2,99",Germany,3.29,Heimathafen - Erfurter Braumanufaktur,4.9%,Lager - Helles,330ml,"€ 9,06 per litre"
Neighbourhood,"€ 20,20",England,4.19,Track Brewing Company,8.2%,IPA - Imperial / Double New England / Hazy,Can 440ml,"€ 45,91 per litre"
Salsa Verde,"€ 7,99",Spain,4.21,Basqueland Brewing,10%,IPA - Triple New England / Hazy,Can 440ml,"€ 18,16 per litre"
God of Souls (Theogony Project),"€ 9,29",Greece,4.17,Seven Island Brewery,11%,Stout - Imperial / Double Coffee,Can 440ml,"€ 21,11 per litre"
BAZOOKO CIRCUS,"€ 7,99",Spain,4.15,Garage Beer Co.,10%,IPA - Triple New England / Hazy,Can 440ml,"€ 18,16 per litre"
God of Oceans (Theogony Project),"€ 8,99",Greece,4.13,Seven Island Brewery,11%,Stout - Imperial / Double Coffee,Can 440ml,"€ 20,43 per litre"
LACERDA,"€ 7,29",Spain,4.12,Garage Beer Co.,8.5%,IPA - Imperial / Double New England / Hazy,Can 440ml,"€ 16,57 per litre"
Txuleton,"€ 7,49",Spain,4.12,Basqueland Brewing,8%,IPA - Imperial / Double,Can 440ml,"€ 17,02 per litre"
MINT 400,"€ 6,79",Spain,4.09,Garage Beer Co.,7.2%,IPA - New England / Hazy,Can 440ml,"€ 15,43 per litre"
Dragon Slayer,"€ 6,99",Greece,4.07,Seven Island Brewery,8%,IPA - Imperial / Double New England / Hazy,Can 440ml,"€ 15,89 per litre"
Wyrm Reaper,"€ 6,99",Greece,4.06,Seven Island Brewery,8%,IPA - Imperial / Double New England / Hazy,Can 440ml,"€ 15,89 per litre"
RAOUL DUKE,"€ 6,49",Spain,3.91,Garage Beer Co.,7.4%,IPA - American,Can 440ml,"€ 14,75 per litre"
Surf & Turf,"€ 5,99",Spain,3.86,Basqueland Brewing,7%,IPA - American,Can 440ml,"€ 13,61 per litre"
ADRENOCHROME,"€ 6,99",Spain,3.84,Garage Beer Co.,7%,Stout - Oatmeal,Can 440ml,"€ 15,89 per litre"
Gingermans Candy Cabin,"€ 7,99",Greece,3.80,Seven Island Brewery,11%,Stout - Imperial / Double Pastry,Can 440ml,"€ 18,16 per litre"
Lucky Saint - Unfiltered Lager,"€ 3,10",Germany,2.92,Lucky Saint,0.5%,Non-Alcoholic - Lager,Can 440ml,"€ 7,05 per litre"
When a Goat Follows His Hero in a Car,"€ 7,50",England,4.19,Pomona Island Brew Co.,8%,IPA - Imperial / Double New England / Hazy,Can 440ml,"€ 17,05 per litre"
Casanova and The Rest is Fly,"€ 6,00",England,4.01,Pomona Island Brew Co.,6.5%,Stout - Pastry,Can 440ml,"€ 13,64 per litre"
The Pleasures of Conformity & the Importance of Trends,"€ 5,20",England,3.87,Pomona Island Brew Co.,5.3%,Pale Ale - English,Can 440ml,"€ 11,82 per litre"
Triple Hyperactive Moon,"€ 6,79",Spain,4.11,Cervesa Espiga,10%,IPA - Triple New England / Hazy,Can 440ml,"€ 15,43 per litre"
Another Trip Around the Sun,"€ 5,79",Spain,3.86,Cervesa Espiga,7%,IPA - American,Can 440ml,"€ 13,16 per litre"
Fairytale of Brew York 2024,"€ 5,29",England,3.61,Brew York,4.9%,Stout - Milk / Sweet,Can 440ml,"€ 12,02 per litre"
Terra Nova,"€ 5,99",Sweden,4.13,Stigbergets Bryggeri,10.9%,IPA - Triple New England / Hazy,330ml,"€ 18,15 per litre"
Dutch Plumber,"€ 7,49",France,4.12,Game Over Brewing Co.,10.5%,Stout - Imperial / Double,Can 440ml,"€ 17,02 per litre"
Big Bourbon Barrel Aged Stout 2021,"€ 9,79",Sweden,4.12,Stigbergets Bryggeri,13.5%,Stout - Imperial / Double,Can 440ml,"€ 22,25 per litre"
Christmas Hot Coco,"€ 8,79",Sweden,4.09,Omnipollo,11%,Stout - Imperial / Double,330ml,"€ 26,64 per litre"
Nightmare of Brew York 2024,"€ 6,99",England,4.02,Brew York,8.5%,Stout - Imperial / Double Milk,Can 440ml,"€ 15,89 per litre"
Creepshow,"€ 6,99",France,4.02,Game Over Brewing Co.,8%,IPA - Imperial / Double,Can 440ml,"€ 15,89 per litre"
Day Zero,"€ 6,99",Sweden,3.96,Stigbergets Bryggeri,12.5%,Stout - Imperial / Double,Can 440ml,"€ 15,89 per litre"
Bearley Fine,"€ 5,49",Sweden,3.92,Stigbergets Bryggeri,12%,Barleywine - American,330ml,"€ 16,64 per litre"
Texas Terror Brew,"€ 7,49",France,3.91,Game Over Brewing Co.,10%,IPA - Triple New England / Hazy,Can 440ml,"€ 17,02 per litre"
Trouble Sleep,"€ 5,49",Sweden,3.79,Stigbergets Bryggeri,12%,Stout - Imperial / Double Coffee,330ml,"€ 16,64 per litre"
Here's Johnny,"€ 6,49",England,3.78,Brew York,5%,Sour - Fruited,Can 440ml,"€ 14,75 per litre"
It's Showtime,"€ 7,49",England,3.78,Brew York,6%,Sour - Fruited,Can 440ml,"€ 17,02 per litre"
Barrel of Dwight Fry,"€ 5,49",Sweden,3.72,Stigbergets Bryggeri,11.5%,Barleywine - English,330ml,"€ 16,64 per litre"
Halloween Night,"€ 6,79",France,3.70,Game Over Brewing Co.,6.5%,IPA - American,Can 440ml,"€ 15,43 per litre"
Christmas Shake IPA,"€ 9,99",Sweden,3.69,Omnipollo,8%,IPA - Imperial / Double Milkshake,Can 440ml,"€ 22,70 per litre"
Always Christmas Porter,"€ 3,79",Sweden,3.47,Stigbergets Bryggeri,5%,Porter - Other,330ml,"€ 11,48 per litre"
Dreams of Brew York 2024,"€ 5,99",England,3.47,Brew York,6.5%,Sour - Fruited,Can 440ml,"€ 13,61 per litre"
Emma's Winter Mild,"€ 5,79",Sweden,3.36,Omnipollo,5.3%,Mild - Dark,330ml,"€ 17,55 per litre"
Only Noodles Michael,"€ 6,79",England,2.75,Brew York,4.5%,Pale Ale - Fruited,Can 440ml,"€ 15,43 per litre"
Eliphas,"€ 10,49",Sweden,3.76,Omnipollo,8.1%,IPA - Imperial / Double New England / Hazy,Can 440ml,"€ 23,84 per litre"
Morever,"€ 8,60",United States,4.05,More Brewing Company,6.5%,IPA - New England / Hazy,473ml,"€ 18,18 per litre"
Saturated in Motueka,"€ 8,40",England,4.19,DEYA Brewing Company,8%,IPA - Imperial / Double New England / Hazy,500ml,"€ 16,80 per litre"
Sacred Sword,"€ 8,30",England,4.16,Left Handed Giant Brewing,8%,IPA - Imperial / Double New England / Hazy,Can 440ml,"€ 18,86 per litre"
Killswitch,"€ 7,20",Wales,4.09,Dark Element Brew Co,7%,IPA - New England / Hazy,Can 440ml,"€ 16,36 per litre"
Maelstrom - Peanut Butter,"€ 7,80",England,4.06,Disruption is Brewing,8.5%,Stout - Foreign / Export,Can 440ml,"€ 17,73 per litre"
Cats & Frogs,"€ 6,30",England,4.03,Left Handed Giant Brewing,6.5%,IPA - New England / Hazy,Can 440ml,"€ 14,32 per litre"
I Wish I Could Fly,"€ 6,60",England,4.02,Sureshot Brewing,6.5%,IPA - New England / Hazy,Can 440ml,"€ 15,00 per litre"
Iechyd Da,"€ 6,60",Wales,4.02,Dark Element Brew Co,6.5%,IPA - New England / Hazy,Can 440ml,"€ 15,00 per litre"
Fear of The Unknown,"€ 6,80",England,3.98,Left Handed Giant Brewing,7.2%,Stout - Pastry,Can 440ml,"€ 15,45 per litre"
Absolutely Electric,"€ 5,90",England,3.98,Sureshot Brewing,5.5%,Pale Ale - New England / Hazy,Can 440ml,"€ 13,41 per litre"
Free Fall,"€ 7,10",England,3.92,Two Flints Brewery,7%,IPA - New Zealand,Can 440ml,"€ 16,14 per litre"
Lost,"€ 5,60",Wales,3.89,Dark Element Brew Co,5.2%,Pale Ale - New England / Hazy,Can 440ml,"€ 12,73 per litre"
DDH Citra,"€ 6,50",England,3.85,Two Flints Brewery,6%,IPA - New England / Hazy,Can 440ml,"€ 14,77 per litre"
Cold Flame,"€ 6,50",England,3.83,Two Flints Brewery,6%,IPA - New England / Hazy,Can 440ml,"€ 14,77 per litre"
OUTPOST 31,"€ 6,60",England,3.83,Disruption is Brewing,5.4%,IPA - New England / Hazy,Can 440ml,"€ 15,00 per litre"
Isolate Your Mind,"€ 6,30",England,3.78,Disruption is Brewing,4.5%,IPA - New England / Hazy,Can 440ml,"€ 14,32 per litre"
Hazy Pale,"€ 4,80",England,3.77,LHG Brewpub,5.5%,Pale Ale - Other,Can 440ml,"€ 10,91 per litre"
Talk To Your Alchemist: Strawberry Trifle,"€ 6,60",England,3.72,Disruption is Brewing,6.3%,Sour - Fruited,Can 440ml,"€ 15,00 per litre"
Stout,"€ 3,70",Netherlands,3.57,Brouwerij Artemis,8.7%,Stout - Oatmeal,330ml,"€ 11,21 per litre"
Proud To Be Blackberrie Stout Glutenvrij,"€ 3,15",Netherlands,3.52,Brouwerij Klein Duimpje,11%,Stout - Russian Imperial,330ml,"€ 9,55 per litre"
Hefe Weizen,"€ 2,60",Germany,3.67,Paulaner Brauerei,5.5%,Wheat Beer - Hefeweizen,500ml,"€ 5,20 per litre"
Pacific Haze,"€ 3,50",Netherlands,3.65,Dutch Bargain,6.5%,IPA - New England / Hazy,330ml,"€ 10,61 per litre"
Lervig House Party,"€ 3,50",Norway,3.51,LERVIG,4%,IPA - Session,330ml,"€ 10,61 per litre"
California IPA,"€ 2,95",United States,3.47,Sierra Nevada Brewing Co.,4.3%,IPA - Session,355ml,"€ 8,31 per litre"
Kaintz Modern Tripel,"€ 3,50",Netherlands,3.46,Brouwerij Poesiat & Kater,8%,Belgian Tripel,330ml,"€ 10,61 per litre"
Saturated In Motueka,"€ 9,90",England,4.19,DEYA Brewing Company,8%,IPA - Imperial / Double New England / Hazy,Can 500ml,"€ 19,80 per litre"
We'll Take It Off The Zombies,"€ 8,90",England,4.02,DEYA Brewing Company,6.5%,IPA - New England / Hazy,Can 500ml,"€ 17,80 per litre"
Steady Rolling Man,"€ 7,30",England,3.94,DEYA Brewing Company,5.2%,Pale Ale - New England / Hazy,Can 500ml,"€ 14,60 per litre"
Magazine Cover,"€ 6,30",England,3.74,DEYA Brewing Company,4.2%,Pale Ale - New England / Hazy,Can 500ml,"€ 12,60 per litre"
Zomerbier,"€ 14,99",United States,3.85,The Alchemist,6%,Farmhouse Ale - Saison,Can 500ml,"€ 12,60 per litre"
Night Shift 2024 - Imperial Pastry Stout Aged In Bourbon Barrels With Hazelnut & Caramel,"€ 10,47",Hungary,4.42,HORIZONT Brewing,11.8%,Stout - Imperial / Double Pastry,330ml,"€ 31,73 per litre"
Birodalmi Bagoly Rhum BA Imperial Baltic Porter 2023,"€ 8,52",Hungary,4.17,Balkezes,12%,Porter - Imperial / Double Baltic,330ml,"€ 25,82 per litre"
Dr. Banghard,"€ 4,76",Hungary,4.04,Reketye Brewing Co.,11%,Porter - Imperial / Double,330ml,"€ 14,42 per litre"
Small Dreams,"€ 4,66",Hungary,4.00,Brew Your Mind,5.5%,IPA - American,Can 440ml,"€ 10,59 per litre"
Night Shift Vintage 2024 - Triticale Wine Aged In Gemenc Whiskey & Tennessee Whiskey Barrels,"€ 10,47",Hungary,3.97,HORIZONT Brewing,10.6%,Specialty Grain,330ml,"€ 31,73 per litre"
I Want To Go Sailing With You,"€ 4,36",Hungary,3.82,Reketye Brewing Co.,5%,Sour - Fruited Gose,Can 440ml,"€ 9,91 per litre"
Zenith Vortex,"€ 4,77",Hungary,3.81,HORIZONT Brewing,7.1%,IPA - Other,Can 440ml,"€ 10,84 per litre"
Selfish Games Black Magic,"€ 4,98",Hungary,3.81,HORIZONT Brewing,5.8%,Stout - Milk / Sweet,Can 440ml,"€ 11,32 per litre"
Almás Rétes,"€ 3,32",Hungary,3.79,Szent András Sörfőzde,4.2%,Spiced / Herbed Beer,330ml,"€ 10,06 per litre"
Kappa 11,"€ 3,74",Hungary,3.79,Szent András Sörfőzde,8%,Pale Ale - Other,330ml,"€ 11,33 per litre"
D8,"€ 3,74",Hungary,3.76,Uradalmi Brewery,8.3%,Porter - Baltic,330ml,"€ 11,33 per litre"
Straight Outta Kraft,"€ 4,98",Hungary,3.75,Csupor Craft Beer,6%,IPA - Other,500ml,"€ 9,96 per litre"
Selfish Games Pink Magic,"€ 4,98",Hungary,3.71,HORIZONT Brewing,5.8%,Stout - Milk / Sweet,Can 440ml,"€ 11,32 per litre"
Behemot 2023,"€ 5,40",Hungary,3.68,Szent András Sörfőzde,8.5%,Porter - Imperial / Double Baltic,330ml,"€ 16,36 per litre"
Misty,"€ 3,74",Hungary,3.66,Fehér Nyúl/ Uradalmi Brewery,6%,IPA - American,330ml,"€ 11,33 per litre"
Pop My Cherry,"€ 4,36",Hungary,3.64,Reketye Brewing Co.,6%,Sour - Fruited Berliner Weisse,Can 440ml,"€ 9,91 per litre"
LAB,"€ 3,00",Hungary,3.63,Reketye Brewing Co.,4.5%,Sour - Other Gose,330ml,"€ 9,09 per litre"
Infinity,"€ 3,64",Hungary,3.57,Uradalmi Brewery,5%,Pale Ale - New England / Hazy,330ml,"€ 11,03 per litre"
Black Rose 2017,"€ 3,64",Hungary,3.57,Szent András Sörfőzde,9%,Bock - Doppelbock,330ml,"€ 11,03 per litre"
Melon Splash,"€ 3,53",Hungary,3.49,HopTails Brewery,5.5%,Sour - Fruited,330ml,"€ 10,70 per litre"
Etalon,"€ 1,98",Hungary,3.43,Szent András Sörfőzde,4.2%,Pilsner - Czech / Bohemian,500ml,"€ 3,96 per litre"
1993,"€ 1,76",Hungary,3.35,Szent András Sörfőzde,4.9%,Lager - Helles,330ml,"€ 5,33 per litre"
Intro,"€ 3,53",Hungary,3.35,Uradalmi Sörmanufaktúra,5.7%,American Pale Ale,330ml,"€ 10,70 per litre"
Rusty,"€ 3,74",Hungary,3.35,Uradalmi Sörmanufaktúra,5.4%,New England IPA,330ml,"€ 11,33 per litre"
DDF Churros,"€ 13,20",Scotland,4.20,Vault City Brewing,15%,Stout - Imperial / Double Pastry,Can 330ml,"€ 40,00 per litre"
Snowball,"€ 9,60",Scotland,4.04,Vault City Brewing,6.4%,Sour - Smoothie / Pastry,Can 440ml,"€ 21,82 per litre"
Last Christmas,"€ 6,30",Scotland,4.01,Vault City Brewing,4.1%,Sour - Fruited,Can 440ml,"€ 14,32 per litre"
Chocolate Strawberry Dutch Pancakes,"€ 9,00",Scotland,3.97,Vault City Brewing,5.3%,Sour - Smoothie / Pastry,Can 440ml,"€ 20,45 per litre"
Mulled Apple Sour,"€ 6,30",Scotland,3.86,Vault City Brewing,5%,Sour - Fruited,Can 440ml,"€ 14,32 per litre"
Dry Stout Citra Cascade,"€ 3,40",England,3.79,The Kernel Brewery,4.4%,Stout - Irish Dry,Bottle 330ml,"€ 10,30 per litre"
Framboise,"€ 4,28",Belgium,3.60,Brouwerij Girardin,5%,Lambic - Framboise,Bottle 375ml,"€ 11,41 per litre"
Oude Geuze,"€ 5,95",Belgium,3.37,Brouwerij Boon,7%,Lambic - Gueuze,Bottle 750ml,"€ 7,93 per litre"
Oude Kriek S21/22 B118,"€ 14,60",Belgium,4.27,Brouwerij 3 Fonteinen,6.8%,Lambic - Kriek,Bottle 375ml,"€ 38,93 per litre"
Oude Kriek S22/23 B92,"€ 14,60",Belgium,4.16,Brouwerij 3 Fonteinen,6.8%,Lambic - Kriek,Bottle 375ml,"€ 38,93 per litre"
First Quijote,"€ 14,60",Hungary,3.99,FIRST Craft Beer,10.5%,Stout - Imperial / Double,Bottle 375ml,"€ 38,93 per litre"
First Dulcinea,"€ 14,60",Hungary,3.93,FIRST Craft Beer,10.5%,Stout - Imperial / Double,Bottle 375ml,"€ 38,93 per litre"
Monyo Mojo Workin'24 Raspberry x Basil,"€ 5,50",Hungary,3.85,MONYO Brewing Co.,4.2%,Sour - Fruited,330ml,"€ 16,67 per litre"
Rettegett Iván,"€ 6,10",Hungary,3.85,Szent András Sörfőzde,10.5%,Stout - Russian Imperial,330ml,"€ 18,48 per litre"
Kriek Mariage Parfait,"€ 16,00",Belgium,3.83,Brouwerij Boon,8%,Lambic - Kriek,Bottle 375ml,"€ 42,67 per litre"
Sörmanufaktúra Intro 2024,"€ 4,30",Hungary,3.63,Uradalmi Brewery,5.7%,Pale Ale - American,330ml,"€ 13,03 per litre"
Piña Colada,"€ 4,30",Hungary,3.63,Félegyházi Sörműhely,5%,Sour - Fruited Gose,330ml,"€ 13,03 per litre"
Stu Mostow WRCLW Pszeniczny,"€ 4,70",Poland,3.49,WRCLW,5%,Wheat Beer - Hefeweizen,500ml,"€ 9,40 per litre"
First Sancho,"€ 14,60",Hungary,?,FIRST Craft Beer,10.5%,Stout - Imperial / Double,Bottle 375ml,"€ 38,93 per litre"
2024 Barrel Aged Peated Barley Wine Oloroso Rum Finish,"€ 9,95",Ireland,4.22,DOT Brew,22%,Barleywine - Other,330ml,"€ 30,15 per litre"
BA Shadows Rum Oloroso Irish Single Malt Whiskey,"€ 8,95",Ireland,4.13,DOT Brew,16%,Barleywine - Other,330ml,"€ 27,12 per litre"
Christmas Hot Coco Imperial Stout,"€ 8,95",Sweden,4.09,Omnipollo,11%,Stout - Imperial / Double,330ml,"€ 27,12 per litre"
Kees / Menno Olivier / Poch Don Quichot,"€ 4,95",Netherlands,4.07,Brouwerij Kees,14%,Barleywine - Other,330ml,"€ 15,00 per litre"
Pastry Train Canele,"€ 4,95",Netherlands,3.90,Brouwerij Kees,13.1%,Stout - Imperial / Double Pastry,330ml,"€ 15,00 per litre"
Triple Trails,"€ 4,50",Netherlands,3.86,Brouwerij Kees,9.5%,IPA - Triple,Can 440ml,"€ 10,23 per litre"
Schneider Weisse TAP 9 Aventinus Eisbock,"€ 4,40",Germany,3.79,Schneider Weisse G. Schneider & Sohn,12%,Bock - Eisbock,330ml,"€ 13,33 per litre"
Rothaus Pils Tannen Zäpfle,"€ 2,30",Germany,3.47,Badische Staatsbrauerei Rothaus,5.1%,Pilsner - German,330ml,"€ 6,97 per litre"
Scheepsbok,"€ 3,75",Netherlands,3.43,Brouwerij Homeland,6.9%,Bock - Single / Traditional,330ml,"€ 11,36 per litre"
Ur-Bock Dunkel,"€ 2,65",Germany,3.27,Einbecker Brauhaus,6.5%,Bock - Single / Traditional,330ml,"€ 8,03 per litre"
Engel Weihnachtsbier,"€ 3,50",Germany,3.24,Biermanufaktur ENGEL,5.5%,Lager - Winter,500ml,"€ 7,00 per litre"
Pop Hop Painted Black,"€ 4,20",Netherlands,3.73,POPHOP,10%,Stout - Imperial / Double,330ml,"€ 12,73 per litre"
Moinette Blond,"€ 5,95",Belgium,3.56,Brasserie Dupont,8.5%,Belgian Strong Golden Ale,Bottle 750ml,"€ 7,93 per litre"
Boerinneken,"€ 3,10",Belgium,3.49,Den Ouden Advokaat,9.5%,Belgian Strong Golden Ale,330ml,"€ 9,39 per litre"
Petrus Tripel,"€ 2,65",Belgium,3.46,Brouwerij De Brabandere,7.5%,Belgian Tripel,330ml,"€ 8,03 per litre"
Sterke Blonde Citra Glutenvrij,"€ 2,85",Netherlands,3.41,Brouwerij Klein Duimpje,7.3%,Blonde / Golden Ale - Other,330ml,"€ 8,64 per litre"
Pop Hop Boogie Blond,"€ 3,15",Netherlands,3.40,POPHOP,6%,Blonde / Golden Ale - Other,330ml,"€ 9,55 per litre"
Lübi Premium (XPA),"€ 5,70",Germany,3.80,Sudden Death Brewing Co.,5.5%,Pale Ale - XPA (Extra Pale),Can 440ml,"€ 12,95 per litre"
Felina (Catharina Sour),"€ 4,60",Ireland,3.60,Galway Bay Brewery,5%,Sour - Catharina,Can 440ml,"€ 10,45 per litre"
OS-wALT,"€ 3,50",Germany,3.39,Brauerei Kundmüller,5.2%,Altbier - Traditional,500ml,"€ 7,00 per litre"
Drunken Pumpkin (Pumpkin / Yam Beer),"€ 7,50",Germany,3.26,Sudden Death Brewing Co.,6.5%,Pumpkin / Yam Beer,Can 440ml,"€ 17,05 per litre"
Nordic Noir 3,"€ 19,99",Norway,4.30,Nøgne Ø,15%,Strong Ale - Other,330ml,"€ 60,58 per litre"
Nordic Noir 3 Loupiac Barrel Ed,"€ 21,99",Norway,4.20,Nøgne Ø,15%,Strong Ale - Other,330ml,"€ 66,64 per litre"
Nordic Noir 3 Brandy Barrel Ed.,"€ 21,99",Norway,4.19,Nøgne Ø,15%,Strong Ale - Other,330ml,"€ 66,64 per litre"
Heaven Crashers,"€ 6,99",Romania,4.10,Ignat Brewery (Bere Noah),7%,IPA - New England / Hazy,Can 440ml,"€ 15,89 per litre"
ROTT.brûlée,"€ 4,79",Netherlands,4.05,ROTT. Brouwers,10.5%,Stout - Imperial / Double Pastry,330ml,"€ 14,52 per litre"
"Love, Lies And Bubbles","€ 5,99",Romania,4.00,Ignat Brewery (Bere Noah),4.8%,IPA - Session,Can 440ml,"€ 13,61 per litre"
Bandwagon 431,"€ 6,49",Netherlands,3.98,Baxbier,8.5%,IPA - Imperial / Double New England / Hazy,Can 440ml,"€ 14,75 per litre"
NEIPA Mosaic El Dorado,"€ 6,29",Bulgaria,3.97,Blek Pine Brewery,6%,IPA - New England / Hazy,Can 440ml,"€ 14,30 per litre"
Nowy Rozdział,"€ 5,99",Poland,3.95,Przetwórnia Chmielu,7%,IPA - Imperial / Double New England / Hazy,500ml,"€ 11,98 per litre"
Noah - Poet of Pale Ale,"€ 5,99",Romania,3.91,Ignat Brewery (Bere Noah),5.5%,Pale Ale - American,Can 440ml,"€ 13,61 per litre"
Autochthon,"€ 5,99",Poland,3.87,Browar Gwarek,7.5%,IPA - New England / Hazy,500ml,"€ 11,98 per litre"
Sour Sixteen,"€ 6,79",Romania,3.86,Ignat Brewery (Bere Noah),5%,Sour - Fruited,Can 440ml,"€ 15,43 per litre"
There Goes My Hero,"€ 5,29",Croatia,3.86,Pulfer Brewery,5.9%,Lager - IPL (India Pale Lager),500ml,"€ 10,58 per litre"
Simkölsch,"€ 5,99",France,3.81,Brasserie Cambier,5%,Kölsch,Can 440ml,"€ 13,61 per litre"
Boole,"€ 5,99",Poland,3.74,Browar Gwarek,8.2%,IPA - American,500ml,"€ 11,98 per litre"
Bourbon Bok,"€ 5,49",Netherlands,3.73,Brouwerij Noordt,8%,Bock - Doppelbock,330ml,"€ 16,64 per litre"
Christmas Shake,"€ 10,29",Sweden,3.69,Omnipollo,7.5%,IPA - Imperial / Double Milkshake,Can 440ml,"€ 23,39 per litre"
Twerking In the Moshpit,"€ 6,49",Netherlands,3.67,Baxbier,8%,Sour - Fruited,Can 440ml,"€ 14,75 per litre"
Mongy Blonde,"€ 2,99",France,3.47,Brasserie Cambier,6.2%,Belgian Blonde,330ml,"€ 9,06 per litre"
Baltic Porter,"€ 3,99",Germany,3.46,BRLO,8%,Porter - Baltic,330ml,"€ 12,09 per litre"
Beach Dream,"€ 6,49",Romania,3.46,Bere Noah,5%,Sour - Fruited,Can 440ml,"€ 14,75 per litre"
Spontaneous Morello 2022,"€ 19,00",United States,4.28,Plan Bee Farm Brewery,6.5%,Sour - Fruited,Can 440ml,"€ 14,75 per litre"
Beltane,"€ 16,00",United States,4.00,Plan Bee Farm Brewery,6%,Farmhouse Ale - Other,Can 440ml,"€ 14,75 per litre"
Choos,"€ 10,10",England,4.20,Beak Brewery,8%,IPA - Imperial / Double,Can 440ml,"€ 22,95 per litre"
Folds,"€ 6,90",England,3.92,Beak Brewery,5.6%,Pale Ale - American,Can 440ml,"€ 15,68 per litre"
Floc Magic Spiral,"€ 6,00",England,3.70,Floc.,5.2%,Pale Ale - New England / Hazy,Can 440ml,"€ 13,64 per litre"
Tappy Pils,"€ 5,60",England,3.58,DEYA Brewing Company,4.4%,Pilsner - German,Can 500ml,"€ 11,20 per litre"
Cinderella's Rocket (Pumpkin Ale),"€ 6,00",Netherlands,3.49,100 Watt Brewery,10.5%,Pumpkin / Yam Beer,330ml,"€ 18,18 per litre"
LACERDA,"€ 7,50",Spain,4.12,Garage Beer Co.,8.5%,IPA - Imperial / Double New England / Hazy,Can 440ml,"€ 17,05 per litre"
MINT 400,"€ 6,95",Spain,4.09,Garage Beer Co.,7%,IPA - New England / Hazy,Can 440ml,"€ 15,80 per litre"
Dragon Slayer,"€ 6,95",Greece,4.07,Seven Island Brewery,8%,IPA - Imperial / Double New England / Hazy,Can 440ml,"€ 15,80 per litre"
Fresh Hop IPA,"€ 4,50",Netherlands,3.65,Two Chefs Brewing,6.7%,IPA - American,330ml,"€ 13,64 per litre"
Struise Twenty Two Anniversary Ale,"€ 6,75",Belgium,4.08,De Struise Brouwers,14%,Stout - Belgian,330ml,"€ 20,45 per litre"
Struise Black Albert Vintage 2022,"€ 5,15",Belgium,4.08,De Struise Brouwers,13%,Stout - Belgian,330ml,"€ 20,45 per litre"
Moersleutel Velocity,"€ 5,80",Netherlands,3.69,Moersleutel Craft Brewery,6.5%,IPA - New England / Hazy,Can 440ml,"€ 13,18 per litre"
Sugar ‘n Spice (Pumpkin Yam Beer),"€ 5,95",Scotland,4.07,Vault City Brewing,5.5%,Pumpkin / Yam Beer,Can 440ml,"€ 13,52 per litre"
Moersleutel Marzipan Steamroller,"€ 7,80",Netherlands,4.08,Moersleutel Craft Brewery,11%,Stout - Pastry,Can 440ml,"€ 17,73 per litre"
Moersleutel Nozzles,"€ 8,20",Netherlands,3.97,Moersleutel Craft Brewery,9%,IPA - Triple New England / Hazy,Can 440ml,"€ 18,64 per litre"
Moersleutel Fruit Blizzard,"€ 5,80",Netherlands,3.71,Moersleutel Craft Brewery,5.5%,IPA - New England / Hazy,Can 440ml,"€ 13,18 per litre"
Nelson Lm20,"€ 3,90",Romania,4.30,Bereta Brewing Co.,6.1%,IPA - New England / Hazy,Can 440ml,"€ 8,86 per litre"
Nelson Qm15,"€ 3,90",Romania,4.14,Bereta Brewing Co.,6.1%,IPA - New England / Hazy,Can 440ml,"€ 8,86 per litre"
Hide & Seek,"€ 3,90",Romania,3.83,Bereta Brewing Co.,6.1%,IPA - New England / Hazy,Can 440ml,"€ 8,86 per litre"
Very Big Moose 2024 Rye Barrel Aged,"€ 6,75",Scotland,4.05,Fierce Beer,12.5%,Stout - Russian Imperial,Can 440ml,"€ 8,86 per litre"
Very Big Moose 2024 Maple & Hazelnut,"€ 6,75",Scotland,3.92,Fierce Beer,12.5%,Stout - Imperial / Double,Can 440ml,"€ 8,86 per litre"
Very Big Moose 2024 Two Year Bourbon,"€ 6,75",Scotland,3.89,Fierce Beer,12.5%,Stout - Imperial / Double,330ml,"€ 20,45 per litre"
Aecht Schlenkerla Rauchbier Märzen,"€ 2,95",Germany,3.48,"Schlenkerla (""Heller-Bräu"" Trum)",5.1%,Rauchbier,500ml,"€ 5,90 per litre"
Winter-Bock,"€ 2,75",Germany,3.32,Einbecker Brauhaus,7.5%,Bock - Doppelbock,330ml,"€ 8,33 per litre"
De Molen Balcones Edition 2024 Barley Wine,"€ 6,50",Netherlands,4.13,Brouwerij de Molen,11.4%,Barleywine - English,330ml,"€ 19,70 per litre"
Brewing / De Moersleutel Dutch Plumber,"€ 7,75",France,4.12,Game Over Brewing Co.,10.5%,Stout - Imperial / Double,Can 440ml,"€ 17,61 per litre"
Spark In The Dark,"€ 14,95",Netherlands,4.00,Brouwerij Kees,11.5%,Stout - Imperial / Double Pastry,Bottle 750ml,"€ 19,93 per litre"
New England Christmas 2024,"€ 7,15",Norway,3.98,Salikatt Bryggeri,7%,IPA - New England / Hazy,Can 440ml,"€ 16,25 per litre"
Juleglød,"€ 7,50",Norway,3.91,Salikatt Bryggeri,10%,Belgian Quadrupel,Can 440ml,"€ 17,05 per litre"
Christmas On Fire 2024,"€ 6,95",Norway,3.83,Salikatt Bryggeri,7%,IPA - Other,Can 440ml,"€ 15,80 per litre"
Poesiat & Kater / RCO Brass Brasserie Royale,"€ 5,95",Netherlands,3.82,Brouwerij Poesiat & Kater,6.5%,IPA - American,Can 440ml,"€ 13,52 per litre"
Loc Brewery Lord Nelson,"€ 3,50",Netherlands,3.69,LOC Brewery,5.8%,IPA - New England / Hazy,330ml,"€ 10,61 per litre"
Christmas Shake,"€ 10,60",Sweden,3.69,Omnipollo,7.5%,IPA - Imperial / Double Milkshake,Can 440ml,"€ 24,09 per litre"
Loc Brewery 84,"€ 3,90",Netherlands,3.64,LOC Brewery,10.5%,Stout - Russian Imperial,330ml,"€ 11,82 per litre"
Brasserie LeFort Barrel Aged,"€ 12,95",Belgium,3.45,Omer Vander Ghinste,10%,Sour - Other,Bottle 750ml,"€ 17,27 per litre"
3 Bean Stout,"€ 5,40",Norway,4.09,LERVIG/ Way Beer,12%,Stout - Imperial / Double,330ml,"€ 16,36 per litre"
Beautiful Mosaic,"€ 11,30",United States,4.09,Creature Comforts Brewing Company,8.2%,IPA - Imperial / Double New England / Hazy,473ml,"€ 23,89 per litre"
Tropicália,"€ 9,30",United States,4.03,Creature Comforts Brewing Company,6.6%,IPA - American,473ml,"€ 19,66 per litre"
Flash Cat,"€ 9,30",United States,3.94,Creature Comforts Brewing Company,8%,IPA - New England / Hazy,473ml,"€ 19,66 per litre"
Automatic,"€ 9,30",United States,3.92,Creature Comforts Brewing Company,6%,Pale Ale - American,355ml,"€ 26,20 per litre"
Paragon 2023 By Rackhouse,"€ 18,50",Norway,4.38,LERVIG,13%,Barleywine - English,Bottle 375ml,"€ 49,33 per litre"
Off the Rack Paragon 2023 By Rackhouse,"€ 29,95",Norway,4.38,LERVIG,13.5%,Barleywine - Other,Bottle 750ml,"€ 39,93 per litre"
Embla 2024,"€ 16,99",Norway,4.04,Salikatt Bryggeri,9.5%,Bock - Doppelbock,Bottle 375ml,"€ 45,31 per litre"
Foeder Framboise,"€ 19,95",Norway,4.02,LERVIG,5.3%,Sour - Fruited,Bottle 750ml,"€ 26,60 per litre"
New England Christmas 2024 (bbf:14-04-25),"€ 6,50",Norway,3.98,Salikatt Bryggeri,7%,IPA - New England / Hazy,Can 440ml,"€ 14,77 per litre"
Timeless 2024,"€ 13,65",Norway,3.92,Salikatt Bryggeri,8.9%,Lager - Dark,Can 440ml,"€ 31,02 per litre"
De Molen Hel & Verdoemenis,"€ 3,80",Netherlands,3.85,Brouwerij de Molen,10%,Stout - Russian Imperial,330ml,"€ 11,52 per litre"
Very Big Moose 2024 - Rye Old Fashioned Edition,"€ 6,95",Scotland,4.05,Fierce Beer,12.5%,Stout - Russian Imperial,330ml,"€ 11,52 per litre"
Krug Hell,"€ 1,90",Germany,3.47,Krug-Bräu,4.8%,Lager - Helles,500ml,"€ 3,80 per litre"
Krug Hell - 5 Liter Fass,"€ 17,00",Germany,3.47,Krug-Bräu,4.8%,Lager - Helles,5000ml,"€ 3,40 per litre"
House Of Pale,"€ 46,80",Denmark,3.63,To Øl,5.5%,Pale Ale - New England / Hazy,24-pack,"Total price: € 46,80"
House Of Pale,"€ 34,20",Denmark,3.63,To Øl,5.5%,Pale Ale - New England / Hazy,12-pack,"Total price: € 34,20"
Humlesovs,"€ 53,00",Denmark,3.55,To Øl,6%,IPA - New England / Hazy,24-pack,"Total price: € 53,00"
45 DAYS IPL,"€ 53,00",Denmark,3.54,To Øl,5.5%,Lager - IPL (India Pale Lager),24-pack,"Total price: € 53,00"
Dry Hopped Hefeweizen,"€ 53,50",Denmark,3.48,To Øl,5.5%,Wheat Beer - Hefeweizen,24-pack,"Total price: € 53,50"
Amager/Titletown Demon Juice NEIPA,"€ 6,49",Denmark,3.82,Amager Bryghus/ Titletown Brewing Company,7%,IPA - New England / Hazy,Can 440ml,"€ 14,75 per litre"
Winter Wizard Imperial Winter Stout,"€ 7,99",Denmark,3.78,Amager Bryghus,12%,Stout - Imperial / Double Pastry,Can 440ml,"€ 18,16 per litre"
Yule Juice Winter NEIPA,"€ 6,99",Denmark,3.73,Amager Bryghus,6.5%,IPA - New England / Hazy,Can 440ml,"€ 15,89 per litre"
Winter in Bangalore DH Winter IPA,"€ 6,49",Denmark,3.66,Amager Bryghus,6%,IPA - American,Can 440ml,"€ 14,75 per litre"
ÜberQuell Julebryg Spiced Lager 2024,"€ 10,99",Denmark,3.53,The Man Behind/ ÜberQuell Brauwerkstätten,6.2%,Winter Warmer,Bottle 750ml,"€ 14,65 per litre"
Secret Santa Xmas Quadrupel,"€ 7,49",Denmark,3.45,Amager Bryghus,10.5%,Belgian Quadrupel,255-pack,"Total price: € 7,49"
Pink Farts & Unicorns,"€ 5,49",Denmark,3.36,Amager Bryghus,4.6%,Lager - IPL (India Pale Lager),Can 440ml,"€ 12,48 per litre"
Yorkshire Stingo,"€ 7,49",England,3.82,Samuel Smith,8%,Strong Ale - English,550ml,"€ 13,62 per litre"
Heavenly Hops Soothsayer NEIPA,"€ 6,99",Denmark,3.82,Amager Bryghus,6.5%,IPA - New England / Hazy,Can 440ml,"€ 15,89 per litre"
Double Up on Xmas Imperial Xmas IPA,"€ 7,99",Denmark,3.79,Amager Bryghus,9%,IPA - Imperial / Double New England / Hazy,Can 440ml,"€ 18,16 per litre"
Reindeer Fuel 2024 Winter Barley Wine,"€ 7,49",Denmark,3.77,Amager Bryghus,10%,Barleywine - Other,Can 440ml,"€ 17,02 per litre"
California Christmas Chocolate Orange Imperial Stout,"€ 7,49",Denmark,3.73,Amager Bryghus,11%,Stout - Imperial / Double Pastry,Can 440ml,"€ 17,02 per litre"
Alt Latzenbier,"€ 2,49",Germany,3.44,Brauerei Schumacher,4.6%,Altbier - Traditional,330ml,"€ 7,55 per litre"
Gaffel Wiess,"€ 2,19",Germany,3.37,Privatbrauerei Gaffel Becker,4.9%,Kölsch,330ml,"€ 6,64 per litre"
Julebryg 2024 Scottish Ale,"€ 5,99",Denmark,3.33,Amager Bryghus,6%,Scottish Export Ale,Can 440ml,"€ 13,61 per litre"
Achel Gallant -  Jubileum,"€ 18,95",Belgium,3.78,Brouwerij der Sint-Benedictusabdij De Achelse Kluis,9.5%,Belgian Strong Golden Ale,Bottle 750ml,"€ 25,27 per litre"
Achel Superior Winter,"€ 12,95",Belgium,3.70,Brouwerij der Sint-Benedictusabdij De Achelse Kluis,9.5%,Winter Ale,Bottle 750ml,"€ 17,27 per litre"
Reinaert Tripel,"€ 2,45",Belgium,3.57,De Proefbrouwerij,9%,Belgian Tripel,330ml,"€ 7,42 per litre"
Moinette Brune,"€ 2,70",Belgium,3.54,Brasserie Dupont,8.5%,Belgian Strong Dark Ale,330ml,"€ 8,18 per litre"
St. Feuillien Bruin,"€ 2,85",Belgium,3.51,Brasserie St-Feuillien,8.5%,Belgian Dubbel,330ml,"€ 8,64 per litre"
Very Big Moose 2024 - Maple & Hazelnut Edition,"€ 6,95",Scotland,3.92,Fierce Beer,12.5%,Stout - Imperial / Double,330ml,"€ 8,64 per litre"
Very Big Moose 2024 - Two Year Bourbon Edition,"€ 6,95",Scotland,3.89,Fierce Beer,12.5%,Stout - Imperial / Double,330ml,"€ 21,06 per litre"
Moersleutel Coffee Grinder,"€ 5,80",Netherlands,3.78,Moersleutel Craft Brewery,7.5%,Stout - Coffee,Can 440ml,"€ 13,18 per litre"
Nordic Noir 3,"€ 19,95",Norway,4.30,Nøgne Ø,15%,Strong Ale - Other,330ml,"€ 60,45 per litre"
Nordic Noir 3 Loupiac Barrel Ed,"€ 21,95",Norway,4.20,Nøgne Ø,15%,Strong Ale - Other,330ml,"€ 66,52 per litre"
Nordic Noir 3 Brandy Barrel Ed,"€ 21,95",Norway,4.19,Nøgne Ø,15%,Strong Ale - Other,330ml,"€ 66,52 per litre"
Right Here Right Now,"€ 7,95",Switzerland,3.98,Hoppy People,8%,IPA - Imperial / Double New England / Hazy,Can 440ml,"€ 18,07 per litre"
Bourbon County Brand Stout 2023,"€ 38,95",United States,4.42,Goose Island Beer Co.,14.6%,Stout - Imperial / Double,Can 440ml,"€ 18,07 per litre"
Bourbon County Brand Bananas Foster Stout 2023,"€ 65,95",United States,4.23,Goose Island Beer Co.,13.9%,Stout - Imperial / Double Pastry,500ml,"€ 131,90 per litre"
Bourbon County Brand Backyard Stout 2023,"€ 65,95",United States,4.15,Goose Island Beer Co.,12.9%,Stout - Imperial / Double,500ml,"€ 131,90 per litre"
Summa,"€ 4,15",Netherlands,3.76,Van Moll,10.5%,Strong Ale - Other,330ml,"€ 12,58 per litre"
De Molen Zoet & Hout,"€ 4,20",Netherlands,3.55,Brouwerij de Molen,8%,Porter - Smoked,330ml,"€ 12,73 per litre"
Moersleutel Hazy Nebula,"€ 5,85",Netherlands,3.73,Moersleutel Craft Brewery,6%,IPA - New England / Hazy,Can 440ml,"€ 13,30 per litre"
Doerak,"€ 4,15",Netherlands,3.52,Van Moll,6.2%,IPA - American,330ml,"€ 12,58 per litre"
Pilz,"€ 3,75",Netherlands,3.46,Brouwerij Kees,5%,Pilsner - Italian,330ml,"€ 12,58 per litre"
Holiday Horror Stories,"€ 3,65",Netherlands,3.29,Uiltje Brewing Company,4.2%,Pale Ale - Fruited,330ml,"€ 11,06 per litre"
Love Machine DIPA,"€ 11,70",Canada,4.06,Willibald Farm Brewery,8.2%,IPA - Imperial / Double New England / Hazy,473ml,"€ 24,74 per litre"
Moersleutel Cyct: Velocity,"€ 6,35",Netherlands,3.69,Moersleutel Craft Brewery,6.5%,IPA - New England / Hazy,Can 440ml,"€ 14,43 per litre"
Deya Steady Rolling Strata DIPA 2024,"€ 8,40",England,4.16,DEYA Brewing Company,8%,IPA - Imperial / Double,Can 500ml,"€ 16,80 per litre"
Deya Can I Pleo it?,"€ 5,70",England,3.83,DEYA Brewing Company,4.4%,Pale Ale - American,Can 500ml,"€ 11,40 per litre"
Deya In Balance,"€ 6,00",England,3.74,DEYA Brewing Company,4%,Pale Ale - New England / Hazy,Can 500ml,"€ 12,00 per litre"
Creepshow,"€ 7,25",France,4.02,Game Over Brewing Co.,8%,IPA - Imperial / Double,Can 440ml,"€ 16,48 per litre"
Halloween Night,"€ 6,95",France,3.70,Game Over Brewing Co.,6.5%,IPA - American,Can 440ml,"€ 15,80 per litre"
Un Buen Dia,"€ 7,50",Spain,3.99,Little Rain Brewing Company,7.3%,IPA - New England / Hazy,Can 440ml,"€ 17,05 per litre"
2024 Barrel Aged Peated Barley Wine,"€ 9,55",Ireland,4.22,DOT Brew,22%,Barleywine - Other,330ml,"€ 28,94 per litre"
Embla 2024,"€ 16,95",Norway,4.04,Salikatt Bryggeri,9.5%,Bock - Doppelbock,Bottle 375ml,"€ 45,20 per litre"
Copenhague,"€ 7,50",Spain,4.03,Little Rain Brewing Company,7.9%,IPA - Imperial / Double New England / Hazy,Can 440ml,"€ 17,05 per litre"
Foeder Framboise By Rackhouse,"€ 18,95",Norway,4.02,LERVIG,5.3%,Sour - Fruited,Bottle 750ml,"€ 25,27 per litre"
The Porter,"€ 5,90",England,3.78,Anspach & Hobday,6.7%,Porter - English,Can 440ml,"€ 13,41 per litre"
The IPA,"€ 5,70",England,3.54,Anspach & Hobday,6%,IPA - American,Can 440ml,"€ 12,95 per litre"
Gagel Tripel (Glutenvrij),"€ 3,19",Netherlands,3.26,Brouwerij Klein Duimpje,8.5%,Gluten-Free,Can 440ml,"€ 12,95 per litre"
Noa Pecan Mud Cake Stout,"€ 8,95",Sweden,4.19,Omnipollo,11%,Stout - Imperial / Double Pastry,330ml,"€ 27,12 per litre"
Blueprint (Enigma),"€ 7,25",Netherlands,4.13,Folkingebrew,8.5%,IPA - Imperial / Double New England / Hazy,Can 440ml,"€ 16,48 per litre"
Blueprint (Galaxy),"€ 7,25",Netherlands,4.12,Folkingebrew,8.5%,IPA - Imperial / Double New England / Hazy,Can 440ml,"€ 16,48 per litre"
BA Shadows,"€ 8,95",Ireland,4.13,DOT Brew,16%,Barleywine - Other,330ml,"€ 27,12 per litre"
Void,"€ 7,75",Finland,4.12,Factory Brewing,7.3%,IPA - New England / Hazy,Can 440ml,"€ 17,61 per litre"
Dissolve Me,"€ 7,50",Spain,3.99,Little Rain Brewing Company,6.8%,IPA - New England / Hazy,Can 440ml,"€ 17,05 per litre"
Paragon 2023 by Rackhouse,"€ 18,50",Norway,4.38,LERVIG,13%,Barleywine - English,Bottle 375ml,"€ 49,33 per litre"
Anspach & Hobday / To Øl - 45 Days Later,"€ 5,80",England,4.05,Anspach & Hobday,7%,Porter - Baltic,Can 440ml,"€ 13,18 per litre"
Brewing / Brew York - Super Red,"€ 6,30",England,3.91,Elusive Brewing,8.5%,IPA - Red,Can 440ml,"€ 14,32 per litre"
Marin,"€ 6,00",England,3.81,Elusive Brewing,5.6%,IPA - American,Can 440ml,"€ 13,64 per litre"
He Gets On Base,"€ 8,10",England,3.79,Sureshot Brewing,6.5%,IPA - American,Can 440ml,"€ 18,41 per litre"
Danelaw,"€ 5,40",England,3.63,Anspach & Hobday,5.5%,Brown Ale - English,Can 440ml,"€ 12,27 per litre"
Morro,"€ 5,00",England,3.41,Elusive Brewing,4.5%,Lager - American,Can 440ml,"€ 11,36 per litre"
Bourbon County Brand Bananas Foster Stout 2023,"€ 51,50",United States,4.23,Goose Island Beer Co.,13.9%,Stout - Imperial / Double Pastry,500ml,"€ 103,00 per litre"
Bourbon County Brand Backyard Stout 2023,"€ 53,50",United States,4.15,Goose Island Beer Co.,12.9%,Stout - Imperial / Double,500ml,"€ 107,00 per litre"
I Wish I Could Fly,"€ 8,60",England,4.02,Sureshot Brewing,6.5%,IPA - New England / Hazy,Can 440ml,"€ 19,55 per litre"
In Our Angelhood,"€ 14,99",United States,4.44,Root + Branch Brewing,9.5%,IPA - Triple New England / Hazy,Can 440ml,"€ 19,55 per litre"
Frenzy!,"€ 14,99",United States,4.37,Root + Branch Brewing,8%,IPA - Imperial / Double New England / Hazy,Can 440ml,"€ 19,55 per litre"
Triple Broccoli,"€ 12,99",United States,4.30,Other Half Brewing Co.,10%,IPA - Triple New England / Hazy,473ml,"€ 27,46 per litre"
Cabbage,"€ 11,99",United States,4.28,Other Half Brewing Co.,7.9%,IPA - Imperial / Double New England / Hazy,473ml,"€ 27,46 per litre"
Citra + Nelson,"€ 11,99",United States,4.26,Other Half Brewing Co.,8.5%,IPA - Imperial / Double,473ml,"€ 25,35 per litre"
Late Night Juice Run,"€ 11,99",United States,4.24,Other Half Brewing Co.,8.3%,IPA - Imperial / Double New England / Hazy,473ml,"€ 25,35 per litre"
Life And Fate XXX,"€ 14,99",United States,4.23,Root + Branch Brewing,8%,IPA - Imperial / Double New England / Hazy,473ml,"€ 31,69 per litre"
The Castle: Strata,"€ 14,99",United States,4.20,Root + Branch Brewing,5.5%,Pale Ale - New England / Hazy,473ml,"€ 31,69 per litre"
Scanners,"€ 14,99",United States,4.20,Root + Branch Brewing,7%,IPA - New England / Hazy,473ml,"€ 31,69 per litre"
Donuts,"€ 10,99",United States,4.12,Other Half Brewing Co.,7.5%,IPA - New England / Hazy,473ml,"€ 23,23 per litre"
Header Juice,"€ 9,99",United States,4.04,Other Half Brewing Co.,5.5%,Pale Ale - American,473ml,"€ 21,12 per litre"
Crab Dust,"€ 9,99",United States,4.01,Other Half Brewing Co.,6.5%,IPA - New England / Hazy,473ml,"€ 21,12 per litre"
Bianca Non-Alcoholic Space Jam Lassi Gose,"€ 6,50",Sweden,4.07,Omnipollo,0.3%,Non-Alcoholic - Sour,330ml,"€ 19,70 per litre"
Bearley Fine,"€ 5,50",Sweden,3.92,Stigbergets Bryggeri,12%,Barleywine - American,330ml,"€ 16,67 per litre"
Texas Terror Brew,"€ 7,50",France,3.91,Game Over Brewing Co.,10%,IPA - Triple New England / Hazy,Can 440ml,"€ 17,05 per litre"
Eliphas,"€ 10,50",Sweden,3.76,Omnipollo,8.1%,IPA - Imperial / Double New England / Hazy,Can 440ml,"€ 23,86 per litre"
Barrel of Dwight Fry,"€ 4,95",Sweden,3.72,Stigbergets Bryggeri,11.5%,Barleywine - English,330ml,"€ 15,00 per litre"
Siren Soundwave,"€ 3,75",England,3.72,Siren Craft Brew,5.6%,IPA - American,330ml,"€ 11,36 per litre"
Halloween Night,"€ 6,50",France,3.70,Game Over Brewing Co.,6.5%,IPA - American,Can 440ml,"€ 14,77 per litre"
Siren Lumina,"€ 3,50",England,3.60,Siren Craft Brew,4.2%,IPA - Session,330ml,"€ 10,61 per litre"
Maze Whole Cone Pale Ale,"€ 8,50",Sweden,3.54,Omnipollo,5.6%,Pale Ale - American,Can 440ml,"€ 19,32 per litre"
Always Christmas Porter,"€ 3,50",Sweden,3.47,Stigbergets Bryggeri,5%,Porter - Other,330ml,"€ 10,61 per litre"
London Black,"€ 5,10",England,3.77,Anspach & Hobday,4.4%,Porter - English,Can 470ml,"€ 10,85 per litre"
Ansbacher,"€ 4,60",England,3.51,Anspach & Hobday,5%,Lager - Helles,Can 440ml,"€ 10,45 per litre"
CYCT: Nozzles,"€ 6,99",Netherlands,3.97,Moersleutel Craft Brewery,9%,IPA - Triple New England / Hazy,Can 440ml,"€ 15,89 per litre"
Fruit Blizzard,"€ 5,29",Netherlands,3.71,Moersleutel Craft Brewery,5.5%,IPA - New England / Hazy,Can 440ml,"€ 12,02 per litre"
CYCT: Velocity,"€ 5,29",Netherlands,3.69,Moersleutel Craft Brewery,6.5%,IPA - New England / Hazy,Can 440ml,"€ 12,02 per litre"
Red Shirt Rodeo Riding,"€ 5,29",Netherlands,3.50,Uiltje Brewing Company,5.7%,IPA - Red,Can 440ml,"€ 12,02 per litre"
Disco Ginferno,"€ 3,49",Netherlands,3.22,Jopen,6.5%,IPA - American,330ml,"€ 10,58 per litre"
Marzipan Steamroller,"€ 7,19",Netherlands,4.08,Moersleutel Craft Brewery,11%,Stout - Pastry,Can 440ml,"€ 16,34 per litre"
Kompaan Levensgenieter,"€ 3,20",Netherlands,3.57,KOMPAAN Dutch Craft Beer Company,4.5%,IPA - New England / Hazy,330ml,"€ 9,70 per litre"
Passion For Session,"€ 4,50",Netherlands,3.47,Brouwerij Kees,4.5%,IPA - Session,Can 440ml,"€ 10,23 per litre"
Let's Get Spanish,"€ 4,00",Netherlands,3.22,Jopen,5%,Wheat Beer - Hefeweizen,330ml,"€ 12,12 per litre"
Terra Nova,"€ 6,49",Sweden,4.13,Stigbergets Bryggeri,10.9%,IPA - Triple New England / Hazy,330ml,"€ 19,67 per litre"
I Love Hops #12,"€ 7,99",Switzerland,4.07,Hoppy People,8%,IPA - Imperial / Double New England / Hazy,Can 440ml,"€ 18,16 per litre"
Walk,"€ 7,99",Switzerland,4.06,Hoppy People,8%,IPA - Imperial / Double New England / Hazy,Can 440ml,"€ 18,16 per litre"
Creepshow,"€ 6,99",France,4.02,Game Over Brewing Co.,8%,IPA - Imperial / Double,Can 440ml,"€ 15,89 per litre"
Right Here Right Now,"€ 7,99",Switzerland,3.98,Hoppy People,8%,IPA - Imperial / Double New England / Hazy,Can 440ml,"€ 18,16 per litre"
Predator Fruit,"€ 6,29",Spain,3.98,Caleya,5.5%,Sour - Smoothie / Pastry,Can 440ml,"€ 14,30 per litre"
Llangreu Calling,"€ 6,79",Spain,3.97,Caleya,7.6%,IPA - Imperial / Double,Can 440ml,"€ 15,43 per litre"
Day Zero,"€ 6,79",Sweden,3.96,Stigbergets Bryggeri,12.5%,Stout - Imperial / Double,Can 440ml,"€ 15,43 per litre"
Bearley Fine,"€ 5,49",Sweden,3.92,Stigbergets Bryggeri,12%,Barleywine - American,330ml,"€ 16,64 per litre"
Texas Terror Brew,"€ 7,49",France,3.91,Game Over Brewing Co.,10%,IPA - Triple New England / Hazy,Can 440ml,"€ 17,02 per litre"
Trouble Sleep,"€ 5,29",Sweden,3.79,Stigbergets Bryggeri,12%,Stout - Imperial / Double Coffee,330ml,"€ 16,03 per litre"
Eliphas,"€ 9,99",Sweden,3.76,Omnipollo,8.1%,IPA - Imperial / Double New England / Hazy,Can 440ml,"€ 22,70 per litre"
Barrel of Dwight Fry,"€ 5,49",Sweden,3.72,Stigbergets Bryggeri,11.5%,Barleywine - English,330ml,"€ 16,64 per litre"
Halloween Night,"€ 6,79",France,3.70,Game Over Brewing Co.,6.5%,IPA - American,Can 440ml,"€ 15,43 per litre"
Maze Whole Cone Pale Ale,"€ 8,79",Sweden,3.54,Omnipollo,5.6%,Pale Ale - American,Can 440ml,"€ 19,98 per litre"
Chocolate Porter,"€ 5,50",Estonia,3.84,Põhjala,10%,Porter - Imperial / Double,330ml,"€ 16,67 per litre"
Peres trappistes Rouge,"€ 2,25",Belgium,3.79,Bières de Chimay,7%,Belgian Dubbel,330ml,"€ 6,82 per litre"
La Trappe Isid'or,"€ 2,60",Netherlands,3.75,Bierbrouwerij De Koningshoeven,7.5%,Belgian Strong Golden Ale,330ml,"€ 7,88 per litre"
Gouden Carolus Classic,"€ 7,95",Belgium,3.73,Brouwerij Het Anker,8.5%,Belgian Strong Dark Ale,Bottle 750ml,"€ 10,60 per litre"
Westmalle Trappist Dubbel,"€ 2,30",Belgium,3.69,Brouwerij der Trappisten van Westmalle,7%,Belgian Dubbel,330ml,"€ 6,97 per litre"
Orval,"€ 2,95",Belgium,3.68,Brasserie d'Orval,6.2%,Pale Ale - Belgian,330ml,"€ 8,94 per litre"
Duchesse De Bourgogne,"€ 2,75",Belgium,3.66,Brouwerij Verhaeghe,6.2%,Sour - Flanders Red Ale,Bottle 250ml,"€ 11,00 per litre"
Waterloo Double Dark,"€ 3,35",Belgium,3.49,Waterloo Brewery Mont-St-Jean,8%,Belgian Strong Dark Ale,330ml,"€ 10,15 per litre"
St. Bernardus Extra 4,"€ 1,95",Belgium,3.43,Brouwerij St.Bernardus,4.8%,Belgian Enkel / Patersbier,330ml,"€ 5,91 per litre"
Marle,"€ 3,10",Netherlands,3.42,Brouwerij Poesiat & Kater,6%,Belgian Blonde,330ml,"€ 9,39 per litre"
Slagmuylder Witkap Pater Dubbel,"€ 3,00",Belgium,3.37,Brouwerij Slaghmuylder,7%,Belgian Dubbel,330ml,"€ 9,09 per litre"
Houtenkop,"€ 2,09",Belgium,3.14,Brouwerij Strubbe,5%,Pale Ale - Belgian,Bottle 250ml,"€ 8,36 per litre"
Moersleutel Nozzles,"€ 8,15",Netherlands,3.97,Moersleutel Craft Brewery,9%,IPA - Triple New England / Hazy,Can 440ml,"€ 18,52 per litre"
Moersleutel Quad,"€ 5,10",Netherlands,3.90,Moersleutel Craft Brewery,11%,Belgian Quadrupel,Can 440ml,"€ 11,59 per litre"
Kompaan Handlanger,"€ 4,25",Netherlands,3.61,KOMPAAN Dutch Craft Beer Company,8.2%,IPA - Imperial / Double,330ml,"€ 12,88 per litre"
Kompaan Bondgenoot,"€ 2,80",Netherlands,3.33,KOMPAAN Dutch Craft Beer Company,5.2%,Pale Ale - Belgian,330ml,"€ 8,48 per litre"
Christmas Ale,"€ 3,90",Belgium,3.86,Brouwerij St.Bernardus,10%,Winter Ale,330ml,"€ 11,82 per litre"
Tank 7 Farmhouse Ale,"€ 4,90",United States,3.76,Boulevard Brewing Co.,8.5%,Farmhouse Ale - Saison,330ml,"€ 14,85 per litre"
"N'Ice Chouffe 0,33l","€ 3,90",Belgium,3.66,Brasserie d'Achouffe,10%,Winter Ale,330ml,"€ 11,82 per litre"
Gouden Carolus Christmas,"€ 3,90",Belgium,3.61,Brouwerij Het Anker,10.5%,Winter Ale,330ml,"€ 11,82 per litre"
Coconut,"€ 3,50",Belgium,2.87,Mongozo,5%,Gluten-Free,330ml,"€ 10,61 per litre"
Farmhouse 2022,"€ 12,00",France,4.24,Brasserie Bouquier,4.7%,Farmhouse Ale - Saison,Bottle 750ml,"€ 16,00 per litre"
Nelson Sauvin 2022,"€ 14,00",France,4.21,Brasserie Bouquier,4.7%,Farmhouse Ale - Saison,Bottle 750ml,"€ 18,67 per litre"
Aka Shiso 2022,"€ 14,50",France,4.10,Brasserie Bouquier,4.7%,Wild Ale - Other,Bottle 750ml,"€ 19,33 per litre"
Rusticus tempore,"€ 11,00",France,?,The Chubby Brewing Company,6.3%,Farmhouse Ale - Saison,Bottle 750ml,"€ 14,67 per litre"
Bourbon BA Sticky Little Fingers,"€ 16,80",Norway,4.24,Amundsen Brewery,13%,Stout - Imperial / Double Pastry,Can 440ml,"€ 38,18 per litre"
Wit,"€ 3,50",Belgium,3.58,Brouwerij St.Bernardus,5.5%,Wheat Beer - Witbier / Blanche,Bottle 330ml,"€ 10,61 per litre"
Extra,"€ 3,60",Belgium,3.46,Brouwerij der Trappisten van Westmalle,4.8%,Belgian Enkel / Patersbier,Bottle 330ml,"€ 10,91 per litre"
Schwarzbier,"€ 5,40",Germany,3.45,Privatbrauerei Einsiedler Brauhaus,5%,Schwarzbier,Bottle 500ml,"€ 10,80 per litre"
Super Santa,"€ 5,30",Norway,3.44,Amundsen Brewery,4.7%,Stout - Pastry,Can 330ml,"€ 16,06 per litre"
Hell,"€ 5,40",Germany,3.39,Privatbrauerei Einsiedler Brauhaus,5.2%,Lager - Helles,Bottle 500ml,"€ 10,80 per litre"
Christmas Morning,"€ 5,30",Norway,3.37,Amundsen Brewery,4.7%,Stout - Pastry,Can 330ml,"€ 16,06 per litre"
Weizen: Alcohol Free,"€ 2,60",Germany,3.37,Flötzinger Bräu,0.5%,Wheat Beer - Dunkelweizen,Bottle 500ml,"€ 5,20 per litre"
Landbier,"€ 5,40",Germany,3.22,Privatbrauerei Einsiedler Brauhaus,5.2%,Lager - Dortmunder / Export,Bottle 500ml,"€ 10,80 per litre"
Santas Hop Sack,"€ 6,50",Norway,3.53,Amundsen Brewery,5.3%,IPA - New England / Hazy,Can 440ml,"€ 14,77 per litre"
Spezial,"€ 5,00",Germany,3.51,Flötzinger Bräu,5.4%,Lager - Dortmunder / Export,Bottle 500ml,"€ 10,00 per litre"
Hell: Alcohol Free,"€ 3,20",Germany,?,Flötzinger Bräu,0.5%,Lager - Helles,Bottle 500ml,"€ 6,40 per litre"
vanderGhinste Roodbruin,"€ 1,40",Belgium,3.66,Omer Vander Ghinste,5.5%,Sour - Flanders Oud Bruin,Bottle 250ml,"€ 5,60 per litre"
Kellerbier,"€ 2,75",Germany,3.55,Ayinger Privatbrauerei,4.9%,Kellerbier / Zwickelbier,500ml,"€ 5,50 per litre"
Steady Rolling Strata,"€ 7,20",England,3.99,DEYA Brewing Company,5.2%,Pale Ale - New England / Hazy,Can 500ml,"€ 14,40 per litre"
Break Me Into Bigger Pieces,"€ 8,70",England,3.91,DEYA Brewing Company,6.5%,IPA - Fruited,Can 500ml,"€ 17,40 per litre"
There's A Lot To Do,"€ 8,70",England,3.87,DEYA Brewing Company,6%,IPA - American,Can 500ml,"€ 17,40 per litre"
Can I Pleo It?,"€ 6,40",England,3.83,DEYA Brewing Company,4.4%,Pale Ale - American,Can 500ml,"€ 12,80 per litre"
In Balance,"€ 6,50",England,3.74,DEYA Brewing Company,4%,Pale Ale - New England / Hazy,Can 500ml,"€ 13,00 per litre"
Service Please!,"€ 6,00",England,3.67,DEYA Brewing Company,3%,Pale Ale - American,Can 500ml,"€ 12,00 per litre"
Albino Pasta,"€ 6,00",England,3.59,DEYA Brewing Company,0.5%,Non-Alcoholic - IPA,Can 500ml,"€ 12,00 per litre"
Kompaan Juicy Joker,"€ 2,30",Netherlands,3.50,KOMPAAN Dutch Craft Beer Company,6%,IPA - New England / Hazy,Can 500ml,"€ 12,00 per litre"
Kompaan Bloedbroeder,"€ 4,60",Netherlands,3.47,KOMPAAN Dutch Craft Beer Company,9.1%,Stout - Imperial / Double,330ml,"€ 13,94 per litre"
Here comes Geronimo,"€ 7,29",Brazil,4.18,Salvador Brewing Co.,8%,IPA - Imperial / Double New England / Hazy,Can 440ml,"€ 16,57 per litre"
All the beautiful things,"€ 7,29",Brazil,4.17,Cervejaria Escafandrista,8%,IPA - Imperial / Double New England / Hazy,Can 440ml,"€ 16,57 per litre"
Grime,"€ 5,49",Poland,3.71,Browarny Craft Beer,6%,Stout - Other,Can 440ml,"€ 16,57 per litre"
Dreams of Brew York,"€ 5,65",England,3.81,Brew York,6.5%,Sour - Fruited,Can 440ml,"€ 12,84 per litre"
Here's Johnny,"€ 6,40",England,3.78,Brew York,5%,Sour - Fruited,Can 440ml,"€ 14,55 per litre"
"Friend, It's Still You","€ 6,30",England,3.79,Carnival Brewing Company,6.6%,IPA - New England / Hazy,Can 440ml,"€ 14,32 per litre"
Sun Outside My Window,"€ 5,70",England,3.69,Carnival Brewing Company,5%,Pale Ale - New England / Hazy,Can 440ml,"€ 12,95 per litre"
DDF Churros,"€ 12,00",Scotland,4.20,Vault City Brewing,15%,Stout - Imperial / Double Pastry,Can 330ml,"€ 36,36 per litre"
Snowball,"€ 9,00",Scotland,4.04,Vault City Brewing,6.4%,Sour - Smoothie / Pastry,Can 440ml,"€ 20,45 per litre"
Chocolate Strawberry Dutch Pancakes,"€ 8,40",Scotland,3.97,Vault City Brewing,5.3%,Sour - Smoothie / Pastry,Can 440ml,"€ 19,09 per litre"
What's A Vampire Bat's Favorite Type Of Fruit?,"€ 8,99",Croatia,4.28,Pulfer Brewery,5.5%,Sour - Smoothie / Pastry,500ml,"€ 17,98 per litre"
A Neck-Tarine,"€ 8,99",Croatia,4.27,Pulfer Brewery,5.5%,Sour - Smoothie / Pastry,500ml,"€ 17,98 per litre"
Fruity Bomb,"€ 6,49",Poland,3.99,COYPU,7%,Sour - Smoothie / Pastry,500ml,"€ 12,98 per litre"
Precious,"€ 5,59",Poland,3.88,Browarny Craft Beer,6.5%,IPA - New England / Hazy,500ml,"€ 11,18 per litre"
Last Dayz,"€ 5,49",Poland,3.87,Browarny Craft Beer,7%,Sour - Smoothie / Pastry,500ml,"€ 10,98 per litre"
Delulu,"€ 5,49",Poland,3.85,Browarny Craft Beer,6.5%,IPA - New England / Hazy,500ml,"€ 10,98 per litre"
Sticky Little Fingers (2024),"€ 14,40",Norway,4.03,Amundsen Brewery,12.5%,Stout - Imperial / Double Pastry,Can 440ml,"€ 32,73 per litre"
BA Upside Down Christmas Cake,"€ 13,70",Norway,3.98,Amundsen Brewery,11.5%,Stout - Imperial / Double Pastry,Can 330ml,"€ 41,52 per litre"
Night Sleigher,"€ 8,90",Norway,3.83,Amundsen Brewery,7.5%,IPA - Imperial / Double New England / Hazy,Can 440ml,"€ 20,23 per litre"
Uncle Pops: Raspberry Christmas Float,"€ 7,90",Norway,3.77,Amundsen Brewery,6.5%,Sour - Other,Can 440ml,"€ 17,95 per litre"
Zodiac AF,"€ 4,60",Sweden,3.20,Omnipollo,0.3%,Non-Alcoholic - IPA,Can 330ml,"€ 13,94 per litre"
Santa's Cinnamon Smores,"€ 5,90",Norway,2.96,Amundsen Brewery,0.5%,Non-Alcoholic - Porter / Stout,Can 440ml,"€ 13,41 per litre"
Rivington x Chain House Evil Dead 2 (2024),"€ 10,20",England,4.16,Rivington Brewing Co,8%,IPA - Imperial / Double,Can 500ml,"€ 20,40 per litre"
Rivington x Emperor's Army Of Darkness (2024),"€ 13,50",England,4.04,Rivington Brewing Co,10%,Stout - Imperial / Double,Can 500ml,"€ 27,00 per litre"
Northern Monk x CoolHead Patrons Project 48.01 DDH IPA,"€ 7,50",England,3.88,Northern Monk,6%,IPA - New England / Hazy,Can 440ml,"€ 17,05 per litre"
Northern Monk x Põhjala x Neon Raptor x Resident Culture Dark & Wild 2024,"€ 8,40",England,3.77,Northern Monk,8.4%,Stout - Milk / Sweet,Can 440ml,"€ 19,09 per litre"
Patrons Project 44.02 French Martini Pale Ale,"€ 7,50",England,3.70,Northern Monk,5.7%,Pale Ale - Fruited,Can 440ml,"€ 17,05 per litre"
Patrons Project 36.07 Chris Simpsons Artist Witches Fingers,"€ 7,80",England,3.67,Northern Monk,7%,IPA - New England / Hazy,Can 440ml,"€ 17,73 per litre"
Yonder Roobarb & Custard,"€ 7,70",England,4.08,Yonder Brewing & Blending,7.5%,Sour - Fruited,Can 440ml,"€ 17,50 per litre"
Cats & Frogs,"€ 7,20",England,4.03,Left Handed Giant Brewing,6.5%,IPA - New England / Hazy,Can 440ml,"€ 16,36 per litre"
Mini M*rs,"€ 6,80",Scotland,4.01,Vault City Brewing,6.2%,Stout - Milk / Sweet,Can 440ml,"€ 15,45 per litre"
Yonder Mister Peanut,"€ 6,90",England,3.99,Yonder Brewing & Blending,8%,Stout - Pastry,Can 440ml,"€ 15,68 per litre"
Fear Of The Unknown,"€ 7,80",England,3.98,Left Handed Giant Brewing,6.9%,Stout - Pastry,Can 440ml,"€ 17,73 per litre"
Five Quotes About Infinity,"€ 4,80",England,3.87,Cloudwater Brew Co.,4%,Pale Ale - New England / Hazy,Can 440ml,"€ 10,91 per litre"
Yonder Cherry B'bomb,"€ 6,80",England,3.68,Yonder Brewing & Blending,7%,Stout - Pastry,Can 440ml,"€ 15,45 per litre"
Ocean Beach,"€ 4,80",England,3.64,Cloudwater Brew Co.,4%,Pale Ale - American,Can 440ml,"€ 10,91 per litre"
Cinnamon Bun Brown,"€ 5,30",Scotland,3.56,Simple Things Fermentations,4.8%,Brown Ale - Other,Can 440ml,"€ 12,05 per litre"
Borealis,"€ 10,80",United States,4.27,Spyglass Brewing Company,8.1%,IPA - Imperial / Double New England / Hazy,Can 473ml,"€ 22,83 per litre"
Alternate Universe,"€ 10,80",United States,4.24,Spyglass Brewing Company,8.6%,IPA - Imperial / Double New England / Hazy,Can 473ml,"€ 22,83 per litre"
Ghost In The Machine,"€ 10,20",United States,4.22,Parish Brewing Co.,8%,IPA - Imperial / Double New England / Hazy,Can 473ml,"€ 21,56 per litre"
Parish x Tripping Animals Animals In The Machine,"€ 11,40",United States,4.19,Tripping Animals Brewing Co.,8%,IPA - Imperial / Double New England / Hazy,Can 473ml,"€ 24,10 per litre"
Kinematics,"€ 10,80",United States,4.17,Spyglass Brewing Company,8.4%,IPA - Imperial / Double New England / Hazy,Can 473ml,"€ 22,83 per litre"
State Machine DDH Citra,"€ 9,60",United States,4.11,Spyglass Brewing Company,6.6%,IPA - New England / Hazy,Can 473ml,"€ 20,30 per litre"
Hop Sucker,"€ 6,00",England,3.97,Dark Revolution,5.6%,Pale Ale - New England / Hazy,Can 440ml,"€ 13,64 per litre"
SIPS: Candy Paint,"€ 7,20",United States,3.89,Parish Brewing Co.,4.8%,Sour - Fruited Berliner Weisse,Can 355ml,"€ 20,28 per litre"
Oktoberfest,"€ 6,00",United States,3.82,Parish Brewing Co.,5.4%,Märzen,Can 355ml,"€ 16,90 per litre"
Hop Sauce,"€ 5,10",England,3.78,Dark Revolution,4.8%,Pale Ale - New England / Hazy,Can 440ml,"€ 11,59 per litre"
Voodoo,"€ 5,10",England,3.68,Dark Revolution,5.6%,Porter - English,Can 440ml,"€ 11,59 per litre"
Gang,"€ 7,50",Spain,4.10,SOMA Beer,8%,IPA - Imperial / Double,Can 440ml,"€ 17,05 per litre"
Dizzy,"€ 7,50",Spain,4.04,SOMA Beer,8%,IPA - Imperial / Double New England / Hazy,Can 440ml,"€ 17,05 per litre"
Bad Moon Rising,"€ 6,50",Spain,4.04,Little Rain Brewing Company,6.5%,IPA - New England / Hazy,Can 440ml,"€ 14,77 per litre"
Dissolve Me,"€ 6,50",Spain,3.99,Little Rain Brewing Company,6.8%,IPA - New England / Hazy,Can 440ml,"€ 14,77 per litre"
Un Buen Dia,"€ 6,50",Spain,3.99,Little Rain Brewing Company,7.3%,IPA - New England / Hazy,Can 440ml,"€ 14,77 per litre"
Cloud Nine,"€ 6,95",Spain,3.97,SOMA Beer,6%,IPA - New England / Hazy,Can 440ml,"€ 15,80 per litre"
Clap Back,"€ 6,95",Spain,3.94,SOMA Beer,6%,IPA - New England / Hazy,Can 440ml,"€ 15,80 per litre"
To Ol Snublejuice,"€ 3,75",Denmark,3.50,To Øl,4.5%,IPA - Session,330ml,"€ 11,36 per litre"
Spill it Sister,"€ 3,25",Netherlands,3.47,Brothers In Law Brewing,6.3%,Blonde / Golden Ale - Other,330ml,"€ 9,85 per litre"
Lervig Lucky Jack Grapefruit Edition,"€ 3,50",Norway,3.42,LERVIG,4.7%,Pale Ale - Fruited,330ml,"€ 10,61 per litre"
Dropacana #3,"€ 12,00",United States,4.35,Tin Barn Brewing,4.5%,Sour - Smoothie / Pastry,Can 473ml,"€ 25,37 per litre"
Juice Beast,"€ 13,20",United States,4.26,Tin Barn Brewing,8.5%,IPA - Imperial / Double,Can 473ml,"€ 27,91 per litre"
Glasshouse Gummy,"€ 6,30",England,3.97,GlassHouse Beer Co,5.2%,Pale Ale - New England / Hazy,Can 440ml,"€ 14,32 per litre"
Glasshouse Birthday IPA,"€ 7,50",England,3.89,GlassHouse Beer Co,6.5%,IPA - New England / Hazy,Can 440ml,"€ 17,05 per litre"
Sugar n Spice Maple Pumpkin Pie,"€ 7,00",Scotland,4.07,Vault City Brewing,5.5%,Pumpkin / Yam Beer,Can 440ml,"€ 15,91 per litre"
Westmalle Trappist Tripel,"€ 3,59",Belgium,3.81,Brouwerij der Trappisten van Westmalle,9.5%,Belgian Tripel,330ml,"€ 10,88 per litre"
Das Kriminelle Helle,"€ 3,49",Germany,3.54,Munich Brew Mafia,5%,Lager - Helles,500ml,"€ 6,98 per litre"
Zwickl Plus,"€ 3,49",Germany,3.53,Munich Brew Mafia,4.8%,Kellerbier / Zwickelbier,500ml,"€ 6,98 per litre"
Tennent's Scotch Ale,"€ 2,69",Scotland,3.48,Tennent's Caledonian Brewery,9%,Scotch Ale / Wee Heavy,330ml,"€ 8,15 per litre"
BrewDog x Lemke Trainspotting Cold Pale Ale (Berlin Beer Week 24),"€ 2,99",Scotland,3.37,BrewDog,4.2%,Pale Ale - American,330ml,"€ 9,06 per litre"
Holzhauser Weissbier,"€ 2,49",Germany,3.29,Holzhauser Brauereigasthaus,4.9%,Wheat Beer - Hefeweizen,500ml,"€ 4,98 per litre"
Tennent's 1885 Lager Glutenfrei,"€ 2,79",Scotland,3.12,Tennent's Caledonian Brewery,5%,Lager - Pale,330ml,"€ 8,45 per litre"
"Fruitesse On The Rocks 0,0 Alkoholfreies Fruitbeer","€ 2,69",Belgium,3.09,Brouwerij Liefmans,5%,Non-Alcoholic - Other,Bottle 250ml,"€ 10,76 per litre"
Xmas Override Imperial Chocolate Orange Milkshake Stout,"€ 8,50",Sweden,3.92,Nerdbrewing,11.5%,Stout - Imperial / Double Milk,330ml,"€ 25,76 per litre"
Double IPA,"€ 3,10",Poland,3.51,Browar Zamkowy Cieszyn,8%,IPA - Imperial / Double,Bottle 500ml,"€ 6,20 per litre"
Pilsner,"€ 1,80",Poland,3.24,Browar Zamkowy Cieszyn,4.8%,Pilsner - Czech / Bohemian,Bottle 500ml,"€ 3,60 per litre"
Pilsner - keg zwrotny,"€ 159,40",Poland,3.24,Browar Zamkowy Cieszyn,4.8%,Pilsner - Czech / Bohemian,30000ml,"€ 5,31 per litre"
Never Have I Ever,"€ 4,60",Poland,3.91,Browar Stu Mostów,6.2%,IPA - New England / Hazy,Can 440ml,"€ 10,45 per litre"
Stammberg-Bock,"€ 2,50",Germany,3.71,Brauerei Knoblach Schammelsdorf,7.2%,Bock - Hell / Maibock / Lentebock,500ml,"€ 5,00 per litre"
Supadupa IPA,"€ 2,80",Germany,3.59,ÜberQuell Brauwerkstätten,6%,IPA - American,330ml,"€ 8,48 per litre"
Räuschla,"€ 2,50",Germany,3.56,Brauerei Knoblach Schammelsdorf,5.4%,Märzen,500ml,"€ 5,00 per litre"
Lager,"€ 2,00",Germany,3.51,Brauerei Knoblach Schammelsdorf,5.3%,Kellerbier / Zwickelbier,500ml,"€ 4,00 per litre"
PillePalle,"€ 2,80",Germany,3.48,ÜberQuell Brauwerkstätten,0.4%,Non-Alcoholic - Pale Ale,330ml,"€ 8,48 per litre"
Bambule Pils,"€ 2,00",Germany,3.46,ÜberQuell Brauwerkstätten,4.8%,Pilsner - German,330ml,"€ 6,06 per litre"
Palim Palim Pale Ale,"€ 2,80",Germany,3.44,ÜberQuell Brauwerkstätten,5.3%,Pale Ale - English,330ml,"€ 8,48 per litre"
Julebryg,"€ 12,90",Germany,?,ÜberQuell Brauwerkstätten,8%,Spiced / Herbed Beer,Bottle 750ml,"€ 17,20 per litre"
(x Verdant) - Lizard - IPA,"€ 7,80",England,4.04,Duration Brewing,6.5%,IPA - American,Can 440ml,"€ 17,73 per litre"
"The Kernel - Export Stout, London 1890","€ 5,40",England,3.95,The Kernel Brewery,7.3%,Stout - Foreign / Export,330ml,"€ 16,36 per litre"
Rivington - That's That Tree - DDH Pale,"€ 6,60",England,3.93,Rivington Brewing Co,5.5%,Pale Ale - New England / Hazy,500ml,"€ 13,20 per litre"
Burning Sky - NZ Pils,"€ 5,40",England,3.75,Burning Sky Brewery,4.5%,Pilsner - New Zealand,Can 440ml,"€ 12,27 per litre"
Fyne Ales - Workbench - IPA,"€ 5,10",Scotland,3.55,Fyne Ales,5.5%,IPA - American,Can 440ml,"€ 11,59 per litre"
Öö,"€ 4,10",Estonia,3.93,Põhjala,10.5%,Porter - Imperial / Double Baltic,330ml,"€ 12,42 per litre"
St Feuillien Blonde,"€ 3,10",Belgium,3.49,Brasserie St-Feuillien,7.5%,Belgian Strong Golden Ale,330ml,"€ 9,39 per litre"
Vedett Extra Pils / Extra Blond,"€ 2,15",Belgium,3.27,Duvel Moortgat,5.2%,Pilsner - Other,330ml,"€ 6,52 per litre"
Huppendorfer Weihnachtsfestbier,"€ 2,20",Germany,3.52,Brauerei Gasthof Grasser,5.5%,Festbier,500ml,"€ 4,40 per litre"
Günther Wintergold,"€ 2,00",Germany,3.45,Günther-Bräu,5.8%,Lager - Winter,500ml,"€ 4,00 per litre"
Reh Bock,"€ 2,10",United States,3.36,Saddlebock Brewery,6.3%,Bock - Single / Traditional,500ml,"€ 4,20 per litre"
Salsa Verde,"€ 6,75",Spain,4.21,Basqueland Brewing,10%,IPA - Triple New England / Hazy,Can 440ml,"€ 15,34 per litre"
Vortex,"€ 6,75",Norway,4.21,Salikatt Bryggeri,8%,IPA - Imperial / Double New England / Hazy,Can 440ml,"€ 15,34 per litre"
Txuleton,"€ 6,50",Spain,4.12,Basqueland Brewing,8%,IPA - Imperial / Double,Can 440ml,"€ 14,77 per litre"
Sobremesa,"€ 6,50",Spain,4.11,Basqueland Brewing,12%,Stout - Imperial / Double Pastry,Can 440ml,"€ 14,77 per litre"
New England Christmas 2024,"€ 6,45",Norway,3.98,Salikatt Bryggeri,7%,IPA - New England / Hazy,Can 440ml,"€ 14,66 per litre"
Bonito Del Norte,"€ 5,50",Spain,3.96,Basqueland Brewing,6.4%,IPA - New England / Hazy,Can 440ml,"€ 12,50 per litre"
Juleglod 2024,"€ 7,15",Norway,3.92,Salikatt Bryggeri,10%,Belgian Quadrupel,Can 440ml,"€ 16,25 per litre"
Timeless 2024,"€ 13,75",Norway,3.92,Salikatt Bryggeri,8.9%,Lager - Dark,Can 440ml,"€ 31,25 per litre"
Surf & Turf,"€ 5,15",Spain,3.86,Basqueland Brewing,7%,IPA - American,Can 440ml,"€ 11,70 per litre"
Christmas On Fire 2024,"€ 6,15",Norway,3.83,Salikatt Bryggeri,7%,IPA - Other,Can 440ml,"€ 13,98 per litre"
Gingerman's Candy Cabin,"€ 8,20",Greece,3.80,Seven Island Brewery,11%,Stout - Imperial / Double Pastry,Can 440ml,"€ 18,64 per litre"
Bramble On,"€ 6,95",Spain,3.72,Basqueland Brewing,5.7%,Sour - Fruited,Can 440ml,"€ 15,80 per litre"
Lübi Libre,"€ 4,99",Germany,3.19,Sudden Death Brewing Co.,5.7%,Non-Alcoholic - Pale Ale,Can 440ml,"€ 11,34 per litre"
Rhodesian,"€ 9,99",Netherlands,3.65,Brouwerij Frontaal,11.3%,Barleywine - American,Can 440ml,"€ 11,34 per litre"
Wywar Martin,"€ 4,24",Slovakia,3.32,Holíčsky pivovar Wywar,4.8%,Pilsner - Czech / Bohemian,Bottle 750ml,"€ 5,65 per litre"
(Growler) Bourbon Barrel Aged Back Already?,"€ 9,99",Sweden,3.95,Stigbergets Bryggeri,12%,Stout - Imperial / Double Milk,Can 440ml,"€ 22,70 per litre"
(Growler) Twisted Transistor,"€ 8,99",Germany,3.53,FrauGruber Brewing,8.2%,Bock - Weizendoppelbock,Can 440ml,"€ 20,43 per litre"
Piece of Cake ‘Rocky Road',"€ 4,12",Netherlands,4.04,Brouwerij Frontaal,10%,Stout - Imperial / Double Pastry,330ml,"€ 12,48 per litre"
For the Love of Hops ”Scarlet”,"€ 5,45",Netherlands,4.03,Brouwerij Frontaal,9.5%,IPA - Triple New England / Hazy,330ml,"€ 16,52 per litre"
The Vegan DIPA,"€ 24,00",United States,4.43,Fidens Brewing Co,8.5%,IPA - Imperial / Double New England / Hazy,473ml,"€ 50,74 per litre"
Eugene's Axe DIPA,"€ 24,00",United States,4.43,Fidens Brewing Co,8.5%,IPA - Imperial / Double New England / Hazy,473ml,"€ 50,74 per litre"
The Butcher DIPA,"€ 24,00",United States,4.43,Fidens Brewing Co,8.5%,IPA - Imperial / Double New England / Hazy,473ml,"€ 50,74 per litre"
Dock 53 100% Peacharine IPA,"€ 12,90",Canada,4.32,Le Ketch,6.5%,IPA - New England / Hazy,473ml,"€ 27,27 per litre"
Triple Bloodbath TIPA,"€ 14,10",Canada,4.32,Third Moon Brewing Company,10.5%,IPA - Triple New England / Hazy,473ml,"€ 29,81 per litre"
Fictive DIPA,"€ 12,90",Canada,4.31,Brasserie du Bas-Canada,8.2%,IPA - Imperial / Double,473ml,"€ 27,27 per litre"
Fundamental Observation 2024 Imperial Stout,"€ 49,50",United States,4.31,Bottle Logic Brewing,14%,Stout - Imperial / Double,500ml,"€ 99,00 per litre"
Super Fractal Julia Set TIPA,"€ 12,40",United States,4.27,Equilibrium Brewery,10.5%,IPA - Triple,473ml,"€ 26,22 per litre"
Amulet Sour IPA,"€ 11,70",United States,4.27,Hudson Valley Brewery,7%,IPA - Sour,473ml,"€ 24,74 per litre"
Fais De Beaux Rêves DIPA,"€ 13,20",Canada,4.26,Messorem,8.5%,IPA - Imperial / Double New England / Hazy,473ml,"€ 27,91 per litre"
Dock 89 Pacifica & Motueka IPA,"€ 12,90",Canada,4.25,Le Ketch,6.5%,IPA - New England / Hazy,473ml,"€ 27,27 per litre"
Painting Dreams Nelson IPA,"€ 22,70",United States,4.24,Fidens Brewing Co,7%,IPA - American,473ml,"€ 47,99 per litre"
Flawed Gods DIPA,"€ 13,20",Canada,4.23,Third Moon Brewing Company,8%,IPA - Imperial / Double New England / Hazy,473ml,"€ 27,91 per litre"
Colonization (Ghost Colonization) TIPA,"€ 12,40",United States,4.23,Adroit Theory,10.2%,IPA - Triple New England / Hazy,473ml,"€ 26,22 per litre"
Lupulin Reserves TIPA,"€ 12,40",United States,4.22,Equilibrium Brewery,10.5%,IPA - Triple,473ml,"€ 26,22 per litre"
Flash Point 2024 Barleywine,"€ 49,50",United States,4.21,Bottle Logic Brewing,12.5%,Barleywine - English,500ml,"€ 99,00 per litre"
Freefall TIPA,"€ 12,40",Canada,4.21,Willibald Farm Brewery,10.2%,IPA - Triple New England / Hazy,473ml,"€ 26,22 per litre"
"Dock 88 Pacifica, Nelson Sauvin, Motueka & Cascade NZ IPA","€ 12,90",Canada,4.21,Le Ketch,6.5%,IPA - New England / Hazy,473ml,"€ 27,27 per litre"
Onyx Fly DIPA,"€ 12,10",United States,4.19,Hop Butcher For The World,7.5%,IPA - Imperial / Double New England / Hazy,473ml,"€ 25,58 per litre"
Quintuple Continuous Blood Quintuple IPA,"€ 15,10",Canada,4.17,Third Moon Brewing Company,13.5%,IPA - Other,Can 440ml,"€ 34,32 per litre"
Brume Du Littoral DIPA,"€ 13,70",Canada,4.14,Le Ketch,8%,IPA - Imperial / Double New England / Hazy,473ml,"€ 28,96 per litre"
AK [Martyr Warrior] Ghost 1100 TIPA,"€ 12,40",United States,4.14,Adroit Theory,10%,IPA - Triple New England / Hazy,473ml,"€ 26,22 per litre"
Stellar Evolution DIPA,"€ 11,30",United States,4.00,Equilibrium Brewery,8%,IPA - Imperial / Double,473ml,"€ 23,89 per litre"
Grande Reserve Fermentee En Barriques Brandy (02/2024),"€ 27,99",Belgium,4.10,Bières de Chimay,9%,Belgian Strong Dark Ale,Bottle 750ml,"€ 37,32 per litre"
Grande Réserve Limited Edition (2024),"€ 12,99",Belgium,4.10,Bières de Chimay,9%,Belgian Strong Dark Ale,Bottle 750ml,"€ 17,32 per litre"
Session IPA,"€ 5,58",Czech Republic,3.65,Pivovar Mazák,5.2%,IPA - Session,Bottle 750ml,"€ 7,44 per litre"
Stárka,"€ 5,13",Czech Republic,3.61,Pivovar Mazák,5%,Lager - Světlé (Czech Pale),Bottle 750ml,"€ 6,84 per litre"
Monster Brunch,"€ 46,99",United States,4.35,The Bruery,16.3%,Stout - Imperial / Double,Bottle 750ml,"€ 62,65 per litre"
Cobbled Together,"€ 36,99",United States,4.21,The Bruery,15.5%,Stout - Imperial / Double,Bottle 750ml,"€ 49,32 per litre"
Bug Paradise,"€ 5,95",Portugal,3.84,Fermentage,5%,Sour - Other,Bottle 375ml,"€ 15,87 per litre"
Venus Effect,"€ 4,00",Belgium,3.53,Brasserie Surréaliste,4.5%,Sour - Traditional Gose,330ml,"€ 12,12 per litre"
Andechs Hefe Weisse Hell,"€ 4,50",Germany,3.71,Klosterbrauerei Andechs,5.5%,Wheat Beer - Hefeweizen,500ml,"€ 9,00 per litre"
Faro,"€ 2,10",Belgium,3.47,Brouwerij Lindemans,4%,Lambic - Faro,Bottle 250ml,"€ 8,40 per litre"
Copenhague,"€ 6,49",Spain,4.03,Little Rain Brewing Company,7.9%,IPA - Imperial / Double New England / Hazy,Can 440ml,"€ 14,75 per litre"
Dissolve Me,"€ 6,29",Spain,3.99,Little Rain Brewing Company,6.8%,IPA - New England / Hazy,Can 440ml,"€ 14,30 per litre"
Dairyfreak Raspberry Juice,"€ 3,99",England,3.54,Magic Rock Brewing,5.2%,Porter - Other,330ml,"€ 12,09 per litre"
Double Reveries Of… Citra,"€ 7,69",Finland,4.24,Factory Brewing,8%,IPA - Imperial / Double New England / Hazy,Can 440ml,"€ 17,48 per litre"
Banana X Mango X Pineapple Smoothie Sour Ale,"€ 6,99",Latvia,4.22,Ārpus Brewing Co.,4.5%,Sour - Smoothie / Pastry,Can 440ml,"€ 15,89 per litre"
Tonka X Coffee X Vanilla Imperial Stout,"€ 7,49",Latvia,4.14,Ārpus Brewing Co.,12%,Stout - Imperial / Double,Can 440ml,"€ 17,02 per litre"
GANG,"€ 7,49",Spain,4.10,SOMA Beer,8%,IPA - Imperial / Double,Can 440ml,"€ 17,02 per litre"
TDH Hops X Art #25 IPA,"€ 5,99",Latvia,4.06,Ārpus Brewing Co.,6.5%,IPA - New England / Hazy,Can 440ml,"€ 13,61 per litre"
TDH Strata X Riwaka IPA,"€ 5,99",Latvia,4.06,Ārpus Brewing Co.,6.5%,IPA - New England / Hazy,Can 440ml,"€ 13,61 per litre"
TDH Peacharine X Motueka DIPA,"€ 6,49",Latvia,4.05,Ārpus Brewing Co.,8%,IPA - Imperial / Double New England / Hazy,Can 440ml,"€ 14,75 per litre"
Soon Never Comes,"€ 6,29",Ireland,4.01,Whiplash,8.5%,IPA - Imperial / Double New England / Hazy,Can 440ml,"€ 14,30 per litre"
Project D,"€ 5,79",Wales,3.68,Tiny Rebel Brewing Co,6.5%,Stout - Pastry,Can 440ml,"€ 13,16 per litre"
WILL IT FLOAT #9,"€ 8,49",Netherlands,4.18,White Dog Brewery,6%,Sour - Smoothie / Pastry,Can 440ml,"€ 19,30 per litre"
VALHALL Jamaican Black BA Chaga/Bjørkesevje Edition,"€ 14,99",Norway,4.39,RYGR Brygghús,12.5%,Barleywine - Other,330ml,"€ 45,42 per litre"
COMMERCE WITHOUT MORALITY,"€ 9,79",England,4.29,Bang The Elephant Brewing Co,11.2%,Stout - Imperial / Double,Can 440ml,"€ 22,25 per litre"
MUNIN BA Imperial Stout Creme Brulee Ed.,"€ 14,49",Norway,4.29,RYGR Brygghús,12.5%,Stout - Imperial / Double Pastry,330ml,"€ 43,91 per litre"
HUGIN BA Imperial Stout Tennessee Whiskey,"€ 13,99",Norway,4.28,RYGR Brygghús,16%,Stout - Imperial / Double,330ml,"€ 42,39 per litre"
HUGIN Imperial Coffee Stout Tennessee Whiskey Barrel,"€ 13,99",Norway,4.24,RYGR Brygghús,12.5%,Stout - Imperial / Double Coffee,330ml,"€ 42,39 per litre"
Politics Without Principle,"€ 9,79",England,4.19,Bang The Elephant Brewing Co,11.3%,Stout - Imperial / Double,Can 440ml,"€ 22,25 per litre"
IMPERIAL STOUT – RUM BELIZE & PANAMA B.A 18 Mois,"€ 8,49",France,4.16,Popihn,12%,Stout - Imperial / Double,330ml,"€ 25,73 per litre"
IMPERIAL STOUT – COGNAC B.A 12 Mois,"€ 8,49",France,4.07,Popihn,12%,Stout - Imperial / Double,330ml,"€ 25,73 per litre"
IMPERIAL STOUT – MEZCAL B.A 18 Mois,"€ 8,49",France,4.06,Popihn,12%,Stout - Imperial / Double,330ml,"€ 25,73 per litre"
Asteroid Insurance Policy,"€ 6,79",England,4.02,Azvex Brewing Company,7%,IPA - New England / Hazy,Can 440ml,"€ 15,43 per litre"
Planned Obsolescence,"€ 6,29",England,3.98,Azvex Brewing Company,5.4%,IPA - American,Can 440ml,"€ 14,30 per litre"
Seid Phantasm 4,"€ 4,99",Norway,3.95,RYGR Brygghús,8%,IPA - Imperial / Double New England / Hazy,330ml,"€ 15,12 per litre"
Seid Phantasm 3,"€ 4,99",Norway,3.94,RYGR Brygghús,8%,IPA - Imperial / Double New England / Hazy,330ml,"€ 15,12 per litre"
Worship Without Sacrifice,"€ 9,79",England,3.91,Bang The Elephant Brewing Co,11.5%,Stout - Imperial / Double,Can 440ml,"€ 22,25 per litre"
Cymatic Sand,"€ 6,79",England,3.91,Azvex Brewing Company,6.5%,IPA - New England / Hazy,Can 440ml,"€ 15,43 per litre"
ITS NOT ME. ITS I.B.U,"€ 6,79",England,3.47,Bang The Elephant Brewing Co,7%,IPA - American,Can 440ml,"€ 15,43 per litre"
De Dochter Van De Burgemeester,"€ 2,79",Netherlands,3.47,Bierbrouwerij De Magistraat,5.9%,Belgian Blonde,330ml,"€ 8,45 per litre"
Double Steady Rolling Strata,"€ 8,40",England,4.14,DEYA Brewing Company,8%,IPA - Imperial / Double New England / Hazy,500ml,"€ 16,80 per litre"
Steady Rolling Strata,"€ 6,60",England,3.99,DEYA Brewing Company,5.2%,Pale Ale - New England / Hazy,500ml,"€ 13,20 per litre"
NEIPA No.5,"€ 5,40",England,3.87,Howling Hops,5.9%,IPA - New England / Hazy,Can 440ml,"€ 12,27 per litre"
Zware Jongen Tripel,"€ 3,45",Netherlands,3.62,Brouwerij Maallust,8.7%,Belgian Tripel,300ml,"€ 11,50 per litre"
Wheat Dreams,"€ 3,79",Netherlands,3.46,Brouwerij Kees,5.2%,Wheat Beer - Hopfenweisse,Can 440ml,"€ 8,61 per litre"
Rochefort Triple Extra,"€ 3,50",Belgium,3.76,Abbaye Notre-Dame de Saint-Rémy,8.1%,Belgian Tripel,330ml,"€ 10,61 per litre"
Zundert 10,"€ 3,50",Netherlands,3.74,Trappistenbrouwerij de Kievit B.V.,10%,Belgian Quadrupel,330ml,"€ 10,61 per litre"
Première (Red),"€ 2,95",Belgium,3.72,Bières de Chimay,9%,Belgian Dubbel,330ml,"€ 8,94 per litre"
Zundert 8,"€ 3,20",Netherlands,3.65,Trappistenbrouwerij de Kievit B.V.,8%,Belgian Tripel,330ml,"€ 9,70 per litre"
Flotzinger Weizen Alcohol Free,"€ 2,70",Germany,3.37,Flötzinger Bräu,5.3%,Wheat Beer - Dunkelweizen,500ml,"€ 5,40 per litre"
Coconut Coffee Stout By Rackhouse,"€ 19,99",Norway,4.38,LERVIG,13%,Stout - Imperial / Double,Bottle 375ml,"€ 53,31 per litre"
Vortex,"€ 6,99",Norway,4.21,Salikatt Bryggeri,8%,IPA - Imperial / Double New England / Hazy,Can 440ml,"€ 15,89 per litre"
Ridgeline,"€ 7,49",Norway,4.18,Salikatt Bryggeri,10%,IPA - Triple New England / Hazy,Can 440ml,"€ 17,02 per litre"
Fluid Mechanics,"€ 6,99",Norway,4.14,Salikatt Bryggeri,8%,IPA - Imperial / Double New England / Hazy,Can 440ml,"€ 15,89 per litre"
Cloudscape,"€ 6,99",Norway,3.94,Salikatt Bryggeri,7%,IPA - New England / Hazy,Can 440ml,"€ 15,89 per litre"
Juicebox,"€ 7,49",Netherlands,3.88,White Dog Brewery,5.4%,IPA - New England / Hazy,Can 440ml,"€ 17,02 per litre"
Soulfly – Prophecy of the Hops,"€ 4,79",Austria,3.70,Brauhaus Bevog,4.3%,IPA - Session,500ml,"€ 9,58 per litre"
Nelson Many Ways - Eggers Hops,"€ 23,99",United States,4.34,Tree House Brewing Company,8.2%,IPA - Imperial / Double New England / Hazy,Can 470ml,"€ 51,04 per litre"
Yellow Lady Slipper,"€ 23,99",United States,4.22,Tree House Brewing Company,7%,IPA - New England / Hazy,Can 470ml,"€ 51,04 per litre"
Rioja Edition 2024 Imperial Irish Red Ale,"€ 7,10",Netherlands,4.00,Brouwerij de Molen,9.5%,Red Ale - Imperial / Double,330ml,"€ 21,52 per litre"
Sorachi & Sriracha,"€ 4,10",Netherlands,3.51,Brouwerij de Molen,8%,Porter - Other,330ml,"€ 12,42 per litre"
Biscotti Afterparty,"€ 4,40",Netherlands,3.24,Uiltje Brewing Company,5.6%,Porter - Other,330ml,"€ 12,42 per litre"
Dutch Plumber,"€ 7,25",France,4.12,Game Over Brewing Co.,10.5%,Stout - Imperial / Double,Can 440ml,"€ 16,48 per litre"
Creepshow,"€ 6,90",France,4.02,Game Over Brewing Co.,8%,IPA - Imperial / Double,Can 440ml,"€ 15,68 per litre"
Texas Terror Brew,"€ 7,25",France,3.91,Game Over Brewing Co.,10%,IPA - Triple New England / Hazy,Can 440ml,"€ 16,48 per litre"
Trouble Sleep,"€ 5,99",Sweden,3.79,Stigbergets Bryggeri,12%,Stout - Imperial / Double Coffee,330ml,"€ 18,15 per litre"
Lemon3 Limoncello,"€ 22,00",United States,3.72,Reuben's Brews,35%,Sour - Fruited Gose,500ml,"€ 44,00 per litre"
Halloween Night,"€ 6,50",France,3.70,Game Over Brewing Co.,6.5%,IPA - American,Can 440ml,"€ 14,77 per litre"
Big Bourbon Barrel Aged Stout 2021,"€ 9,50",Sweden,4.12,Stigbergets Bryggeri,13.5%,Stout - Imperial / Double,Can 440ml,"€ 21,59 per litre"
Othala,"€ 30,00",Netherlands,3.97,Nemeton Brewing,11%,Mead - Melomel,500ml,"€ 60,00 per litre"
Day Zero,"€ 6,40",Sweden,3.96,Stigbergets Bryggeri,12.5%,Stout - Imperial / Double,Can 440ml,"€ 14,55 per litre"
Good Old Doggy Days (Simcoe),"€ 4,99",Germany,3.64,Lieber Waldi,5%,Lager - Helles,Can 440ml,"€ 11,34 per litre"
Magazine Cover,"€ 6,40",England,3.74,DEYA Brewing Company,4.2%,Pale Ale - New England / Hazy,Can 500ml,"€ 12,80 per litre"
Shadows of Conversation - Mosaic Idaho 7,"€ 5,60",England,3.52,DEYA Brewing Company,2.8%,Table Beer,Can 500ml,"€ 11,20 per litre"
Bezalkoholowy,"€ 2,60",Poland,3.25,WRCLW,0.5%,Non-Alcoholic - IPA,Bottle 500ml,"€ 5,20 per litre"
Tiny Violence,"€ 5,90",England,3.70,Indie Rabble,5%,Stout - English,Can 440ml,"€ 13,41 per litre"
Ding,"€ 4,70",England,3.55,Double-Barrelled Brewery,4.9%,Kellerbier / Zwickelbier,Can 440ml,"€ 10,68 per litre"
Peckham Pale,"€ 3,80",England,3.54,Brick Brewery,4.5%,Pale Ale - American,Can 330ml,"€ 11,52 per litre"
Peckham Helles,"€ 3,50",England,3.32,Brick Brewery,4.2%,Lager - Helles,Can 330ml,"€ 10,61 per litre"
Swell,"€ 3,20",England,3.04,The Gipsy Hill Brewing Co.,4%,Non-Alcoholic Beer - Lager,Can 330ml,"€ 9,70 per litre"
King ArthuD2,"€ 4,99",Romania,3.78,Clandestin Beer,6%,IPA - New England / Hazy,500ml,"€ 9,98 per litre"
Apple Fanadle,"€ 25,00",Netherlands,4.28,Nemeton Brewing,11%,Mead - Melomel,500ml,"€ 50,00 per litre"
Lervig Konrad's Stout,"€ 4,99",Norway,3.86,LERVIG,10.4%,Stout - Russian Imperial,Can 330ml,"€ 15,12 per litre"
St. Bernardus Christmas Ale,"€ 4,29",Belgium,3.86,Brouwerij St.Bernardus,10%,Winter Ale,330ml,"€ 13,00 per litre"
Huyghe Delirium Christmas,"€ 3,99",Belgium,3.76,Delirium - Huyghe Brewery,10%,Winter Ale,330ml,"€ 12,09 per litre"
Delicious Citrus,"€ 2,99",United States,3.70,Stone Brewing,7.7%,IPA - American,355ml,"€ 8,42 per litre"
Grand Cru,"€ 3,29",Belgium,3.65,Brouwerij Rodenbach,6%,Sour - Flanders Red Ale,330ml,"€ 9,97 per litre"
Classic,"€ 2,19",Belgium,3.45,Brouwerij Rodenbach,5.2%,Sour - Flanders Red Ale,Bottle 250ml,"€ 8,76 per litre"
Raspberry Rush,"€ 4,69",Denmark,3.18,Mikkeller,0.3%,Non-Alcoholic - Other,330ml,"€ 14,21 per litre"
Buttenheimer Hopfenzupfer,"€ 2,30",Germany,3.52,St. GeorgenBräu,5.6%,Märzen,500ml,"€ 4,60 per litre"
De Cort Schaarbeekse Kriek - LIMITED EDITION,"€ 17,31",Belgium,4.14,De Cort Distillery,5%,Lambic - Kriek,Bottle 750ml,"€ 23,08 per litre"
Master Quad 2 years Red Wine BA,"€ 3,00",Belgium,3.90,Brewery De Meester,9.5%,Belgian Quadrupel,330ml,"€ 9,09 per litre"
Blended With Lumber #3,"€ 14,00",United States,4.32,Timber Ales,13.4%,Stout - Imperial / Double,355ml,"€ 39,44 per litre"
Gaze Into The Abyss,"€ 10,50",Romania,4.36,Metanoia Brewing,12%,Stout - Imperial / Double,330ml,"€ 31,82 per litre"
Blessing Of Despair,"€ 10,50",Romania,4.27,Metanoia Brewing,12%,Stout - Imperial / Double Coffee,330ml,"€ 31,82 per litre"
Koffiestout,"€ 3,45",Netherlands,3.43,Brouwerij Leidse Goud,7.5%,Stout - Coffee,330ml,"€ 31,82 per litre"
Pioneers & Explorers (PULP),"€ 8,49",Sweden,4.34,Elmeleven,5%,Sour - Smoothie / Pastry,Can 440ml,"€ 19,30 per litre"
All the Beatiful Things,"€ 7,79",Brazil,4.17,Cervejaria Escafandrista,8%,IPA - Imperial / Double New England / Hazy,Can 440ml,"€ 17,70 per litre"
Harvest Time,"€ 6,99",Netherlands,4.12,Folkingebrew,10%,IPA - Triple New England / Hazy,Can 440ml,"€ 15,89 per litre"
Vatgerijpt Quadrupel 005/2024 Martell Cognac,"€ 7,49",Netherlands,4.10,Eggens,11%,Belgian Quadrupel,330ml,"€ 22,70 per litre"
Imperial Stout Whisky Vatgerijpt 006/2024,"€ 7,29",Netherlands,3.90,Eggens,11%,Stout - Imperial / Double,330ml,"€ 22,09 per litre"
Mirage,"€ 6,99",Netherlands,3.89,Folkingebrew,5%,IPA - Sour,Can 440ml,"€ 15,89 per litre"
Russian Imperial Stout,"€ 3,99",Netherlands,3.79,Eggens,11%,Stout - Russian Imperial,330ml,"€ 12,09 per litre"
Barley Wine,"€ 3,99",Netherlands,3.76,Eggens,12.5%,Barleywine - American,330ml,"€ 12,09 per litre"
Koffielust,"€ 3,99",Netherlands,3.74,Eggens,10%,Stout - Imperial / Double Coffee,330ml,"€ 12,09 per litre"
Quadrupel,"€ 3,79",Netherlands,3.65,Eggens,10%,Belgian Quadrupel,330ml,"€ 11,48 per litre"
Fresh Hop IPA,"€ 4,49",Netherlands,3.65,Two Chefs Brewing,6.7%,IPA - American,330ml,"€ 13,61 per litre"
ZWAAR Blond,"€ 3,29",Netherlands,3.51,Eggens,8.3%,Belgian Strong Golden Ale,330ml,"€ 9,97 per litre"
Tripel,"€ 3,29",Netherlands,3.49,Eggens,9%,Belgian Tripel,330ml,"€ 9,97 per litre"
St Bernardus Christmas Ale (750ml),"€ 16,20",Belgium,3.86,Brouwerij St.Bernardus,10%,Winter Ale,Bottle 750ml,"€ 21,60 per litre"
The King (Golden Ale Ukrainian),"€ 5,95",Ukraine,3.49,Дідько Brewery,10%,Golden Ale - Ukrainian,Can 440ml,"€ 13,52 per litre"
Weijsbeer Bock,"€ 3,45",Netherlands,3.48,De Blauwe IJsbeer,6%,Bock - Weizenbock,330ml,"€ 10,45 per litre"
Lervig Paragon 2023,"€ 19,99",Norway,4.38,LERVIG,13%,Barleywine - English,Bottle 375ml,"€ 53,31 per litre"
Lervig Rackhouse Off the Rack Paragon 2023,"€ 34,99",Norway,4.38,LERVIG,13.5%,Barleywine - Other,Bottle 750ml,"€ 46,65 per litre"
Viking Brunchfest Club,"€ 10,49",Norway,4.20,Amundsen Brewery,13.5%,Stout - Imperial / Double Pastry,Can 440ml,"€ 23,84 per litre"
Night Sleigher,"€ 7,99",Norway,3.83,Amundsen Brewery,7.5%,IPA - Imperial / Double New England / Hazy,Can 440ml,"€ 18,16 per litre"
Lervig Hype Dream Mango & Passionfruit,"€ 6,99",Norway,3.81,LERVIG,6.5%,Sour - Smoothie / Pastry,330ml,"€ 21,18 per litre"
Brewdog Hoppy Christmas,"€ 2,99",Scotland,3.80,BrewDog,7.2%,IPA - American,330ml,"€ 9,06 per litre"
Lervig Hoppy Holiday Haze,"€ 5,99",Norway,3.55,LERVIG,4.7%,Pale Ale - Milkshake,500ml,"€ 11,98 per litre"
Santa's Hop Sack,"€ 6,89",Norway,3.53,Amundsen Brewery,5.3%,IPA - New England / Hazy,Can 440ml,"€ 15,66 per litre"
BrewDog Crazy Monk,"€ 2,89",Germany,3.45,BrewDog Deutschland,5%,Lager - Helles,Can 440ml,"€ 6,57 per litre"
Super Santa,"€ 5,99",Norway,3.44,Amundsen Brewery,4.7%,Stout - Pastry,330ml,"€ 18,15 per litre"
Christmas Morning,"€ 5,99",Norway,3.37,Amundsen Brewery,4.7%,Stout - Pastry,330ml,"€ 18,15 per litre"
Pohjala Treeninglaager,"€ 3,79",Estonia,3.01,Põhjala,0.5%,Non-Alcoholic - Lager,Can 440ml,"€ 8,61 per litre"
Pohjala Virmalised 0,"€ 3,29",Estonia,2.88,Põhjala,0.5%,Non-Alcoholic - IPA,330ml,"€ 9,97 per litre"
Berliner Bären-Bräu,"€ 2,69",Estonia,2.88,BrewDog,0.5%,Non-Alcoholic - IPA,Can 440ml,"€ 6,11 per litre"
Roobarb & Custard,"€ 8,00",England,4.08,Yonder Brewing & Blending,7.5%,Sour - Fruited,Can 440ml,"€ 18,18 per litre"
Mr Peanut,"€ 7,10",England,3.99,Yonder Brewing & Blending,8%,Stout - Pastry,Can 440ml,"€ 16,14 per litre"
Vobes,"€ 6,60",England,3.90,Indie Rabble,6.2%,IPA - New England / Hazy,Can 440ml,"€ 15,00 per litre"
Berry Crumble,"€ 7,50",England,3.90,Double-Barrelled Brewery,5.5%,Sour - Smoothie / Pastry,Can 440ml,"€ 17,05 per litre"
Stroop,"€ 6,10",England,3.81,Double-Barrelled Brewery,6%,Stout - Other,Can 440ml,"€ 13,86 per litre"
Shrimps & Bananas,"€ 7,20",England,3.80,Yonder Brewing & Blending,5%,Sour - Fruited,Can 440ml,"€ 16,36 per litre"
Marzen,"€ 5,40",England,3.78,Indie Rabble,5.2%,Märzen,Can 440ml,"€ 12,27 per litre"
Melon Boat,"€ 7,00",England,3.71,Yonder Brewing & Blending,4.5%,Sour - Fruited,Can 440ml,"€ 15,91 per litre"
Cherry B'Bomb,"€ 7,10",England,3.68,Yonder Brewing & Blending,7.5%,Stout - Pastry,Can 440ml,"€ 16,14 per litre"
At Ease (Altbier),"€ 14,75",United States,3.89,Tree House Brewing Company,5.4%,Altbier - Traditional,473ml,"€ 31,18 per litre"
Nordic Noir 3,"€ 19,95",Norway,4.30,Nøgne Ø,15%,Strong Ale - Other,330ml,"€ 60,45 per litre"
Nordic Noir 3 Loupiac Barrel Ed,"€ 22,95",Norway,4.20,Nøgne Ø,15%,Strong Ale - Other,330ml,"€ 69,55 per litre"
Julequad,"€ 5,95",Norway,3.81,Nøgne Ø,12%,Belgian Quadrupel,,
God Jul,"€ 5,55",Norway,3.63,Nøgne Ø,8.5%,Winter Ale,500ml,"€ 11,10 per litre"
Grønn Jul,"€ 5,25",Norway,3.55,Nøgne Ø,7%,IPA - Other,500ml,"€ 11,10 per litre"
Terra Nova,"€ 5,29",Sweden,4.13,Stigbergets Bryggeri,10%,IPA - Triple New England / Hazy,500ml,"€ 11,10 per litre"
Dutch Plumber,"€ 7,29",France,4.12,Game Over Brewing Co.,10.5%,Stout - Imperial / Double,Can 440ml,"€ 16,57 per litre"
Big Bourbon Barrel Aged Stout 2021,"€ 8,99",Sweden,4.12,Stigbergets Bryggeri,13.5%,Stout - Imperial / Double,Can 440ml,"€ 20,43 per litre"
Christmas Hot Coco Imperial Stout,"€ 7,99",Sweden,4.09,Omnipollo,11%,Stout - Imperial / Double,330ml,"€ 24,21 per litre"
I Love Hops #12,"€ 7,29",Switzerland,4.07,Hoppy People,8%,IPA - Imperial / Double New England / Hazy,Can 440ml,"€ 16,57 per litre"
Walk,"€ 7,29",Switzerland,4.06,Hoppy People,8%,IPA - Imperial / Double New England / Hazy,Can 440ml,"€ 16,57 per litre"
Creepshow,"€ 6,49",France,4.02,Game Over Brewing Co.,8%,IPA - Imperial / Double,Can 440ml,"€ 14,75 per litre"
Right Here Right Now,"€ 7,29",Switzerland,3.98,Hoppy People,8%,IPA - Imperial / Double New England / Hazy,Can 440ml,"€ 16,57 per litre"
LLANGREU CALLING,"€ 5,99",Spain,3.97,Caleya,7.6%,IPA - Imperial / Double,Can 440ml,"€ 13,61 per litre"
Texas Terror Brew,"€ 6,79",France,3.91,Game Over Brewing Co.,10%,IPA - Triple New England / Hazy,Can 440ml,"€ 15,43 per litre"
Christmas Shake,"€ 8,99",Sweden,3.69,Omnipollo,7.5%,IPA - Imperial / Double Milkshake,Can 440ml,"€ 20,43 per litre"
Malibu State,"€ 4,60",Poland,4.30,Browar Stu Mostów,5%,Sour - Smoothie / Pastry,Can 440ml,"€ 10,45 per litre"
Hopstrike,"€ 4,60",Poland,4.07,Browar Stu Mostów,8%,IPA - Imperial / Double New England / Hazy,Can 440ml,"€ 10,45 per litre"
Hopstrike - keg A,"€ 128,40",Poland,4.07,Browar Stu Mostów,8%,IPA - Imperial / Double New England / Hazy,20000ml,"€ 6,42 per litre"
Lidmašīnas,"€ 7,30",Netherlands,4.05,Brouwerij Frontaal,10%,Stout - Imperial / Double,Can 440ml,"€ 16,59 per litre"
Desire To Conspire,"€ 21,50",United States,4.41,Deep Fried Beers,8.2%,IPA - Imperial / Double New England / Hazy,473ml,"€ 45,45 per litre"
Tiny Barrel Project Candy Man Scotch,"€ 9,90",Hungary,4.27,Mad Scientist,11.5%,Stout - Imperial / Double,330ml,"€ 30,00 per litre"
Creepy,"€ 7,70",Spain,4.14,SOMA Beer,8%,IPA - Imperial / Double New England / Hazy,Can 440ml,"€ 17,50 per litre"
I'm Selling Bananas,"€ 8,40",Hungary,4.13,Mad Scientist,6%,Sour - Smoothie / Pastry,Can 440ml,"€ 19,09 per litre"
Gang,"€ 7,70",Spain,4.10,SOMA Beer,8%,IPA - Imperial / Double,Can 440ml,"€ 17,50 per litre"
TDH Strata X Riwaka IPA,"€ 6,10",Latvia,4.06,Ārpus Brewing Co.,6.5%,IPA - New England / Hazy,Can 440ml,"€ 13,86 per litre"
Soon Never Comes,"€ 6,70",Ireland,4.01,Whiplash,8.5%,IPA - Imperial / Double New England / Hazy,Can 440ml,"€ 15,23 per litre"
Un Buen Dia,"€ 6,90",Spain,3.99,Little Rain Brewing Company,7.3%,IPA - New England / Hazy,Can 440ml,"€ 15,68 per litre"
Progressive Dialogue,"€ 8,30",Finland,3.98,Factory Brewing,8.5%,IPA - Imperial / Double,Can 440ml,"€ 18,86 per litre"
Crystal Death (2024),"€ 7,30",Germany,3.97,Sudden Death Brewing Co.,6.5%,IPA - New England / Hazy,Can 440ml,"€ 16,59 per litre"
Reveries Of... Nelson Sauvin,"€ 7,70",Finland,3.93,Factory Brewing,7.2%,IPA - New England / Hazy,Can 440ml,"€ 17,50 per litre"
Night Vision Goggels,"€ 5,10",Netherlands,3.73,Dutch Bargain,9%,Porter - Baltic,330ml,"€ 15,45 per litre"
Nibbled To Death By Ducks,"€ 4,90",Netherlands,3.67,Klere Boght,6%,Farmhouse Ale - Saison,330ml,"€ 14,85 per litre"
Juice Lovers,"€ 11,00",United States,4.26,Other Half Brewing Co.,8.2%,IPA - Imperial / Double New England / Hazy,330ml,"€ 14,85 per litre"
Mosaic + Nectaron,"€ 11,00",United States,4.25,Other Half Brewing Co.,8.5%,IPA - Imperial / Double New England / Hazy,473ml,"€ 23,26 per litre"
Green Power,"€ 11,00",United States,4.25,Other Half Brewing Co.,8%,IPA - Imperial / Double New England / Hazy,473ml,"€ 23,26 per litre"
Oh...,"€ 11,00",United States,4.20,Other Half Brewing Co.,6%,IPA - New England / Hazy,473ml,"€ 23,26 per litre"
Comfort Hops,"€ 11,00",United States,4.19,Other Half Brewing Co.,8.5%,IPA - Imperial / Double New England / Hazy,473ml,"€ 23,26 per litre"
Hell,"€ 2,20",Germany,3.39,Brauerei Kanone,5.1%,Lager - Helles,500ml,"€ 4,40 per litre"
BrewDog Wingman Session IPA,"€ 2,99",United States,3.38,Wingman Brewing,5.8%,IPA - Session,500ml,"€ 5,98 per litre"
Kehrwieder Superdude BA Imperial Stout,"€ 9,99",Germany,4.54,Kehrwieder Kreativbrauerei,13%,Stout - Imperial / Double,330ml,"€ 30,27 per litre"
Störtebeker Roggen-Weizen,"€ 2,19",Germany,3.45,Störtebeker Braumanufaktur,5.4%,Roggenbier,500ml,"€ 4,38 per litre"
Burst Free IPA Alkoholfrei,"€ 4,29",Denmark,3.30,Mikkeller,0.3%,Non-Alcoholic - IPA,330ml,"€ 13,00 per litre"
Easy Peasy Pilsner Alkoholfrei,"€ 3,99",Denmark,3.22,Mikkeller,0.3%,Non-Alcoholic - Lager,330ml,"€ 12,09 per litre"
Schlenkerla Weichsel,"€ 2,50",Germany,3.82,"Schlenkerla (""Heller-Bräu"" Trum)",4.6%,Rauchbier,500ml,"€ 5,00 per litre"
Winter Weisse,"€ 2,90",Germany,3.57,Familienbrauerei Jacob,5.3%,Wheat Beer - Dunkelweizen,500ml,"€ 5,80 per litre"
Böckla,"€ 2,50",Germany,3.56,Brauerei Drei Kronen Memmelsdorf,6.3%,Bock - Hell / Maibock / Lentebock,500ml,"€ 5,00 per litre"
Stiftsgartenbier,"€ 39,90",Germany,3.53,"Schlenkerla (""Heller-Bräu"" Trum)",5.7%,Historical Beer - Other,24-pack,"Total price: € 39,90"
Winter Gold,"€ 2,90",Germany,3.32,Familienbrauerei Jacob,5.3%,Lager - Winter,500ml,"€ 5,80 per litre"
Ur-Ur-Ur-Ur-Ur-Opa,"€ 4,90",Germany,3.26,Braumanufaktur Hertl,5.4%,Historical Beer - Other,500ml,"€ 9,80 per litre"
Schwiegermutters Rache,"€ 2,90",Germany,3.12,Braumanufaktur Hertl,0.5%,Non-Alcoholic - Wheat,500ml,"€ 5,80 per litre"
"Hazy Jane - NEIPA 0,44l","€ 2,90",Scotland,3.67,BrewDog,5%,IPA - New England / Hazy,Can 440ml,"€ 6,59 per litre"
Space Diamonds,"€ 11,00",United States,4.33,Other Half Brewing Co.,8.5%,IPA - Imperial / Double New England / Hazy,Can 440ml,"€ 6,59 per litre"
Juice Lovers,"€ 11,00",United States,4.26,Other Half Brewing Co.,8.2%,IPA - Imperial / Double New England / Hazy,Can 440ml,"€ 6,59 per litre"
Mosaic + Nectaron,"€ 11,00",United States,4.25,Other Half Brewing Co.,8.5%,IPA - Imperial / Double New England / Hazy,473ml,"€ 23,26 per litre"
Green Power,"€ 11,00",United States,4.25,Other Half Brewing Co.,8%,IPA - Imperial / Double New England / Hazy,473ml,"€ 23,26 per litre"
Comfort Hops,"€ 11,00",United States,4.19,Other Half Brewing Co.,8.5%,IPA - Imperial / Double New England / Hazy,473ml,"€ 23,26 per litre"
Hop Duos! - Nelson + Mosaic,"€ 10,00",United States,4.13,Other Half Brewing Co.,6.5%,IPA - New England / Hazy,473ml,"€ 23,26 per litre"
Barrel Aged IGA Barley W*ne,"€ 4,50",Italy,3.80,Birrificio della Granda,12%,Grape Ale - Italian,330ml,"€ 13,64 per litre"
Chesnut lager,"€ 3,40",Italy,3.35,Birrificio della Granda,6.9%,Lager - Other,330ml,"€ 10,30 per litre"
Dunkelweizen,"€ 3,40",Italy,3.32,Birrificio della Granda,4.9%,Wheat Beer - Dunkelweizen,330ml,"€ 10,30 per litre"
Must Kuld,"€ 6,13",Estonia,3.76,Põhjala,7.8%,Porter - Other,330ml,"€ 18,58 per litre"
Madore Quince,"€ 13,28",,,MadDog,7.5%,Other,Bottle 750ml,"€ 17,71 per litre"
Evil Dead 2 (2024) X Chain House,"€ 8,40",England,4.16,Rivington Brewing Co,8%,IPA - Imperial / Double,500ml,"€ 16,80 per litre"
Army of Darkness (2024) X Emperor,"€ 11,90",England,4.04,Rivington Brewing Co,10%,Stout - Imperial / Double,500ml,"€ 23,80 per litre"
Mavka 2024,"€ 7,10",England,4.17,Siren Craft Brew,10%,Stout - Imperial / Double Coffee,Can 440ml,"€ 16,14 per litre"
Walk,"€ 8,30",Switzerland,4.06,Hoppy People,8%,IPA - Imperial / Double New England / Hazy,Can 440ml,"€ 18,86 per litre"
Relax,"€ 7,90",Switzerland,4.04,Hoppy People,5.5%,Pale Ale - New England / Hazy,Can 440ml,"€ 17,95 per litre"
Creepshow,"€ 7,40",France,4.02,Game Over Brewing Co.,8%,IPA - Imperial / Double,Can 440ml,"€ 16,82 per litre"
Right Here Right Now,"€ 8,30",Switzerland,3.98,Hoppy People,8%,IPA - Imperial / Double New England / Hazy,Can 440ml,"€ 18,86 per litre"
Predator Fruit,"€ 6,70",Spain,3.98,Caleya,5.5%,Sour - Smoothie / Pastry,Can 440ml,"€ 15,23 per litre"
Llangreu Calling,"€ 6,80",Spain,3.97,Caleya,7.6%,IPA - Imperial / Double,Can 440ml,"€ 15,45 per litre"
Eyes In the Dark (2024),"€ 11,99",Switzerland,3.94,Hoppy People,18%,Stout - Imperial / Double,330ml,"€ 36,33 per litre"
Texas Terror Brew,"€ 7,70",France,3.91,Game Over Brewing Co.,10%,IPA - Triple New England / Hazy,Can 440ml,"€ 17,50 per litre"
Halloween Night,"€ 7,10",France,3.70,Game Over Brewing Co.,6.5%,IPA - American,Can 440ml,"€ 16,14 per litre"
Christmas Shake IPA,"€ 9,99",Sweden,3.69,Omnipollo,7.5%,IPA - Imperial / Double Milkshake,Can 440ml,"€ 22,70 per litre"
Always Christmas Porter,"€ 3,60",Sweden,3.47,Stigbergets Bryggeri,5%,Porter - Other,330ml,"€ 10,91 per litre"
The Evil Dead (2024) X Vault City,"€ 7,80",England,4.01,Rivington Brewing Co,6%,Sour - Fruited,500ml,"€ 15,60 per litre"
Crooked Stave Raspberry Origins 2014,"€ 22,49",United States,4.29,Crooked Stave Artisan Beer Project,7%,Wild Ale - American,Bottle 370ml,"€ 60,78 per litre"
Crooked Stave L'Brett d'Or Grand Cru 2014,"€ 20,24",United States,4.29,Crooked Stave Artisan Beer Project,6%,Wild Ale - American,Bottle 370ml,"€ 54,70 per litre"
Crooked Stave Persica Wild Wild Brett 2015,"€ 20,24",United States,4.27,Crooked Stave Artisan Beer Project,6%,Wild Ale - American,Bottle 370ml,"€ 54,70 per litre"
Crooked Stave Bourbon Barrel Cherry Origins 2013,"€ 22,49",United States,4.25,Crooked Stave Artisan Beer Project,7%,Wild Ale - American,Bottle 370ml,"€ 60,78 per litre"
5th Anniversary 2015 Cabernet Barrel Aged,"€ 44,99",United States,4.13,Westbrook Brewing Co.,10%,Stout - Imperial / Double,Bottle 650ml,"€ 69,22 per litre"
Mexican Cake Imperial Stout 2016 Tequila Barrel,"€ 67,49",United States,4.12,Westbrook Brewing Co.,10.5%,Stout - Imperial / Double,Bottle 650ml,"€ 103,83 per litre"
Grumpy Old Time VINTAGE 2013,"€ 35,99",United States,3.98,Westbrook Brewing Co.,11%,Wild Ale - American,Bottle 750ml,"€ 47,99 per litre"
Brett & Mo Mices 2015,"€ 19,79",United States,3.96,Westbrook Brewing Co.,7%,Pale Ale - Belgian,Bottle 370ml,"€ 53,49 per litre"
St Guinefort,"€ 3,00",Netherlands,3.42,Vet & Lazy,6.7%,Belgian Blonde,330ml,"€ 9,09 per litre"
Grapefruit Radler,"€ 3,00",Germany,3.58,Radeberger Gruppe,2.5%,Shandy / Radler,Can 500ml,"€ 6,00 per litre"
"Chimay Grande Réserve Fermentée En Barriques - Chêne Français, Chêne Américain (08/2019)","€ 14,99",Belgium,3.90,Bières de Chimay,9%,Belgian Strong Dark Ale,Bottle 750ml,"€ 19,99 per litre"
12 Years Of Innovation,"€ 9,90",Czech Republic,4.01,Rodinný Pivovar Zichovec,6.5%,Sour - Smoothie / Pastry,Can 500ml,"€ 19,80 per litre"
Foggy Morning,"€ 9,40",Czech Republic,3.93,Rodinný Pivovar Zichovec,6.5%,IPA - New England / Hazy,Can 500ml,"€ 18,80 per litre"
12 Years Of Tradition,"€ 6,50",Czech Republic,3.71,Rodinný Pivovar Zichovec,5.1%,Pilsner - Czech / Bohemian,Can 500ml,"€ 13,00 per litre"
Drink And Harvest,"€ 5,00",Czech Republic,3.67,Rodinný Pivovar Zichovec,0.5%,Non-Alcoholic - Lager,Can 500ml,"€ 10,00 per litre"
Sour Yuzu Coconut,"€ 9,00",Czech Republic,3.64,Rodinný Pivovar Zichovec,5.1%,Sour - Other,Can 500ml,"€ 18,00 per litre"
Drink And Drive,"€ 5,80",Czech Republic,3.56,Rodinný Pivovar Zichovec,0.5%,Non-Alcoholic - IPA,Can 500ml,"€ 11,60 per litre"
Koncept Brut Sour,"€ 9,80",Czech Republic,3.12,Rodinný Pivovar Zichovec,6%,Sour - Smoothie / Pastry,Can 500ml,"€ 19,60 per litre"
All Citra Everything,"€ 11,60",United States,4.36,Other Half Brewing Co.,8.5%,IPA - Imperial / Double New England / Hazy,473ml,"€ 24,52 per litre"
Monk Magic Dynasty,"€ 13,90",United States,4.32,Monkish Brewing Co.,8.6%,IPA - Imperial / Double New England / Hazy,473ml,"€ 29,39 per litre"
Stacks On Stacks,"€ 11,60",United States,4.31,Other Half Brewing Co.,8.5%,IPA - Imperial / Double New England / Hazy,473ml,"€ 24,52 per litre"
Triple Broccoli,"€ 12,80",United States,4.30,Other Half Brewing Co.,10%,IPA - Triple New England / Hazy,473ml,"€ 27,06 per litre"
Burning From the Inside,"€ 14,80",United States,4.27,Root + Branch Brewing,8%,IPA - Imperial / Double,473ml,"€ 31,29 per litre"
Citra + Nelson,"€ 11,60",United States,4.26,Other Half Brewing Co.,8.5%,IPA - Imperial / Double,473ml,"€ 24,52 per litre"
Life And Fate XXIX,"€ 14,80",United States,4.23,Root + Branch Brewing,8%,IPA - Imperial / Double New England / Hazy,473ml,"€ 31,29 per litre"
Green City,"€ 9,60",United States,4.15,Other Half Brewing Co.,7%,IPA - New England / Hazy,473ml,"€ 20,30 per litre"
Header Juice,"€ 9,30",United States,4.04,Other Half Brewing Co.,5.5%,Pale Ale - American,473ml,"€ 19,66 per litre"
Rogue Dead Guy Ale,"€ 4,90",United States,3.71,Rogue Ales,6.8%,Bock - Hell / Maibock / Lentebock,473ml,"€ 19,66 per litre"
Rogue Dead Guy Pale Ale,"€ 4,90",United States,3.69,Rogue Ales,5.5%,Pale Ale - American,473ml,"€ 19,66 per litre"
Rogue Dead Guy Pilsner,"€ 4,90",United States,3.58,Rogue Ales,5%,Pilsner - Other,473ml,"€ 19,66 per litre"
Vanilla x Maple x Salted Caramel - keykeg,"€ 273,30",Latvia,4.19,Ārpus Brewing Co.,12%,Stout - Imperial / Double Pastry,20000ml,"€ 13,67 per litre"
Tumeaine - keykeg,"€ 317,80",Estonia,4.09,Pühaste Brewery,11%,Stout - Imperial / Double Coffee,20000ml,"€ 15,89 per litre"
Rhubarbe - keykeg,"€ 344,80",Belgium,4.08,Gueuzerie Tilquin,6.3%,Lambic - Other,20000ml,"€ 17,24 per litre"
Imago - keykeg,"€ 326,30",France,4.05,The Piggy Brewing Company,8%,IPA - Imperial / Double New England / Hazy,30000ml,"€ 10,88 per litre"
Meerts Airelle Sauvage - keykeg,"€ 296,20",Belgium,4.02,Gueuzerie Tilquin,5.8%,Lambic - Fruit,20000ml,"€ 14,81 per litre"
Wędzony Porter Bałtycki - keg,"€ 138,50",Poland,4.01,Trzech Kumpli,10.1%,Porter - Smoked,20000ml,"€ 6,93 per litre"
Gold Coast - keykeg,"€ 297,90",France,3.96,The Piggy Brewing Company,8%,IPA - Imperial / Double New England / Hazy,30000ml,"€ 9,93 per litre"
Sureau Rullquin - keykeg,"€ 361,60",Belgium,3.94,Gueuzerie Tilquin,7.3%,Sour - Other,20000ml,"€ 18,08 per litre"
Nutcase Imperial Stout - keg,"€ 173,10",Spain,3.92,La Pirata Brewing,9%,Stout - Imperial / Double Milk,20000ml,"€ 8,66 per litre"
NEIPA Talus - keykeg,"€ 212,80",Czech Republic,3.92,Rodinný Pivovar Zichovec,7.5%,IPA - New England / Hazy,30000ml,"€ 7,09 per litre"
Mure Rhubarbe - keykeg,"€ 368,50",Belgium,3.87,Gueuzerie Tilquin,5.4%,Lambic - Fruit,20000ml,"€ 18,43 per litre"
Hard to Get - keg,"€ 182,50",Belgium,3.74,Dok Brewing Company,11%,Stout - Imperial / Double,20000ml,"€ 9,13 per litre"
Wheeler - keg,"€ 136,00",Poland,3.67,Trzech Kumpli,4.1%,Stout - Irish Dry,30000ml,"€ 4,53 per litre"
Black IPA - keg A,"€ 157,10",Poland,3.59,Browar Stu Mostów,6.8%,IPA - Black / Cascadian Dark Ale,30000ml,"€ 5,24 per litre"
Grochówka z Gruszką 2022 - keg,"€ 137,90",Poland,3.53,Slow Flow Group (Smykan),6.5%,Cider - Traditional / Apfelwein,30000ml,"€ 4,60 per litre"
Viva Las Vegas DIPA - keg K,"€ 245,90",Spain,4.01,Basqueland Brewing,8%,IPA - Imperial / Double New England / Hazy,20000ml,"€ 12,30 per litre"
Flatbeat - keg K,"€ 286,60",Switzerland,3.97,Hoppy People,8%,IPA - Imperial / Double New England / Hazy,20000ml,"€ 14,33 per litre"
Hop Hop Hoppy - keg A,"€ 140,80",Poland,3.52,Browar Stu Mostów,2.9%,Grodziskie / Grätzer,30000ml,"€ 4,69 per litre"
Lollipop Guava Strawberry & Pineapple,"€ 6,49",Latvia,3.74,Hopalaa,8%,Sour - Fruited Berliner Weisse,Can 440ml,"€ 14,75 per litre"
Franziskaner Weissbier,"€ 2,25",Germany,3.69,Spaten-Franziskaner-Löwenbräu-Gruppe,5%,Wheat Beer - Hefeweizen,500ml,"€ 4,50 per litre"
Juicy Lucy,"€ 3,05",Netherlands,3.64,Uiltje Brewing Company,5.5%,IPA - New England / Hazy,330ml,"€ 9,24 per litre"
Weihenstephaner Original Helles,"€ 2,45",Germany,3.61,Bayerische Staatsbrauerei Weihenstephan,5.1%,Lager - Helles,500ml,"€ 4,90 per litre"
Blond,"€ 1,85",Belgium,3.58,Abbaye de Leffe,6.6%,Belgian Blonde,300ml,"€ 6,17 per litre"
Kasteel Rubus Framboise,"€ 2,55",Belgium,3.57,Kasteel Brouwerij Vanhonsebrouck,7%,Fruit Beer,330ml,"€ 7,73 per litre"
Bovengronds,"€ 2,20",Belgium,3.43,Brouwerij Kompel,6%,Belgian Blonde,330ml,"€ 6,67 per litre"
Kapittel Dubbel,"€ 1,80",Belgium,3.25,Leroy Breweries,7.5%,Belgian Dubbel,330ml,"€ 5,45 per litre"
Kapittel Pater,"€ 1,55",Belgium,3.11,Leroy Breweries,6%,Brown Ale - Belgian,330ml,"€ 4,70 per litre"
Schol,"€ 1,95",Belgium,2.98,Scheldebrouwerij,0.4%,Non-Alcoholic - Pale Ale,330ml,"€ 5,91 per litre"
Rogue Dead n' Dead,"€ 7,60",United States,3.86,Rogue Ales,9.5%,Bock - Hell / Maibock / Lentebock,Bottle 750ml,"€ 3,00 per litre"
Silver Lining,"€ 31,99",Norway,4.43,Salikatt Bryggeri,15%,Stout - Imperial / Double,Bottle 375ml,"€ 85,31 per litre"
Giesinger Punk IPA,"€ 2,29",Germany,3.66,Giesinger Bräu,5.7%,IPA - American,330ml,"€ 6,94 per litre"
Chiron,"€ 3,19",England,3.57,Thornbridge Brewery,5%,Pale Ale - American,330ml,"€ 9,67 per litre"
Sonoma,"€ 5,50",England,3.75,Track Brewing Company,3.8%,Pale Ale - New England / Hazy,Can 440ml,"€ 12,50 per litre"
Cult,"€ 5,00",England,3.55,Mash Gang,0.5%,Non-Alcoholic - Pale Ale,Can 440ml,"€ 11,36 per litre"
Chug,"€ 5,00",England,3.44,Mash Gang,0.5%,Non-Alcoholic - Pale Ale,Can 440ml,"€ 11,36 per litre"
Stoop,"€ 5,00",England,3.35,Mash Gang,0.5%,Non-Alcoholic - Lager,Can 440ml,"€ 11,36 per litre"
Squeezy's Margarita,"€ 6,60",England,3.35,Whitebox,19%,Non-Alcoholic - Lager,Can 440ml,"€ 11,36 per litre"
Slasher,"€ 8,70",England,4.09,Wylam,6.66%,IPA - American,Can 440ml,"€ 19,77 per litre"
Harvest Ale #3: Auburn,"€ 5,20",England,3.82,Track Brewing Company,4.9%,Bitter - Best,Can 440ml,"€ 11,82 per litre"
Harvest Ale #4: Pilgrimage,"€ 5,20",England,3.81,Track Brewing Company,4%,Mild - Dark,Can 440ml,"€ 11,82 per litre"
West Coast IPA Is Dead (x Green Cheek),"€ 27,60",England,3.84,Cloudwater Brew Co.,7.2%,IPA - American,4-pack,"Total price: € 27,60"
West Coast IPA Is Dead (x Green Cheek),"€ 7,80",England,3.84,Cloudwater Brew Co.,7.2%,IPA - American,Can 440ml,"€ 17,73 per litre"
Phuture 2,"€ 22,80",England,3.83,Cloudwater Brew Co.,6%,IPA - New England / Hazy,4-pack,"Total price: € 22,80"
Phuture 2,"€ 6,30",England,3.83,Cloudwater Brew Co.,6%,IPA - New England / Hazy,Can 440ml,"€ 14,32 per litre"
Aecht Schlenkerla Rauchbier Weizen,"€ 1,90",Germany,3.55,"Schlenkerla (""Heller-Bräu"" Trum)",5.2%,Rauchbier,500ml,"€ 3,80 per litre"
Lervig Orange Velvet,"€ 4,50",Norway,3.74,LERVIG,5.5%,IPA - Milkshake,330ml,"€ 13,64 per litre"
Peach Melba Sour,"€ 4,00",Scotland,3.74,Pilot,4.3%,Sour - Fruited,330ml,"€ 12,12 per litre"
Rothaus Hefe Weizen 50cl,"€ 4,60",Germany,3.59,Badische Staatsbrauerei Rothaus,5.4%,Wheat Beer - Hefeweizen,500ml,"€ 9,20 per litre"
Body Riddle Pale Ale,"€ 3,40",Ireland,3.59,Whiplash,4.5%,Pale Ale - American,330ml,"€ 10,30 per litre"
"10,000 Steps (Batch 3)","€ 46,99",United States,4.49,Private Press Brewing,14.5%,Strong Ale - American,500ml,"€ 93,98 per litre"
Proper Discourse,"€ 32,99",United States,4.42,Sante Adairius Rustic Ales,8.5%,Farmhouse Ale - Saison,Bottle 750ml,"€ 43,99 per litre"
Rings of Splendor (Batch 3),"€ 45,99",United States,4.42,Private Press Brewing,15.7%,Stout - Imperial / Double,500ml,"€ 91,98 per litre"
One Way Glass,"€ 45,99",United States,4.39,Private Press Brewing,16.6%,Strong Ale - American,500ml,"€ 91,98 per litre"
Darkness Doubled,"€ 32,99",United States,4.39,Sante Adairius Rustic Ales,17.1%,Stout - Belgian,500ml,"€ 65,98 per litre"
Fourth Press,"€ 45,99",United States,4.39,Private Press Brewing,15.2%,Strong Ale - American,500ml,"€ 91,98 per litre"
Saison Bernice,"€ 26,99",United States,4.35,Sante Adairius Rustic Ales,6.5%,Farmhouse Ale - Brett,Bottle 750ml,"€ 35,99 per litre"
Twilight Whispers,"€ 31,99",United States,4.29,Sante Adairius Rustic Ales,12.3%,Belgian Quadrupel,500ml,"€ 63,98 per litre"
Lady In Grey (Batch 8),"€ 32,99",United States,4.27,Sante Adairius Rustic Ales,4.8%,Farmhouse Ale - Grisette,Bottle 750ml,"€ 43,99 per litre"
Portraits: Malvasia,"€ 25,99",United States,4.23,Sante Adairius Rustic Ales,9.1%,Farmhouse Ale - Saison,500ml,"€ 51,98 per litre"
Capitola Sunset,"€ 26,99",United States,4.06,Sante Adairius Rustic Ales,5.7%,Farmhouse Ale - Saison,Bottle 750ml,"€ 35,99 per litre"
A Small Rest,"€ 25,99",United States,4.06,Sante Adairius Rustic Ales,3.1%,Table Beer,Bottle 750ml,"€ 34,65 per litre"
Shaolin,"€ 5,70",Belgium,3.70,Diaz Brewing Company,6.4%,IPA - Other,330ml,"€ 17,27 per litre"
Nite Before Halloween 2024,"€ 5,90",Belgium,3.58,Diaz Brewing Company,7.7%,Pumpkin / Yam Beer,330ml,"€ 17,88 per litre"
Summertime (Blueberry/Yuzu Edition),"€ 6,00",Belgium,3.43,Diaz Brewing Company,5.9%,Wheat Beer - American Pale Wheat,330ml,"€ 18,18 per litre"
Deer Hunter B.A. 2024,"€ 5,59",Netherlands,4.21,Brouwerij Frontaal,10.5%,Stout - Russian Imperial,330ml,"€ 16,94 per litre"
Jasper,"€ 16,00",United States,4.40,Fidens Brewing Co,8%,IPA - Imperial / Double,330ml,"€ 16,94 per litre"
Sun Kissed Shores,"€ 15,00",United States,4.32,Fidens Brewing Co,7%,IPA - New England / Hazy,330ml,"€ 16,94 per litre"
Revenge and Doubt,"€ 16,00",United States,4.31,Fidens Brewing Co,8%,IPA - Imperial / Double,330ml,"€ 16,94 per litre"
Upon This Earth,"€ 15,00",United States,4.22,Fidens Brewing Co,6.4%,IPA - New England / Hazy,330ml,"€ 16,94 per litre"
Bier Met De Letter Hartje,"€ 3,95",Netherlands,3.30,Mister Hop,5.5%,Blonde / Golden Ale - Other,330ml,"€ 11,97 per litre"
Mangofeber IPA 4.2%,"€ 2,95",Sweden,3.79,Brewski,4.2%,IPA - Imperial / Double,330ml,"€ 8,94 per litre"
Saison THT 12-2022,"€ 14,95",Belgium,3.40,Brasserie Fantôme,8%,Farmhouse Ale - Saison,Bottle 750ml,"€ 19,93 per litre"
Stingray,"€ 6,50",Norway,4.14,Salikatt Bryggeri,8%,IPA - Imperial / Double New England / Hazy,Can 440ml,"€ 14,77 per litre"
Catching Rays,"€ 6,50",Norway,4.05,Salikatt Bryggeri,8%,IPA - Imperial / Double New England / Hazy,Can 440ml,"€ 14,77 per litre"
Phase Shifter,"€ 6,50",Denmark,4.01,Alefarm Brewing,8%,IPA - Imperial / Double,Can 440ml,"€ 14,77 per litre"
MMXXIV,"€ 5,95",Denmark,3.79,Alefarm Brewing,8.2%,IPA - Imperial / Double,Can 440ml,"€ 13,52 per litre"
Superdelic,"€ 5,01",Latvia,4.12,Hopalaa,7.2%,IPA - New Zealand,Can 440ml,"€ 11,39 per litre"
Planet HBC 1019,"€ 4,99",Latvia,4.09,Hopalaa,6.8%,IPA - New England / Hazy,Can 440ml,"€ 11,34 per litre"
Mitre Peak,"€ 5,01",Latvia,4.02,Hopalaa,7%,IPA - New England / Hazy,Can 440ml,"€ 11,39 per litre"
Wakka Wakka,"€ 4,99",Latvia,4.02,Hopalaa,6.7%,IPA - New England / Hazy,Can 440ml,"€ 11,34 per litre"
Rendezvous,"€ 5,66",Latvia,4.01,Hopalaa,8.2%,IPA - Imperial / Double New England / Hazy,Can 440ml,"€ 12,86 per litre"
Black Cheesecake,"€ 5,02",Latvia,4.00,Hopalaa,10%,Stout - Imperial / Double,Can 330ml,"€ 15,21 per litre"
Day After,"€ 5,19",Latvia,4.00,Hopalaa,6.8%,IPA - New England / Hazy,Can 440ml,"€ 11,80 per litre"
Black Chocolate Fudge,"€ 5,02",Latvia,3.98,Hopalaa,10%,Stout - Imperial / Double,Can 330ml,"€ 15,21 per litre"
Dank N Juicy,"€ 5,19",Latvia,3.97,Hopalaa,6.8%,IPA - New England / Hazy,Can 440ml,"€ 11,80 per litre"
Amplifier,"€ 5,68",Latvia,3.97,Hopalaa,8.6%,IPA - Imperial / Double New England / Hazy,Can 440ml,"€ 12,91 per litre"
Aoraki,"€ 5,19",Latvia,3.95,Hopalaa,6.7%,IPA - New England / Hazy,Can 440ml,"€ 11,80 per litre"
Stargaze: ReLoaded 2024,"€ 5,69",Latvia,3.95,Hopalaa,9%,IPA - Imperial / Double,Can 440ml,"€ 12,93 per litre"
In Eldorado We Trust,"€ 5,04",Latvia,3.93,Hopalaa,8%,IPA - Imperial / Double New England / Hazy,Can 440ml,"€ 11,45 per litre"
Manilita,"€ 5,01",Latvia,3.92,Hopalaa,7%,IPA - New England / Hazy,Can 440ml,"€ 11,39 per litre"
Talus Twist,"€ 5,21",Latvia,3.91,Hopalaa,7%,IPA - Other,Can 440ml,"€ 11,84 per litre"
Cashmere,"€ 4,99",Latvia,3.91,Hopalaa,6.6%,IPA - New England / Hazy,Can 440ml,"€ 11,34 per litre"
Black Toasted Coconut,"€ 5,02",Latvia,3.90,Hopalaa,10%,Stout - Imperial / Double,Can 330ml,"€ 15,21 per litre"
Abstract #9,"€ 4,98",Latvia,3.90,Hopalaa,6.5%,IPA - New England / Hazy,Can 440ml,"€ 11,32 per litre"
Day Before,"€ 5,19",Latvia,3.89,Hopalaa,6.5%,IPA - New England / Hazy,Can 440ml,"€ 11,80 per litre"
Night Shift,"€ 5,66",Latvia,3.89,Hopalaa,8%,Porter - Imperial / Double Baltic,Can 440ml,"€ 12,86 per litre"
Hula Hoop,"€ 5,69",Latvia,3.88,Hopalaa,9%,IPA - Imperial / Double,Can 440ml,"€ 12,93 per litre"
Nelson & Nelson,"€ 4,99",Latvia,3.88,Hopalaa,6.9%,IPA - New England / Hazy,Can 440ml,"€ 11,34 per litre"
Sourbit Tangerine & Lemon,"€ 5,62",Latvia,3.87,Hopalaa,7%,Sour - Fruited Berliner Weisse,Can 440ml,"€ 12,77 per litre"
Cloud #31,"€ 5,01",Latvia,3.86,Hopalaa,7%,IPA - Milkshake,Can 440ml,"€ 11,39 per litre"
Mango Submarine,"€ 4,32",Latvia,3.84,Hopalaa,5.4%,Pale Ale - American,Can 440ml,"€ 9,82 per litre"
Summertime: Part 2,"€ 4,29",Latvia,3.83,Hopalaa,4.5%,IPA - Session,Can 440ml,"€ 9,75 per litre"
Planet Ych 303,"€ 4,99",Latvia,3.81,Hopalaa,6.8%,IPA - New England / Hazy,Can 440ml,"€ 11,34 per litre"
Cherry & Vanilla Farmhouse Sour,"€ 5,21",Latvia,3.80,Hopalaa,7%,Farmhouse Ale - Other,Can 440ml,"€ 11,84 per litre"
Black Tiramisu,"€ 5,02",Latvia,3.78,Hopalaa,10%,Stout - Imperial / Double,Can 330ml,"€ 15,21 per litre"
Pink Boots,"€ 5,21",Latvia,3.78,Hopalaa,7%,IPA - American,Can 440ml,"€ 11,84 per litre"
Black Oak,"€ 5,02",Latvia,3.74,Hopalaa,7.5%,Stout - Milk / Sweet,Can 440ml,"€ 11,41 per litre"
Fruitshake Guava & Papaya & Passion Fruit,"€ 5,21",Latvia,3.73,Hopalaa,7%,IPA - Milkshake,Can 440ml,"€ 11,84 per litre"
Tropical,"€ 4,40",Latvia,3.72,Hopalaa,7.3%,IPA - Imperial / Double,Can 440ml,"€ 10,00 per litre"
Pacific Coast,"€ 4,98",Latvia,3.71,Hopalaa,6.5%,IPA - American,Can 440ml,"€ 11,32 per litre"
Sourbit Cherry & Chocolate,"€ 5,62",Latvia,3.68,Hopalaa,7%,Sour - Fruited Berliner Weisse,Can 440ml,"€ 12,77 per litre"
Wheat Me Up!,"€ 4,31",Latvia,3.65,Hopalaa,4.7%,IPA - White / Wheat,Can 440ml,"€ 9,80 per litre"
DDH Halcyon,"€ 4,10",England,3.81,Thornbridge Brewery,7.4%,IPA - Imperial / Double,Can 440ml,"€ 9,32 per litre"
Atelier Vrai Flood The Zone With Shit,"€ 6,99",Germany,4.08,Atelier der Braukünste,7.8%,IPA - Imperial / Double New England / Hazy,Can 440ml,"€ 15,89 per litre"
Neon Horizons,"€ 6,69",Germany,4.07,Blech.Brut,6.8%,IPA - New England / Hazy,Can 440ml,"€ 15,20 per litre"
Atelier Vrai Straw Man Fallacy,"€ 6,79",Germany,4.06,Atelier der Braukünste,6.5%,IPA - New England / Hazy,Can 440ml,"€ 15,43 per litre"
Atelier Vrai Filibuster,"€ 6,79",Germany,4.05,Atelier der Braukünste,6.7%,IPA - New England / Hazy,Can 440ml,"€ 15,43 per litre"
Flow,"€ 6,69",Germany,3.98,Blech.Brut,6.8%,IPA - New England / Hazy,Can 440ml,"€ 15,20 per litre"
Terra Nova,"€ 6,10",Sweden,4.13,Stigbergets Bryggeri,10%,IPA - Triple New England / Hazy,Can 440ml,"€ 15,20 per litre"
Trouble Sleep,"€ 5,25",Sweden,3.79,Stigbergets Bryggeri,12%,Stout - Imperial / Double Coffee,Can 440ml,"€ 15,20 per litre"
Omnipollo x Newbarns Emma's Winter Mild,"€ 5,85",Sweden,3.36,Omnipollo,5.3%,Mild - Dark,330ml,"€ 17,73 per litre"
ROTT.brûlée,"€ 4,49",Netherlands,4.05,ROTT. Brouwers,10.5%,Stout - Imperial / Double Pastry,330ml,"€ 13,61 per litre"
Big Bourbon Barrel Aged Stout 2021,"€ 9,75",Sweden,4.12,Stigbergets Bryggeri,13.5%,Stout - Imperial / Double,Can 440ml,"€ 22,16 per litre"
Always Christmas Porter,"€ 3,35",Sweden,3.47,Stigbergets Bryggeri,5%,Porter - Other,330ml,"€ 10,15 per litre"
Smoothiesh: What's A Vampire Bat's Favorite Type of Fruit?,"€ 8,79",Croatia,4.28,Pulfer Brewery,5.5%,Sour - Smoothie / Pastry,500ml,"€ 17,58 per litre"
Smoothiesh: A Neck-tarine!,"€ 8,79",Croatia,4.27,Pulfer Brewery,5.5%,Sour - Smoothie / Pastry,500ml,"€ 17,58 per litre"
Funeral Clown (2024),"€ 5,62",Germany,4.23,Sudden Death Brewing Co.,5%,Sour - Smoothie / Pastry,Can 440ml,"€ 12,77 per litre"
Feel the Pressure,"€ 4,99",Netherlands,3.32,Maximus Brouwerij,4.8%,Stout - English,Can 440ml,"€ 11,34 per litre"
Oak Aged Blond Sour Ale - keykeg,"€ 291,90",Belgium,3.84,Brouwerij Alvinne,5%,Sour - Other,20000ml,"€ 14,60 per litre"
Kwas My,"€ 3,60",Poland,3.73,Browar PINTA,5.5%,Sour - Other,Bottle 500ml,"€ 7,20 per litre"
Starfleet's Finest,"€ 3,90",Poland,3.70,Magic Road,4.5%,Pale Ale - American,Can 500ml,"€ 7,80 per litre"
Modern Drinking West Coast IPA,"€ 3,00",Poland,3.66,Browar PINTA,6.5%,IPA - American,Bottle 500ml,"€ 6,00 per litre"
Pokal Thur,"€ 4,20",Poland,3.63,Browar Stu Mostów,5.1%,Pale Ale - American,300ml,"€ 14,00 per litre"
Kwas Jota,"€ 3,40",Poland,3.58,Browar PINTA,4%,Sour - Fruited,Bottle 500ml,"€ 6,80 per litre"
Bawarka,"€ 2,60",Poland,3.47,Browar PINTA,5.7%,Wheat Beer - Hefeweizen,Bottle 500ml,"€ 5,20 per litre"
Pierwsza Pomoc,"€ 2,70",Poland,3.24,Browar PINTA,4.1%,Pilsner - Other,Bottle 500ml,"€ 5,40 per litre"
Gnomies - keg K,"€ 336,80",United States,4.17,Celestial Beerworks,8%,IPA - Imperial / Double New England / Hazy,20000ml,"€ 16,84 per litre"
PX Barrelworks - keg K,"€ 262,10",Spain,4.13,Basqueland Brewing,12.6%,Stout - Imperial / Double,20000ml,"€ 13,11 per litre"
10 Vueltas - keg K,"€ 245,90",Spain,4.13,Basqueland Brewing,8%,IPA - Imperial / Double New England / Hazy,20000ml,"€ 12,30 per litre"
Pie Eating Contest - keg K,"€ 256,70",Spain,4.11,Basqueland Brewing,11.2%,Stout - Imperial / Double Pastry,20000ml,"€ 12,84 per litre"
The BeeKeeper vol.5,"€ 5,40",Poland,4.07,TankBusters.Co,6.8%,Sour - Smoothie / Pastry,Can 500ml,"€ 10,80 per litre"
Fruit Jesus - keg K,"€ 240,70",Spain,3.82,Basqueland Brewing,5.7%,Sour - Fruited,20000ml,"€ 12,04 per litre"
Commerce Without Morality,"€ 9,25",England,4.29,Bang The Elephant Brewing Co,11.2%,Stout - Imperial / Double,Can 440ml,"€ 21,02 per litre"
TDH Rakau X Galaxy DIPA,"€ 6,50",Latvia,3.93,Ārpus Brewing Co.,8%,IPA - Imperial / Double New England / Hazy,Can 440ml,"€ 14,77 per litre"
TDH Motueka X Peacharine IPA,"€ 6,10",Latvia,3.88,Ārpus Brewing Co.,6.5%,IPA - New England / Hazy,Can 440ml,"€ 13,86 per litre"
Hel & Verdoemenis,"€ 3,60",Netherlands,3.85,Brouwerij de Molen,10%,Stout - Russian Imperial,330ml,"€ 10,91 per litre"
Haze,"€ 14,50",United States,4.47,Tree House Brewing Company,8.2%,IPA - Imperial / Double New England / Hazy,330ml,"€ 10,91 per litre"
Green,"€ 14,00",United States,4.42,Tree House Brewing Company,7.5%,IPA - American,330ml,"€ 10,91 per litre"
Alter Ego,"€ 12,50",United States,4.40,Tree House Brewing Company,6.8%,IPA - American,330ml,"€ 10,91 per litre"
Medley,"€ 16,00",United States,4.22,Tree House Brewing Company,8.3%,IPA - Imperial / Double,330ml,"€ 10,91 per litre"
The Mighty Nineties Ravemachine,"€ 5,25",Germany,3.93,Sudden Death Brewing Co.,7.2%,IPA - American,Can 440ml,"€ 11,93 per litre"
Sander Rubi Red Ale,"€ 2,99",Canada,3.46,Moon Under Water Brewery | Pub | Distillery,6%,Sour - Fruited,330ml,"€ 9,06 per litre"
Black Thunder Irish Stout Seasonal Edition,"€ 3,69",Germany,3.37,Privatbrauerei Sander,4.8%,Stout - Irish Dry,330ml,"€ 11,18 per litre"
Kloster Andechs Weizenbock,"€ 2,59",Germany,3.74,Klosterbrauerei Andechs,7%,Bock - Weizenbock,500ml,"€ 5,18 per litre"
Maxlrain Festbier Märzen,"€ 2,39",Germany,3.34,Schlossbrauerei Maxlrain,5.8%,Märzen,500ml,"€ 4,78 per litre"
Christmas Hot Coco,"€ 8,80",Sweden,4.09,Omnipollo,11%,Stout - Imperial / Double,330ml,"€ 26,67 per litre"
Brewdog Lucky Break,"€ 4,35",Scotland,3.72,BrewDog,6.7%,IPA - New England / Hazy,Can 440ml,"€ 9,89 per litre"
Gouden Carolus Christmas,"€ 2,45",Belgium,3.61,Brouwerij Het Anker,10%,Winter Ale,330ml,"€ 7,42 per litre"
Gouden Carolus Christmas,"€ 7,95",Belgium,3.61,Brouwerij Het Anker,10%,Winter Ale,Bottle 750ml,"€ 10,60 per litre"
Christmas Shake IPA,"€ 10,35",Sweden,3.69,Omnipollo,7.5%,IPA - Imperial / Double Milkshake,Can 440ml,"€ 23,52 per litre"
Merci (2024) American Wild Ale,"€ 45,50",United States,4.37,Side Project Brewing,6.27%,Wild Ale - American,Bottle 375ml,"€ 121,33 per litre"
King Sue DIPA,"€ 12,70",United States,4.30,Toppling Goliath Brewing Co.,7.8%,IPA - Imperial / Double New England / Hazy,473ml,"€ 26,85 per litre"
La Belle Fleur (Pineapple & Mango) 10 Year Brett Beer,"€ 45,50",United States,4.27,Side Project Brewing,6%,Brett Beer,Bottle 375ml,"€ 121,33 per litre"
Pseudo Sue Pale Ale,"€ 10,60",United States,4.11,Toppling Goliath Brewing Co.,5.8%,Pale Ale - American,473ml,"€ 22,41 per litre"
Derivation (Blend #18) Barrel Aged Imperial Stout,"€ 120,60",United States,4.56,Side Project Brewing,15%,Stout - Imperial / Double,Bottle 375ml,"€ 321,60 per litre"
Coconut Vibes (2024) Imperial Stout,"€ 134,00",United States,4.41,Side Project Brewing,13%,Stout - Imperial / Double,Bottle 750ml,"€ 178,67 per litre"
Blended 2023 American Wild Ale,"€ 60,20",United States,4.25,Side Project Brewing,6%,Wild Ale - American,Bottle 375ml,"€ 160,53 per litre"
Doppelbock Rum,"€ 27,90",Germany,3.89,Brauerei Kundmüller,12.1%,Bock - Doppelbock,Bottle 750ml,"€ 37,20 per litre"
Weizenbock Dornfelder,"€ 24,90",Germany,3.66,Brauerei Kundmüller,7.7%,Bock - Weizenbock,Bottle 750ml,"€ 33,20 per litre"
Weizenbock Sherry,"€ 24,90",Germany,3.46,Brauerei Kundmüller,4.9%,Kellerbier / Zwickelbier,Bottle 750ml,"€ 33,20 per litre"
Landbier,"€ 1,70",Germany,3.36,Brauerei Kundmüller,4.7%,Lager - Helles,500ml,"€ 3,40 per litre"
Karpfentrunk,"€ 2,20",Germany,3.14,Privatbrauerei Hösl,5.4%,Festbier,500ml,"€ 4,40 per litre"
Duster Buster – Imperial IPA,"€ 6,75",Germany,3.75,FrauGruber Brewing,8%,IPA - Imperial / Double New England / Hazy,Can 440ml,"€ 15,34 per litre"
Oude Geuze Cuvee Armand & Gaston Vintage 2020 Blend 59,"€ 25,00",Belgium,4.54,Brouwerij 3 Fonteinen,5.7%,Lambic - Gueuze,Bottle 750ml,"€ 33,33 per litre"
Witte Belgische Perzik 2023 Blend 5,"€ 23,00",Belgium,4.37,Brouwerij 3 Fonteinen,6.4%,Lambic - Fruit,Bottle 750ml,"€ 30,67 per litre"
Oude Geuze Golden Blend 2021 Blend 35,"€ 21,00",Belgium,4.33,Brouwerij 3 Fonteinen,7.3%,Lambic - Gueuze,Bottle 750ml,"€ 28,00 per litre"
Zenne Y Frontera 2023 Blend 70,"€ 43,00",Belgium,4.27,Brouwerij 3 Fonteinen,6.8%,Lambic - Gueuze,Bottle 750ml,"€ 57,33 per litre"
Gele Belgische Perzik 2023 Blend 2,"€ 23,00",Belgium,4.26,Brouwerij 3 Fonteinen,6.3%,Lambic - Fruit,Bottle 750ml,"€ 30,67 per litre"
Speling van het Lot / Twist of Fate XI.xii Plum Haganta 2023 Blend 37,"€ 23,00",Belgium,4.24,Brouwerij 3 Fonteinen,6.7%,Lambic - Gueuze,Bottle 750ml,"€ 30,67 per litre"
Speling van het Lot / Twist of Fate XVIII.ii German Oak 2022 Blend 110,"€ 23,00",Belgium,4.24,Brouwerij 3 Fonteinen,6.7%,Lambic - Gueuze,Bottle 750ml,"€ 30,67 per litre"
Oude Kriek 2023 Blend 92,"€ 9,80",Belgium,4.18,Brouwerij 3 Fonteinen,6%,Lambic - Kriek,Bottle 375ml,"€ 26,13 per litre"
Langbräu Festbier,"€ 2,10",Germany,3.43,Lang Bräu Freyung,5.5%,Festbier,500ml,"€ 4,20 per litre"
St. Georgen Winterbier,"€ 2,10",Germany,3.33,St. GeorgenBräu,5.6%,Festbier,500ml,"€ 4,20 per litre"
Bleue,"€ 2,85",Belgium,3.90,Bières de Chimay,9%,Belgian Strong Dark Ale,330ml,"€ 8,64 per litre"
Bier Met Het Cijfer 0,"€ 3,95",Netherlands,3.33,Mister Hop,5.5%,Blonde / Golden Ale - Other,330ml,"€ 11,97 per litre"
Bier Met Het Cijfer 3,"€ 3,95",Netherlands,3.33,Mister Hop,5.5%,Blonde / Golden Ale - Other,330ml,"€ 11,97 per litre"
Bier Met Het Cijfer 5,"€ 3,95",Netherlands,3.33,Mister Hop,5.5%,Blonde / Golden Ale - Other,330ml,"€ 11,97 per litre"
Bier Met De Letter H,"€ 3,95",Netherlands,3.30,Mister Hop,5.5%,Blonde / Golden Ale - Other,330ml,"€ 11,97 per litre"
Bier Met De Letter J,"€ 3,95",Netherlands,3.30,Mister Hop,5.5%,Blonde / Golden Ale - Other,330ml,"€ 11,97 per litre"
Bier Met De Letter K,"€ 3,95",Netherlands,3.30,Mister Hop,5.5%,Blonde / Golden Ale - Other,330ml,"€ 11,97 per litre"
Bier Met De Letter U,"€ 3,95",Netherlands,3.30,Mister Hop,5.5%,Blonde / Golden Ale - Other,330ml,"€ 11,97 per litre"
Double Reveries of… Citra (canned: 09-24),"€ 7,65",Finland,4.24,Factory Brewing,8%,IPA - Imperial / Double New England / Hazy,Can 440ml,"€ 17,39 per litre"
Barrel Aged Peated Barley Wine 2024,"€ 9,60",Ireland,4.22,DOT Brew,22%,Barleywine - Other,330ml,"€ 29,09 per litre"
Politics Without Principle,"€ 9,25",England,4.19,Bang The Elephant Brewing Co,11.3%,Stout - Imperial / Double,Can 440ml,"€ 21,02 per litre"
Rum Belize & Panama BA 18 months,"€ 8,15",France,4.16,Popihn,12%,Stout - Imperial / Double,330ml,"€ 24,70 per litre"
Creepy (canned: 16-09-24),"€ 7,35",Spain,4.14,SOMA Beer,8%,IPA - Imperial / Double New England / Hazy,Can 440ml,"€ 16,70 per litre"
Tonka x Coffee x Vanilla Imperial Stout,"€ 7,20",Latvia,4.14,Ārpus Brewing Co.,12%,Stout - Imperial / Double,Can 440ml,"€ 16,36 per litre"
Void,"€ 7,20",Finland,4.12,Factory Brewing,7.3%,IPA - New England / Hazy,Can 440ml,"€ 16,36 per litre"
Science Without Humanity,"€ 9,25",England,4.12,Bang The Elephant Brewing Co,11.4%,Stout - Imperial / Double,Can 440ml,"€ 16,36 per litre"
American Imperial Stout Barrel Aged Blend,"€ 8,15",France,4.08,Popihn,12%,Stout - Russian Imperial,Can 440ml,"€ 18,52 per litre"
Progressive Dialogue (canned: 09-24),"€ 7,65",Finland,3.98,Factory Brewing,8.5%,IPA - Imperial / Double,Can 440ml,"€ 17,39 per litre"
TDH Hops x Art #25 (bbf: 31-10-25),"€ 5,65",Latvia,3.98,Ārpus Brewing Co.,6.5%,IPA - New England / Hazy,Can 440ml,"€ 12,84 per litre"
Reveries of… Nelson Sauvin (canned: 09-24),"€ 7,20",Finland,3.93,Factory Brewing,7.2%,IPA - New England / Hazy,Can 440ml,"€ 16,36 per litre"
Worship Without Sacrifice,"€ 9,25",England,3.91,Bang The Elephant Brewing Co,11.5%,Stout - Imperial / Double,Can 440ml,"€ 21,02 per litre"
What Makes Larry Happy,"€ 6,50",England,3.76,Bang The Elephant Brewing Co,5.8%,Pale Ale - New Zealand,Can 440ml,"€ 14,77 per litre"
Barrel Aged Shadows,"€ 8,60",Ireland,3.74,DOT Brew,8.9%,Red Ale - Irish,Can 440ml,"€ 14,77 per litre"
"It's Not Me, It's I.B.U!","€ 6,75",England,3.47,Bang The Elephant Brewing Co,7%,IPA - American,Can 440ml,"€ 15,34 per litre"
Deer Hunter B.A. 2024,"€ 6,95",Netherlands,4.21,Brouwerij Frontaal,10.5%,Stout - Russian Imperial,330ml,"€ 21,06 per litre"
De Molen Rioja Edition 2024 Imperial Irish Red Ale,"€ 6,10",Netherlands,4.00,Brouwerij de Molen,9.5%,Red Ale - Imperial / Double,330ml,"€ 21,06 per litre"
HOPZZ_ Essential,"€ 5,00",Poland,4.02,Browar PINTA,6%,IPA - New England / Hazy,Can 500ml,"€ 10,00 per litre"
Hazy Discovery – Zalec,"€ 3,90",Poland,3.85,Browar PINTA,6%,IPA - New England / Hazy,Can 500ml,"€ 7,80 per litre"
Wywar Jozef II,"€ 4,04",Slovakia,3.26,Holíčsky pivovar Wywar,3.8%,Lager - Světlé (Czech Pale),Bottle 750ml,"€ 5,39 per litre"
The BeeKeeper vol.6,"€ 5,40",Poland,3.96,TankBusters.Co,8%,Sour - Smoothie / Pastry,Can 500ml,"€ 10,80 per litre"
Juicebox,"€ 4,40",Poland,3.94,TankBusters.Co,8.4%,IPA - Imperial / Double,Can 500ml,"€ 8,80 per litre"
Nihilista,"€ 4,30",Poland,3.89,Ziemia Obiecana,7%,IPA - Imperial / Double New England / Hazy,Can 500ml,"€ 8,60 per litre"
Hack'N'Slash vol.2,"€ 4,00",Poland,3.72,TankBusters.Co,6.4%,IPA - American,Can 500ml,"€ 8,00 per litre"
Green Machine,"€ 4,20",Poland,3.70,TankBusters.Co,6.5%,IPA - New England / Hazy,Can 500ml,"€ 8,40 per litre"
Musashi's Legacy,"€ 4,00",Poland,3.60,TankBusters.Co,5%,IPA - Other,Can 500ml,"€ 8,00 per litre"
Augustiner Dunkel,"€ 4,70",Germany,3.60,Augustiner-Bräu München,5.6%,Lager - Munich Dunkel,500ml,"€ 9,40 per litre"
Dead & Berried Can,"€ 3,40",England,3.55,Hawkes,4%,Cider - Other Fruit,330ml,"€ 10,30 per litre"
La Trappe Quadrupel,"€ 2,99",Netherlands,3.91,Bierbrouwerij De Koningshoeven,10%,Belgian Quadrupel,330ml,"€ 9,06 per litre"
Fantome Light Brown Spiritus Automn,"€ 8,65",Belgium,3.89,Brasserie Fantôme,8%,Farmhouse Ale - Saison,Bottle 750ml,"€ 11,53 per litre"
Fantome Skrip's Big Brew,"€ 8,65",Belgium,3.88,Brasserie Fantôme,6.5%,Farmhouse Ale - Saison,Bottle 750ml,"€ 11,53 per litre"
Fantome Saison,"€ 8,65",Belgium,3.87,Brasserie Fantôme,8%,Farmhouse Ale - Saison,Bottle 750ml,"€ 11,53 per litre"
Fantome Old Fashion,"€ 8,65",Belgium,3.83,Brasserie Fantôme,6%,Farmhouse Ale - Saison,Bottle 750ml,"€ 11,53 per litre"
Klootzakske,"€ 3,89",Belgium,3.39,Klootzakske,7.5%,Belgian Tripel,330ml,"€ 11,79 per litre"
Sus,"€ 6,79",Spain,4.15,SOMA Beer,8%,IPA - Imperial / Double New England / Hazy,Can 440ml,"€ 15,43 per litre"
Peer Pressure,"€ 6,59",Spain,4.06,SOMA Beer,7%,IPA - New England / Hazy,Can 440ml,"€ 14,98 per litre"
Dizzy,"€ 6,79",Spain,4.04,SOMA Beer,8%,IPA - Imperial / Double New England / Hazy,Can 440ml,"€ 15,43 per litre"
Bad Moon Rising,"€ 5,99",Spain,4.04,Little Rain Brewing Company,6.5%,IPA - New England / Hazy,Can 440ml,"€ 13,61 per litre"
Un Buen Dia,"€ 5,99",Spain,3.99,Little Rain Brewing Company,7.3%,IPA - New England / Hazy,Can 440ml,"€ 13,61 per litre"
Clap Back,"€ 6,59",Spain,3.94,SOMA Beer,6%,IPA - New England / Hazy,Can 440ml,"€ 14,98 per litre"
Three Rules of Authentic Trappist,"€ 10,49",Netherlands,3.82,Bierbrouwerij De Koningshoeven,7.4%,Belgian Dubbel,Bottle 750ml,"€ 13,99 per litre"
TDH Hops X Art #25 IPA,"€ 5,99",Latvia,4.06,Ārpus Brewing Co.,6.5%,IPA - New England / Hazy,Can 440ml,"€ 13,61 per litre"
TDH Strata X Riwaka IPA,"€ 5,79",Latvia,4.06,Ārpus Brewing Co.,6.5%,IPA - New England / Hazy,Can 440ml,"€ 13,16 per litre"
Apricot X Blackberry X Cherry X Raspberry Smoothie Sour Ale,"€ 6,99",Latvia,4.05,Ārpus Brewing Co.,5.5%,Sour - Smoothie / Pastry,Can 440ml,"€ 15,89 per litre"
Drone Logic,"€ 6,29",Ireland,4.03,Whiplash,8%,IPA - Imperial / Double,Can 440ml,"€ 14,30 per litre"
I Love the Smell of Superdelic in the Morning,"€ 6,99",Czech Republic,4.03,Sibeeria,6.3%,IPA - New England / Hazy,500ml,"€ 13,98 per litre"
American IS - Barrel Aged Blend,"€ 8,49",France,4.01,Popihn,13.5%,Stout - Imperial / Double,330ml,"€ 25,73 per litre"
Soon Never Comes,"€ 6,29",Ireland,4.01,Whiplash,8.5%,IPA - Imperial / Double New England / Hazy,Can 440ml,"€ 14,30 per litre"
Shades of Marble,"€ 6,29",Ireland,4.00,Whiplash,8%,IPA - Imperial / Double New England / Hazy,Can 440ml,"€ 14,30 per litre"
I Love the Smell of HBC 1019 In the Morning,"€ 6,99",Czech Republic,3.98,Sibeeria,8.3%,IPA - Imperial / Double New England / Hazy,500ml,"€ 13,98 per litre"
Stereotrip,"€ 6,99",Romania,3.96,Blackout Brewing,8%,IPA - Imperial / Double New England / Hazy,Can 440ml,"€ 15,89 per litre"
Reveries Of... Nelson Sauvin,"€ 7,29",Finland,3.93,Factory Brewing,7.2%,IPA - New England / Hazy,Can 440ml,"€ 16,57 per litre"
TDH Talus X Cascade IPA,"€ 5,79",Latvia,3.91,Ārpus Brewing Co.,6.5%,IPA - New England / Hazy,Can 440ml,"€ 13,16 per litre"
TDH Vista x McKenzie Session IPA,"€ 5,29",Latvia,3.85,Ārpus Brewing Co.,5%,IPA - Session,Can 440ml,"€ 12,02 per litre"
TDH Ella X Enigma IPA,"€ 5,79",Latvia,3.85,Ārpus Brewing Co.,6.5%,IPA - New England / Hazy,Can 440ml,"€ 13,16 per litre"
TDH Motueka X Riwaka X Galaxy DIPA,"€ 5,99",Latvia,3.84,Ārpus Brewing Co.,8%,IPA - New England / Hazy,Can 440ml,"€ 13,61 per litre"
Finesse Pure Oak Series,"€ 5,79",Belgium,3.79,Brouwerij De Dochter van de Korenaar,8.5%,Belgian Tripel,330ml,"€ 17,55 per litre"
Covered In Dust,"€ 5,29",Ireland,3.78,Whiplash,6.8%,IPA - American,Can 440ml,"€ 12,02 per litre"
Summa,"€ 4,29",Netherlands,3.76,Van Moll,10.5%,Strong Ale - Other,330ml,"€ 13,00 per litre"
Hopfenreiter 2024,"€ 2,99",Germany,3.71,Brauerei Gebr. Maisel,8.5%,IPA - Imperial / Double,330ml,"€ 9,06 per litre"
Soulfly - Prophecy of the Hops,"€ 4,79",Austria,3.70,Brauhaus Bevog,4.3%,IPA - Session,500ml,"€ 9,58 per litre"
Tourist Triangle,"€ 5,79",Czech Republic,3.60,Sibeeria,4.2%,Porter - Smoked,500ml,"€ 11,58 per litre"
Hazy Morning Hazy APA,"€ 2,90",Poland,3.60,Browar PINTA,4.4%,Pale Ale - New England / Hazy,Bottle 500ml,"€ 5,80 per litre"
Atak Chmielu,"€ 3,00",Poland,3.55,Browar PINTA,6.1%,IPA - American,Bottle 500ml,"€ 6,00 per litre"
BA Chocolate Salty Christmas Balls Barrel Aged Imperial Stout,"€ 10,20",Norway,4.12,Cervisiam,11.7%,Stout - Imperial / Double,330ml,"€ 30,91 per litre"
Die Hard Imperial Stout,"€ 7,60",Norway,3.65,Cervisiam,10%,Stout - Imperial / Double Pastry,330ml,"€ 23,03 per litre"
Fizz The Season Mimosa IPA,"€ 6,20",England,3.56,Vocation Brewery,7%,IPA - New England / Hazy,Can 440ml,"€ 14,09 per litre"
Death By Cranberry Fruit Sour,"€ 5,90",England,3.48,Vocation Brewery,4.5%,Sour - Fruited,Can 440ml,"€ 13,41 per litre"
Sleigher Brown Ale,"€ 7,00",Denmark,3.37,Bad Seed Brewing,5.5%,Brown Ale - English,Can 440ml,"€ 15,91 per litre"
Aloha Sculpin,"€ 4,99",United States,3.77,Ballast Point Brewing Company,7%,IPA - American,355ml,"€ 14,06 per litre"
Lightbulb,"€ 4,90",England,3.74,Verdant Brewing Co,4.5%,Pale Ale - XPA (Extra Pale),Can 440ml,"€ 11,14 per litre"
Dolle Brouwers Stille Nacht 2019,"€ 8,95",Belgium,4.26,Brouwerij De Dolle Brouwers,12%,Belgian Strong Golden Ale,Can 440ml,"€ 11,14 per litre"
Galway Bay Bay Ale,"€ 3,05",United States,3.39,Dick's Brewing Company,5.2%,Red Ale - Irish,Can 440ml,"€ 11,14 per litre"
Colour & Shape,"€ 7,99",Canada,4.12,Superflux Beer Company,6.5%,IPA - American,473ml,"€ 16,89 per litre"
Low Tide,"€ 7,49",Finland,4.07,Factory Brewing,8%,IPA - Imperial / Double New England / Hazy,Can 440ml,"€ 17,02 per litre"
Giesinger Münchner Hell,"€ 2,39",Germany,3.54,Giesinger Bräu,4.8%,Lager - Helles,500ml,"€ 4,78 per litre"
Neon Horizons - IPA,"€ 6,10",Germany,4.07,Blech.Brut,6.8%,IPA - New England / Hazy,Can 440ml,"€ 13,86 per litre"
Straw Man Fallacy - NEIPA,"€ 6,30",Germany,4.06,Atelier der Braukünste,6.5%,IPA - New England / Hazy,Can 440ml,"€ 14,32 per litre"
Color Cascade- IPA,"€ 6,10",Germany,4.05,Blech.Brut,6.5%,IPA - New England / Hazy,Can 440ml,"€ 13,86 per litre"
Flow - IPA,"€ 6,10",Germany,3.98,Blech.Brut,6.8%,IPA - New England / Hazy,Can 440ml,"€ 13,86 per litre"
Cappy,"€ 39,95",Brazil,3.53,Bamberg Bier/ Brauerei Kundmüller,8.5%,Stout - Imperial / Double,Can 440ml,"€ 13,86 per litre"
Dinkelbier,"€ 1,90",Germany,3.51,Brauerei Rittmayer Hallerndorf,5.6%,Festbier,330ml,"€ 5,76 per litre"
Black Pope - Peru El Palto Coffee And Tahitian Vanilla Beans,"€ 4,90",Belgium,3.97,Galea Craft Beers,11.5%,Stout - Imperial / Double Coffee,330ml,"€ 14,85 per litre"
Fagnes Blonde,"€ 2,10",Belgium,3.46,Brasserie des Fagnes,7.5%,Belgian Blonde,330ml,"€ 6,36 per litre"
Stoute Pitte,"€ 2,10",Belgium,3.46,Pater Pitte,8%,Belgian Strong Dark Ale,330ml,"€ 6,36 per litre"
"Gueuze 2023 0,375L","€ 7,20",Belgium,4.18,Brasserie Cantillon,5.5%,Lambic - Gueuze,Bottle 375ml,"€ 19,20 per litre"
Arpus TDH Hops x Art #25 IPA,"€ 5,80",Latvia,4.06,Ārpus Brewing Co.,6.5%,IPA - New England / Hazy,Can 440ml,"€ 13,18 per litre"
Warmouth v13,"€ 4,20",Netherlands,3.80,De Kromme Haring,6.3%,IPA - New England / Hazy,330ml,"€ 12,73 per litre"
Night Vision Goggles,"€ 4,80",Netherlands,3.73,Dutch Bargain,9%,Porter - Baltic,330ml,"€ 14,55 per litre"
Wiwaxia,"€ 3,40",Netherlands,3.48,De Kromme Haring,5.8%,Lager - Vienna,330ml,"€ 10,30 per litre"
Struise Dark Horse Reserva Vintage 2014,"€ 34,95",Belgium,3.97,De Struise Brouwers,7%,Wild Ale - Other,Bottle 750ml,"€ 46,60 per litre"
Surf & Turf,"€ 7,99",Spain,3.86,Basqueland Brewing,7%,IPA - American,Can 440ml,"€ 18,16 per litre"
Bramble On,"€ 8,49",Spain,3.72,Basqueland Brewing,5.7%,Sour - Fruited,Can 440ml,"€ 19,30 per litre"
Oude Pinot Gris Tilquin 2019-2020,"€ 24,95",Belgium,4.31,Gueuzerie Tilquin,8.5%,Lambic - Fruit,Bottle 750ml,"€ 33,27 per litre"
Wolpha Blonde,"€ 10,99",Netherlands,3.62,Gebroeders Poppe,7.5%,Belgian Blonde,Bottle 750ml,"€ 14,65 per litre"
"Weiherer Zapfenduster Holzfassgelagert 0,75 L","€ 24,50",Germany,4.03,Brauerei Kundmüller,7.8%,Stout - Imperial / Double,Bottle 750ml,"€ 32,67 per litre"
"Weiherer Doppelbock Holzfassgelagert Rum 0,75 L","€ 27,50",Germany,3.89,Brauerei Kundmüller,12.1%,Bock - Doppelbock,Bottle 750ml,"€ 36,67 per litre"
"Weiherer Weizenbock Holzfassgelagert Sherry 0,75 L","€ 24,50",Germany,3.80,Brauerei Kundmüller,7.7%,Bock - Weizenbock,Bottle 750ml,"€ 32,67 per litre"
"Weiherer Weizenbock Holzfassgelagert Dornfelder 0,75 L","€ 24,50",Germany,3.66,Brauerei Kundmüller,7.7%,Bock - Weizenbock,Bottle 750ml,"€ 32,67 per litre"
"Maisel & Friends India Ale 0,75 L","€ 5,90",Germany,3.63,Brauerei Gebr. Maisel,7.3%,IPA - English,Bottle 750ml,"€ 7,87 per litre"
"Weiherer Bock Bourbon Style 0,75 L","€ 18,50",Germany,3.61,Brauerei Kundmüller,8.4%,Bock - Doppelbock,Bottle 750ml,"€ 24,67 per litre"
"Maisel & Friends Bavaria Ale 0,75 L","€ 5,90",Germany,3.57,Brauerei Gebr. Maisel,6.1%,Wheat Beer - Hefeweizen,Bottle 750ml,"€ 7,87 per litre"
Pseudo Sue Pale Ale,"€ 9,99",United States,4.11,Toppling Goliath Brewing Co.,5.8%,Pale Ale - American,473ml,"€ 21,12 per litre"
Flötzinger Weihnachts-Bier,"€ 2,39",Germany,3.46,Flötzinger Bräu,5.4%,Lager - Winter,500ml,"€ 4,78 per litre"
Flensburger Winterbock,"€ 1,99",Germany,3.36,Flensburger Brauerei Emil Petersen,7%,Bock - Single / Traditional,330ml,"€ 6,03 per litre"
Winterbock,"€ 1,99",Germany,3.32,Einbecker Brauhaus,7.5%,Bock - Doppelbock,330ml,"€ 6,03 per litre"
Weltenburger Kloster Winter-Traum Märzen,"€ 2,39",Germany,3.29,Klosterbrauerei Weltenburg,5.4%,Märzen,500ml,"€ 4,78 per litre"
Zipfer Märzen,"€ 2,19",Austria,3.15,Brauerei Zipf,5%,Märzen,500ml,"€ 4,38 per litre"
Equilibrium/Parish Ghost In the Laboratory Double NEIPA,"€ 12,99",United States,4.31,Equilibrium Brewery,8.5%,IPA - Imperial / Double New England / Hazy,473ml,"€ 27,46 per litre"
Colonization Triple New England IPA,"€ 12,99",United States,4.23,Adroit Theory,10.2%,IPA - Triple New England / Hazy,473ml,"€ 27,46 per litre"
Light Show Double NEIPA,"€ 11,99",United States,4.20,Little Willow Brewing Company,8.2%,IPA - Imperial / Double New England / Hazy,473ml,"€ 25,35 per litre"
Gone Fishing New England IPA,"€ 10,99",United States,4.18,Little Willow Brewing Company,7%,IPA - New England / Hazy,473ml,"€ 23,23 per litre"
Year Round New England IPA,"€ 10,99",United States,4.16,Little Willow Brewing Company,7%,IPA - New England / Hazy,473ml,"€ 23,23 per litre"
Canal Fatal New England IPA,"€ 11,99",Canada,4.15,Messorem,6%,IPA - New England / Hazy,473ml,"€ 25,35 per litre"
In Absentia New England IPA,"€ 9,99",United States,4.15,Brick & Feather Brewery,7.2%,IPA - New England / Hazy,473ml,"€ 21,12 per litre"
Existential Dread New England DIPA,"€ 11,99",United States,4.14,False Hope Brewing,8%,IPA - Imperial / Double New England / Hazy,473ml,"€ 25,35 per litre"
AK [Martyr Warrior] Triple New England IPA,"€ 12,99",United States,4.14,Adroit Theory,10%,IPA - Triple New England / Hazy,473ml,"€ 27,46 per litre"
Les Âmes S'Envolent: À L'Aurore New England IPA,"€ 11,99",Canada,4.13,Messorem,6.3%,IPA - New England / Hazy,473ml,"€ 25,35 per litre"
Absolute Zero Quadruple NEIPA,"€ 14,99",United States,4.12,Adroit Theory,13%,IPA - Quadruple,473ml,"€ 31,69 per litre"
Mosaic Mamba New England DIPA,"€ 12,99",United States,4.11,Toppling Goliath Brewing Co.,8.5%,IPA - Imperial / Double,473ml,"€ 27,46 per litre"
Pissenlits Par La Racine New England IPA,"€ 11,99",Canada,4.11,Messorem,7%,IPA - American,473ml,"€ 25,35 per litre"
Letters From Zelda New England IPA,"€ 9,99",United States,4.09,Brick & Feather Brewery,6.5%,IPA - New England / Hazy,473ml,"€ 21,12 per litre"
DDH Citra Crumble New England IPA,"€ 11,99",United States,4.09,Imprint Beer Co.,6.3%,IPA - New England / Hazy,473ml,"€ 25,35 per litre"
Tyrell Braukunstatelier Zartbitterstout,"€ 21,99",Germany,4.08,Tyrell BrauKunstAtelier,10.4%,Stout - Other,Bottle 750ml,"€ 29,32 per litre"
Half-Light Sunbeam New England IPA,"€ 9,99",United States,4.06,Brick & Feather Brewery,6.5%,IPA - New England / Hazy,473ml,"€ 21,12 per litre"
Neon Phenom Double NEIPA,"€ 12,99",United States,4.04,Drekker Brewing Company,8.4%,IPA - Imperial / Double,473ml,"€ 27,46 per litre"
Casa Agria Key Lime Pie Frutaleta Fruited Sour,"€ 11,99",United States,4.03,Casa Agria Specialty Ales,8%,Sour - Fruited,473ml,"€ 25,35 per litre"
6ix Anniversary Haze Double New England IPA,"€ 12,99",United States,4.02,Imprint Beer Co.,12%,Stout - Imperial / Double Pastry,568ml,"€ 22,87 per litre"
Equilibrium/Arkane Aleworks Hidden Harmony Double IPA,"€ 11,99",United States,4.01,Equilibrium Brewery,8%,IPA - Imperial / Double,473ml,"€ 25,35 per litre"
"My Morning Juice Hazy NEIPA w/ Orange, Passion & Mango","€ 11,99",United States,3.99,Imprint Beer Co.,6%,IPA - Fruited,473ml,"€ 25,35 per litre"
Element: Hydrogen Double IPA,"€ 11,99",United States,3.97,Equilibrium Brewery,8%,IPA - Imperial / Double,473ml,"€ 25,35 per litre"
Death Ronin Double West Coast IPA,"€ 11,99",United States,3.96,Adroit Theory,8.5%,IPA - Imperial / Double,473ml,"€ 25,35 per litre"
Lurk And Destroy NEIPA,"€ 12,99",United States,3.95,Drekker Brewing Company,6.6%,IPA - American,473ml,"€ 27,46 per litre"
Casa Agria Ghost Bat New England IPA,"€ 10,99",United States,3.94,Casa Agria Specialty Ales,6.6%,IPA - New England / Hazy,473ml,"€ 23,23 per litre"
Protostar IPA,"€ 8,99",United States,3.93,Equilibrium Brewery,6%,IPA - American,473ml,"€ 19,01 per litre"
Flotter Sur La Mer Morte Gose,"€ 10,99",Canada,3.92,Messorem,5.7%,Sour - Traditional Gose,473ml,"€ 23,23 per litre"
Slightly Sketchy New England IPA,"€ 11,99",United States,3.88,Imprint Beer Co.,6.7%,IPA - New England / Hazy,473ml,"€ 25,35 per litre"
Casa Agria Entrada West Coast IPA,"€ 10,99",United States,3.88,Casa Agria Specialty Ales,7.4%,IPA - American,473ml,"€ 23,23 per litre"
Casa Agria Full Blaze West Coast IPA,"€ 9,99",United States,3.88,Casa Agria Specialty Ales,6.5%,IPA - American,473ml,"€ 21,12 per litre"
Obolus New Zealand Pilsner,"€ 9,99",United States,3.83,Adroit Theory,5.2%,Pilsner - New Zealand,473ml,"€ 21,12 per litre"
Tyrell Braukunstatelier Gerstenwein 2024 Barleywine,"€ 21,99",Germany,?,Tyrell BrauKunstAtelier,10.2%,Barleywine - American,Bottle 750ml,"€ 29,32 per litre"
Iron Cage,"€ 11,00",United States,3.98,Nightmare Brewing Company,6.2%,Bock - Hell / Maibock / Lentebock,Bottle 750ml,"€ 29,32 per litre"
The Breaking Wheel,"€ 8,00",United States,3.90,Nightmare Brewing Company,5.2%,Kölsch,Bottle 750ml,"€ 29,32 per litre"
Jakżeby Inaczej,"€ 4,40",Poland,3.87,Browar Artezan,8%,IPA - Imperial / Double New England / Hazy,Can 500ml,"€ 8,80 per litre"
Jeździć Obserwować,"€ 4,30",Poland,3.83,Browar Artezan,6%,IPA - New England / Hazy,Can 500ml,"€ 8,60 per litre"
Bombelek z Zerówki,"€ 3,30",Poland,3.71,Browar Artezan,6%,Non-Alcoholic - Sour,Can 500ml,"€ 6,60 per litre"
Long Story Short,"€ 3,80",Poland,3.65,Browar Artezan,5%,Sour - Fruited Berliner Weisse,Can 500ml,"€ 7,60 per litre"
Poczwórny,"€ 2,60",Poland,3.44,Browar Fortuna,10%,Red Ale - Imperial / Double,Bottle 500ml,"€ 5,20 per litre"
Mirabelka,"€ 2,20",Poland,3.10,Browar Fortuna,5.1%,Fruit Beer,Bottle 500ml,"€ 4,40 per litre"
Czarne,"€ 2,00",Poland,2.95,Browar Fortuna,5.8%,Spiced / Herbed Beer,Bottle 500ml,"€ 4,00 per litre"
Barrel Project 2024 Bourbon,"€ 5,25",Netherlands,4.00,Brouwerij Kees,6.5%,Barleywine - American,330ml,"€ 15,91 per litre"
Idaho 7 & Rose Cider/Wild Ale Hybrid,"€ 12,00",England,3.94,Cloudwater Brew Co.,7.2%,Wild Ale - Other,Bottle 375ml,"€ 32,00 per litre"
Distillers Select Collection,"€ 139,50",England,3.94,The Bruery,7.2%,Wild Ale - Other,Bottle 375ml,"€ 32,00 per litre"
Zwei Welten – Italian Grape Ale – MHD 21.07.2023,"€ 9,25",Italy,3.55,Buschenschank Hubenbauer Hofbrauerei,9.8%,Grape Ale - Italian,330ml,"€ 28,03 per litre"
Player One,"€ 5,00",Ukraine,3.95,Дідько Brewery,12.2%,Stout - Imperial / Double,330ml,"€ 15,15 per litre"
Coconut Concrete Jungle Juice,"€ 6,50",Scotland,3.82,Vault City Brewing,6.6%,Sour - Fruited,Can 440ml,"€ 14,77 per litre"
Sliding On Rails,"€ 4,50",Spain,3.79,Garage Beer Co.,4.8%,IPA - Session,Can 440ml,"€ 10,23 per litre"
Upricing (Koji / Ginjo),"€ 17,50",Netherlands,3.78,100 Watt Brewery,10.3%,Koji / Ginjo Beer,Bottle 750ml,"€ 23,33 per litre"
You You Pangu,"€ 4,99",Norway,3.74,LERVIG,8.2%,IPA - Imperial / Double New England / Hazy,330ml,"€ 15,12 per litre"
King Crush,"€ 3,50",Scotland,3.71,BrewDog,8.4%,IPA - Imperial / Double Milkshake,Can 440ml,"€ 7,95 per litre"
Neverending Haze,"€ 2,00",United States,3.59,Stone Brewing,4%,IPA - Session,355ml,"€ 5,63 per litre"
Double IPA,"€ 2,75",Ireland,3.56,O'Hara's Brewery,7.5%,IPA - Imperial / Double,Can 440ml,"€ 6,25 per litre"
La Boucle Magnum,"€ 24,00",France,3.98,Levain,5%,Sour - Other,Bottle 1500ml,"€ 16,00 per litre"
Nuance,"€ 12,00",France,3.91,Levain,5.5%,Sour - Other,Bottle 750ml,"€ 16,00 per litre"
Mariana White - Weizenbock,"€ 2,90",Germany,3.81,Brauerei Gebr. Maisel,7.5%,Wheat Beer - Hopfenweisse,330ml,"€ 8,79 per litre"
M.J.K. (2021),"€ 1.699,00",United States,4.87,Side Project Brewing,20%,Barleywine - English,330ml,"€ 8,79 per litre"
Eugenes Axe,"€ 20,95",United States,4.43,Fidens Brewing Co,8.6%,IPA - Imperial / Double New England / Hazy,330ml,"€ 8,79 per litre"
M.J.K. (2024),"€ 1.499,99",United States,4.82,Side Project Brewing,20%,Barleywine - English,330ml,"€ 8,79 per litre"
Peckham Pils,"€ 3,80",England,3.35,Brick Brewery,4.8%,Pilsner - Other,Can 330ml,"€ 11,52 per litre"
Stress Less,"€ 5,10",Romania,3.97,Hop Hooligans,6%,IPA - New England / Hazy,Can 500ml,"€ 10,20 per litre"
Summer Punch,"€ 4,30",Romania,3.70,Hop Hooligans,5%,Pale Ale - American,Can 500ml,"€ 8,60 per litre"
12 Years Of Happiness,"€ 6,60",Czech Republic,4.06,Rodinný Pivovar Zichovec,7%,IPA - New England / Hazy,500ml,"€ 13,20 per litre"
Brulee,"€ 4,60",Netherlands,4.05,ROTT. Brouwers,10.5%,Stout - Imperial / Double Pastry,330ml,"€ 13,94 per litre"
BBA Back Already?,"€ 11,43",Sweden,4.15,Stigbergets Bryggeri,13%,Stout - Imperial / Double Milk,Can 440ml,"€ 25,98 per litre"
Pineapple X Lime X Coconut X Vanilla Smoothie Sour Ale,"€ 10,47",Latvia,4.12,Ārpus Brewing Co.,4.5%,Sour - Fruited,Can 440ml,"€ 23,80 per litre"
Organic Chocolate Stout,"€ 5,49",England,4.04,Samuel Smith,5%,Stout - Other,Can 440ml,"€ 12,48 per litre"
Lübi Premium,"€ 8,11",Germany,3.80,Sudden Death Brewing Co.,5.5%,Pale Ale - XPA (Extra Pale),Can 440ml,"€ 18,43 per litre"
Zumology,"€ 6,96",United States,3.73,Stone Brewing,7.5%,IPA - American,355ml,"€ 19,61 per litre"
Gold,"€ 4,25",Germany,3.59,Private Landbrauerei Schönram,5.7%,Festbier,500ml,"€ 8,50 per litre"
Bayrisch Pale Ale,"€ 4,15",Germany,3.49,Private Landbrauerei Schönram,5.5%,Pale Ale - American,330ml,"€ 12,58 per litre"
Vat#50 Zwarte Snorre Barrel Aged Ardbeg Whisky,"€ 6,50",Netherlands,4.10,Berghoeve Brouwerij,11%,Stout - Russian Imperial,330ml,"€ 19,70 per litre"
Super Juicebox Megamix Turbo,"€ 7,45",France,3.92,Mogwaï Beer Company,4.5%,Sour - Smoothie / Pastry,Can 440ml,"€ 16,93 per litre"
Haze Of Base,"€ 6,15",France,3.91,Mogwaï Beer Company,6.2%,IPA - New England / Hazy,Can 440ml,"€ 13,98 per litre"
Vat#74 Klabats! Barrel Aged Wild Turkey Bourbon,"€ 6,50",Netherlands,4.06,Berghoeve Brouwerij,10%,Barleywine - American,330ml,"€ 19,70 per litre"
Roulette Hop Series Elani,"€ 3,95",Estonia,3.87,Pühaste Brewery,6.9%,IPA - New England / Hazy,330ml,"€ 11,97 per litre"
Friction,"€ 4,99",Netherlands,3.70,Moersleutel Craft Brewery,6%,IPA - Other,Can 440ml,"€ 11,34 per litre"
Fruit Press,"€ 4,50",Netherlands,3.74,Moersleutel Craft Brewery,5%,IPA - New England / Hazy,Can 440ml,"€ 10,23 per litre"
Cake Break,"€ 6,75",Netherlands,3.97,Moersleutel Craft Brewery,10%,Stout - Pastry,Can 440ml,"€ 15,34 per litre"
Chocolate Fudge Brownie,"€ 7,30",England,3.90,Northern Monk,8.4%,Stout - Milk / Sweet,Can 440ml,"€ 16,59 per litre"
Faith In Futures DDH Hazy IPA,"€ 6,99",England,3.80,Northern Monk,6.5%,IPA - New England / Hazy,Can 440ml,"€ 15,89 per litre"
Julequad X,"€ 9,99",Norway,4.02,Oslo Brewing Company,12.5%,Belgian Quadrupel,330ml,"€ 30,27 per litre"
PATRONS PROJECT 43.03 // TRIFLE ALE,"€ 6,80",England,3.63,Northern Monk,6%,Pale Ale - Fruited,Can 440ml,"€ 15,45 per litre"
XB Ruby Ale,"€ 4,69",England,3.38,Theakston,4.5%,Bitter - Extra Special / Strong (ESB),500ml,"€ 9,38 per litre"
I am a Barley Girl,"€ 7,00",Netherlands,3.97,Jopen,11%,Barleywine - Other,330ml,"€ 21,21 per litre"
BA Shadows,"€ 8,75",Netherlands,3.97,Dot Brew,16%,Barleywine - Other,330ml,"€ 26,52 per litre"
2024 Barrel Aged Peated Barley Wine,"€ 9,75",Ireland,4.22,DOT Brew,22%,Barleywine - Other,330ml,"€ 29,55 per litre"
Imperial Stout – Rum Belize & Panama BA 18 Mois,"€ 8,25",France,4.16,Popihn,12%,Stout - Imperial / Double,330ml,"€ 25,00 per litre"
Imperial Stout – Mezcal BA 18 Mois,"€ 8,25",France,4.06,Popihn,12%,Stout - Imperial / Double,330ml,"€ 25,00 per litre"
Colourway King,"€ 5,70",Wales,3.64,Tiny Rebel Brewing Co,7%,IPA - New England / Hazy,Can 440ml,"€ 12,95 per litre"
Vanilla Vortex,"€ 3,40",Wales,3.30,Tiny Rebel Brewing Co,4.6%,Sour - Other,330ml,"€ 10,30 per litre"
Make A Rond,"€ 7,75",France,3.98,O'Clock Brewing,11%,Stout - Imperial / Double Pastry,330ml,"€ 23,48 per litre"
Magic of Ten,"€ 21,95",United States,4.42,Tree House Brewing Company,7.8%,IPA - Imperial / Double New England / Hazy,330ml,"€ 23,48 per litre"
JJJuiceee Project Peacharine,"€ 20,95",United States,4.39,Tree House Brewing Company,8.7%,IPA - New Zealand,330ml,"€ 23,48 per litre"
Brighter Than Starlight,"€ 18,95",United States,4.36,Tree House Brewing Company,8.3%,IPA - Imperial / Double,330ml,"€ 23,48 per litre"
Beneficiaries of Chance 10th Anniversary,"€ 13,95",United States,4.19,Tree House Brewing Company,4.8%,Pale Ale - New England / Hazy,330ml,"€ 23,48 per litre"
Ruby Bay,"€ 12,95",United States,4.07,Tree House Brewing Company,5%,Pilsner - New Zealand,330ml,"€ 23,48 per litre"
American IPA - Mecca Grade,"€ 15,95",United States,4.05,Tree House Brewing Company,6.5%,IPA - New England / Hazy,330ml,"€ 23,48 per litre"
Collage,"€ 10,95",United States,3.98,Tree House Brewing Company,5.1%,Pilsner - Other,330ml,"€ 23,48 per litre"
Sleepless Nights,"€ 10,95",United States,3.97,Tree House Brewing Company,4.9%,Lager - Helles,330ml,"€ 23,48 per litre"
Trail Fresh Hop Citra Carpenter Ranches,"€ 11,95",United States,3.97,Tree House Brewing Company,5.1%,Pilsner - Other,330ml,"€ 23,48 per litre"
Trail Fresh Hop Citra Jackson Farm,"€ 11,95",United States,3.97,Tree House Brewing Company,5.1%,Pilsner - Other,330ml,"€ 23,48 per litre"
Sollitude,"€ 12,95",United States,3.93,Tree House Brewing Company,5.3%,Märzen,330ml,"€ 23,48 per litre"
Nelson Many Ways - Garston Hops,"€ 18,95",United States,4.36,Tree House Brewing Company,8.2%,IPA - Imperial / Double New England / Hazy,330ml,"€ 23,48 per litre"
Kokomo,"€ 29,95",United States,4.33,Aslin Beer Company,15%,Stout - Imperial / Double,330ml,"€ 23,48 per litre"
Bigger Mango,"€ 19,95",United States,4.31,Tree House Brewing Company,8.6%,IPA - Imperial / Double,,
Nelson Many Ways - Clayton Hops,"€ 18,95",United States,4.26,Tree House Brewing Company,8.2%,IPA - Imperial / Double New England / Hazy,,
Timberline,"€ 16,95",United States,4.15,Tree House Brewing Company,6.8%,IPA - New England / Hazy,,
Choconanner,"€ 19,95",United States,4.10,Tree House Brewing Company,7.6%,Stout - Milk / Sweet,,
Island Time,"€ 7,49",United States,3.99,Mill 77 Brewing,6.5%,IPA - New England / Hazy,,
Slowly In the Dark (2024),"€ 49,95",United States,4.50,Millpond Brewing,12.1%,Stout - Imperial / Double,500ml,"€ 99,90 per litre"
Tohubohu,"€ 41,75",United States,4.39,Private Press Brewing,15.4%,Belgian Quadrupel,500ml,"€ 83,50 per litre"
Stimulus Package,"€ 10,95",United States,4.34,District 96 Beer Factory/ Equilibrium Brewery,8%,IPA - Imperial / Double New England / Hazy,473ml,"€ 23,15 per litre"
Double Dry Hopped Tiberius,"€ 11,25",Canada,4.33,Brasserie du Bas-Canada,8.2%,IPA - Imperial / Double,473ml,"€ 23,78 per litre"
Hummingbird,"€ 49,95",United States,4.30,Millpond Brewing,14%,Stout - Imperial / Double,500ml,"€ 99,90 per litre"
Dock 89 - Pacifica & Motueka,"€ 10,75",Canada,4.25,Le Ketch,6.5%,IPA - New England / Hazy,473ml,"€ 22,73 per litre"
Haze Division (Track Version),"€ 12,25",England,4.25,Track Brewing Company,8.1%,IPA - Imperial / Double New England / Hazy,Can 440ml,"€ 27,84 per litre"
Colonization (Ghost Colonization),"€ 10,25",United States,4.23,Adroit Theory,10.2%,IPA - Triple New England / Hazy,473ml,"€ 21,67 per litre"
Brume Du Littoral - Aout 2024,"€ 10,75",Canada,4.22,Le Ketch,8%,IPA - Imperial / Double New England / Hazy,473ml,"€ 22,73 per litre"
"Dock 88 - Pacifica, Nelson Sauvin, Motueka & Cascade NZ","€ 10,75",Canada,4.21,Le Ketch,6.5%,IPA - New England / Hazy,473ml,"€ 22,73 per litre"
Quintuple Continuous Blood,"€ 12,25",Canada,4.17,Third Moon Brewing Company,13.5%,IPA - Other,473ml,"€ 25,90 per litre"
Mosaic Mamba,"€ 9,95",United States,4.11,Toppling Goliath Brewing Co.,8.5%,IPA - Imperial / Double,473ml,"€ 21,04 per litre"
6th Anniversary,"€ 16,50",Poland,4.45,Funky Fluid,16%,Strong Ale - Other,330ml,"€ 50,00 per litre"
Memory (2024),"€ 10,75",Poland,4.23,PINTA Barrel Brewing,11%,Stout - Imperial / Double,330ml,"€ 32,58 per litre"
Gelato XTREME: Blueberry Raspberry Banana S'mores Milkshake Schmoojee,"€ 9,25",Poland,4.12,Funky Fluid,8%,Sour - Smoothie / Pastry,500ml,"€ 18,50 per litre"
Pineapple Upside-Down Cake,"€ 9,75",Scotland,4.07,Vault City Brewing,8%,Sour - Smoothie / Pastry,Can 440ml,"€ 22,16 per litre"
Carrot Cake,"€ 9,75",Scotland,4.05,Vault City Brewing,8%,Sour - Smoothie / Pastry,Can 440ml,"€ 22,16 per litre"
Shake S'more,"€ 8,50",Scotland,4.04,Vault City Brewing,6.2%,Sour - Smoothie / Pastry,Can 440ml,"€ 19,32 per litre"
Gelato XTREME: Jungle Juice SLUSHY XXL,"€ 8,95",Poland,4.03,Funky Fluid,8%,Sour - Smoothie / Pastry,500ml,"€ 17,90 per litre"
"Blood & Ink (Blackberry, Cherry, Plum & Squid Ink Sour)","€ 7,00",Scotland,3.85,Vault City Brewing,4.9%,Sour - Fruited Gose,Can 440ml,"€ 15,91 per litre"
Make My Day,"€ 6,50",Spain,3.80,Caleya,7.7%,IPA - Imperial / Double,Can 440ml,"€ 14,77 per litre"
Welcome Home From Prison Mom (West Coast),"€ 6,75",Germany,3.80,FrauGruber Brewing,8.6%,IPA - Imperial / Double,Can 440ml,"€ 15,34 per litre"
JELLY FINGERS: APPLE CINNAMON (2024),"€ 9,95",United States,4.44,HEAVY REEL BREWING CO.,5%,Fruit Beer,Can 440ml,"€ 15,34 per litre"
Ecto Cooler,"€ 9,95",United States,4.28,HEAVY REEL BREWING CO.,5%,Fruit Beer,Can 440ml,"€ 15,34 per litre"
LUVV: ORANGE CREAMSICLE,"€ 8,99",United States,4.18,HEAVY REEL BREWING CO.,5%,Sour - Fruited Berliner Weisse,Can 440ml,"€ 15,34 per litre"
Holiday Crisp,"€ 7,95",United States,4.08,Branch and Blade Brewing,6.5%,Sour - Smoothie / Pastry,Can 440ml,"€ 15,34 per litre"
Das Pils,"€ 7,69",United States,3.82,HEAVY REEL BREWING CO.,5.7%,Pilsner - German,Can 440ml,"€ 15,34 per litre"
Nuclear Option,"€ 19,95",United States,4.34,District 96 Beer Factory,14%,IPA - Quadruple,Can 440ml,"€ 15,34 per litre"
In It For the Dragons,"€ 16,99",United States,4.29,Marlowe Artisanal Ales,8.5%,IPA - Imperial / Double New England / Hazy,Can 440ml,"€ 15,34 per litre"
Tropics And Cream,"€ 18,95",United States,4.29,Tree House Brewing Company,8.2%,IPA - Imperial / Double,Can 440ml,"€ 15,34 per litre"
Drop Out,"€ 17,95",United States,4.26,District 96 Beer Factory,8%,IPA - Imperial / Double New England / Hazy,Can 440ml,"€ 15,34 per litre"
Futurism,"€ 7,95",United States,4.26,Branch and Blade Brewing,4.5%,Lager - Tmavé (Czech Dark),Can 440ml,"€ 15,34 per litre"
Black Lotus,"€ 18,95",United States,4.25,Tree House Brewing Company,7.7%,IPA - Imperial / Double New England / Hazy,Can 440ml,"€ 15,34 per litre"
Fire Lily,"€ 16,95",United States,4.17,Tree House Brewing Company,7.4%,IPA - Imperial / Double New England / Hazy,Can 440ml,"€ 15,34 per litre"
Black Sheep,"€ 16,95",United States,4.11,Tree House Brewing Company,8.2%,IPA - Imperial / Double New England / Hazy,Can 440ml,"€ 15,34 per litre"
DDH Eager To Share,"€ 17,99",United States,4.10,Marlowe Artisanal Ales,5.4%,Pale Ale - American,,
Spirit and Adventure,"€ 16,95",United States,4.09,Fidens Brewing Co,7%,IPA - American,,
Sherman,"€ 14,95",United States,4.02,Tree House Brewing Company,7.2%,IPA - Red,,
Immersion (2024),"€ 10,75",Poland,4.19,PINTA Barrel Brewing,11.5%,Porter - Imperial / Double,330ml,"€ 32,58 per litre"
When Worlds Collide,"€ 29,95",United States,4.28,Tree House Brewing Company,10.8%,Scotch Ale / Wee Heavy,330ml,"€ 32,58 per litre"
Foolish Miscreant,"€ 19,95",United States,4.17,Electric Brewing Company,8.5%,IPA - Imperial / Double New England / Hazy,330ml,"€ 32,58 per litre"
Against All Odds (2024),"€ 20,95",United States,4.41,Marlowe Artisanal Ales,8%,IPA - Imperial / Double New England / Hazy,330ml,"€ 32,58 per litre"
Smoothiesh: What's A Vampire Bat's Favorite Type of Fruit?,"€ 7,99",Croatia,4.28,Pulfer Brewery,5.5%,Sour - Smoothie / Pastry,500ml,"€ 15,98 per litre"
Smoothiesh: A Neck-tarine!,"€ 7,99",Croatia,4.27,Pulfer Brewery,5.5%,Sour - Smoothie / Pastry,500ml,"€ 15,98 per litre"
Ghost Signatures: HBC-586,"€ 16,99",United States,4.16,Marlowe Artisanal Ales,6.7%,IPA - New England / Hazy,500ml,"€ 15,98 per litre"
There Goes My Hero,"€ 4,99",Croatia,3.86,Pulfer Brewery,5.9%,Lager - IPL (India Pale Lager),500ml,"€ 9,98 per litre"
Beer : Barrel : Time (Rye 2024),"€ 189,99",United States,4.66,Side Project Brewing,15%,Stout - Imperial / Double,500ml,"€ 9,98 per litre"
Lumber Reserve Barrel #109 (Silver Wax),"€ 139,99",United States,4.51,Timber Ales,12.5%,Stout - Imperial / Double,500ml,"€ 9,98 per litre"
Buccaneer,"€ 14,99",Croatia,4.37,Pulfer Brewery,10.2%,Stout - Imperial / Double Pastry,330ml,"€ 45,42 per litre"
Infinity Rum BA,"€ 8,99",Poland,4.14,Browar Rockmill,12%,Porter - Imperial / Double,500ml,"€ 17,98 per litre"
Infinity Armagnac BA,"€ 8,99",Poland,4.04,Browar Rockmill,12%,Porter - Imperial / Double,500ml,"€ 17,98 per litre"
La Trappe Blond,"€ 2,95",Netherlands,3.67,Bierbrouwerij De Koningshoeven,6.5%,Belgian Blonde,330ml,"€ 8,94 per litre"
Golden Fern,"€ 23,95",United States,4.47,Tree House Brewing Company,8.2%,IPA - Imperial / Double New England / Hazy,330ml,"€ 8,94 per litre"
Silver Fern,"€ 20,95",United States,4.42,Tree House Brewing Company,7.8%,IPA - New Zealand,473ml,"€ 44,29 per litre"
I Have Promises To Keep,"€ 20,95",United States,4.38,Tree House Brewing Company,7.9%,IPA - Imperial / Double,473ml,"€ 44,29 per litre"
Nelson Many Ways - Eggers Hops,"€ 19,95",United States,4.34,Tree House Brewing Company,8.2%,IPA - Imperial / Double New England / Hazy,,
Queen Julius,"€ 16,95",United States,4.30,Tree House Brewing Company,8.1%,IPA - Imperial / Double,,
Juice Project Citra El Dorado,"€ 19,95",United States,4.29,Tree House Brewing Company,8%,IPA - Imperial / Double,,
Year of the Dragon,"€ 19,95",United States,4.25,Tree House Brewing Company,8.6%,IPA - Imperial / Double New England / Hazy,,
Blond,"€ 3,60",Netherlands,3.53,Vijfheeren Bier,6.5%,Belgian Blonde,330ml,"€ 10,91 per litre"
Weizen,"€ 3,60",Netherlands,3.44,Vijfheeren Bier,5.2%,Wheat Beer - Hefeweizen,330ml,"€ 10,91 per litre"
Wolpertinger Dunkles,"€ 3,49",Germany,3.34,Landgang Brauerei,5%,Lager - Munich Dunkel,330ml,"€ 10,58 per litre"
Spontaneous Apricot 2023,"€ 19,00",United States,4.23,Plan Bee Farm Brewery,6.5%,Farmhouse Ale - Other,330ml,"€ 10,58 per litre"
Pickle,"€ 16,00",United States,4.22,Plan Bee Farm Brewery,6%,Wild Ale - American,330ml,"€ 10,58 per litre"
Barn Beer,"€ 12,00",United States,3.96,Plan Bee Farm Brewery,5.5%,Wild Ale - American,Bottle 375ml,"€ 32,00 per litre"
Pepper 24,"€ 16,00",United States,3.83,Plan Bee Farm Brewery,5%,Wild Ale - American,Bottle 375ml,"€ 32,00 per litre"
Passion Fruit Pool Party,"€ 5,50",Wales,3.72,Tiny Rebel Brewing Co,5.3%,IPA - White / Wheat,Can 440ml,"€ 12,50 per litre"
Project D,"€ 5,50",Wales,3.68,Tiny Rebel Brewing Co,6.5%,Stout - Pastry,Can 440ml,"€ 12,50 per litre"
Guldenberg,"€ 9,50",Belgium,3.61,Brouwerij De Ranke,8%,Belgian Tripel,Bottle 750ml,"€ 12,67 per litre"
Tinto,"€ 4,00",Belgium,3.40,Brouwerij Hof ten Dormaal,6%,Belgian Blonde,330ml,"€ 12,12 per litre"
King Sue,"€ 9,46",United States,4.30,Toppling Goliath Brewing Co.,7.8%,IPA - Imperial / Double New England / Hazy,473ml,"€ 20,00 per litre"
Transmountain Diversion,"€ 10,35",United States,4.30,WeldWerks Brewing Co.,8.7%,IPA - Imperial / Double New England / Hazy,473ml,"€ 21,88 per litre"
#14 DIPA,"€ 40,10",Denmark,3.91,To Øl,8.2%,IPA - Imperial / Double,6-pack,"Total price: € 40,10"
#14 DIPA,"€ 133,40",Denmark,3.91,To Øl,8.2%,IPA - Imperial / Double,24-pack,"Total price: € 133,40"
Double Reveries Of... Citra,"€ 8,25",Finland,4.24,Factory Brewing,8%,IPA - Imperial / Double New England / Hazy,Can 440ml,"€ 18,75 per litre"
GANG,"€ 8,25",Spain,4.10,SOMA Beer,8%,IPA - Imperial / Double,Can 440ml,"€ 18,75 per litre"
Banana X Mango X Pineapple Smoothie Sour Ale,"€ 7,50",Latvia,4.22,Ārpus Brewing Co.,4.5%,Sour - Smoothie / Pastry,Can 440ml,"€ 17,05 per litre"
Ārpus X Third Moon Brewing Tonka X Coffee X Vanilla Imperial Stout,"€ 8,00",Latvia,4.14,Ārpus Brewing Co.,12%,Stout - Imperial / Double,Can 440ml,"€ 18,18 per litre"
Daemon Engine,"€ 7,95",England,4.05,Azvex Brewing Company,8.2%,IPA - Imperial / Double,Can 440ml,"€ 18,07 per litre"
Asteroid Insurance Policy,"€ 7,00",England,4.02,Azvex Brewing Company,7%,IPA - New England / Hazy,Can 440ml,"€ 15,91 per litre"
Duvel Barrel Aged Batch 9 (2024) Kentucky Bourbon Edition,"€ 25,50",Belgium,4.02,Duvel Moortgat,11%,Belgian Strong Golden Ale,Bottle 750ml,"€ 34,00 per litre"
Cymatic Sand,"€ 7,00",England,3.91,Azvex Brewing Company,6.5%,IPA - New England / Hazy,Can 440ml,"€ 15,91 per litre"
ITS NOT ME. ITS I.B.U,"€ 7,00",England,3.47,Bang The Elephant Brewing Co,7%,IPA - American,Can 440ml,"€ 15,91 per litre"
MUNIN BA Imperial Stout Creme Brulee Ed.,"€ 13,25",Norway,4.29,RYGR Brygghús,12.5%,Stout - Imperial / Double Pastry,330ml,"€ 40,15 per litre"
Hugin Imperial Coffee Stout Tennessee Whiskey Barrel,"€ 12,95",Norway,4.24,RYGR Brygghús,12.5%,Stout - Imperial / Double Coffee,330ml,"€ 39,24 per litre"
WILL IT FLOAT #8,"€ 8,50",Netherlands,4.18,White Dog Brewery,6%,Sour - Smoothie / Pastry,Can 440ml,"€ 19,32 per litre"
Horror Vacui,"€ 23,25",Hungary,4.16,Mad Scientist,11.3%,Stout - Imperial / Double,500ml,"€ 46,50 per litre"
Pils,"€ 1,90",Germany,3.37,Brauerei Kundmüller,4.7%,Pilsner - German,500ml,"€ 3,80 per litre"
Orbital Movement,"€ 33,60",Denmark,3.77,To Øl,6%,IPA - New England / Hazy,6-pack,"Total price: € 33,60"
Orbital Movement,"€ 120,00",Denmark,3.77,To Øl,6%,IPA - New England / Hazy,24-pack,"Total price: € 120,00"
Eem Beestig,"€ 3,95",Netherlands,3.63,Brouwerij Eembier,10%,Barleywine - Other,24-pack,"Total price: € 120,00"
Eem Kranig,"€ 3,20",Netherlands,3.51,Brouwerij Eembier,8%,Belgian Tripel,24-pack,"Total price: € 120,00"
Eem Gulzig,"€ 3,75",Netherlands,3.47,Brouwerij Eembier,8.5%,Belgian Strong Golden Ale,330ml,"€ 11,36 per litre"
Eem Tierig,"€ 3,20",Netherlands,3.38,Brouwerij Eembier,6.7%,IPA - Other,330ml,"€ 9,70 per litre"
Andromeda,"€ 19,95",United States,4.33,Tree House Brewing Company,8%,IPA - Imperial / Double New England / Hazy,330ml,"€ 9,70 per litre"
#14 DIPA,"€ 8,10",Denmark,3.91,To Øl,8.2%,IPA - Imperial / Double,Can 440ml,"€ 18,41 per litre"
Orbital Movement,"€ 6,80",Denmark,3.77,To Øl,6%,IPA - New England / Hazy,Can 440ml,"€ 15,45 per litre"
Fluid Mechanics,"€ 7,29",Norway,4.14,Salikatt Bryggeri,8%,IPA - Imperial / Double New England / Hazy,Can 440ml,"€ 16,57 per litre"
Gang,"€ 7,49",Spain,4.10,SOMA Beer,8%,IPA - Imperial / Double,Can 440ml,"€ 17,02 per litre"
Peer Pressure,"€ 7,29",Spain,4.06,SOMA Beer,7%,IPA - New England / Hazy,Can 440ml,"€ 16,57 per litre"
Daemon Engine,"€ 7,99",England,4.05,Azvex Brewing Company,8.2%,IPA - Imperial / Double,Can 440ml,"€ 18,16 per litre"
Dizzy,"€ 7,49",Spain,4.04,SOMA Beer,8%,IPA - Imperial / Double New England / Hazy,Can 440ml,"€ 17,02 per litre"
Asteroid Insurance Policy,"€ 6,99",England,4.02,Azvex Brewing Company,7%,IPA - New England / Hazy,Can 440ml,"€ 15,89 per litre"
Planned Obsolescence,"€ 5,99",England,3.98,Azvex Brewing Company,5.4%,IPA - American,Can 440ml,"€ 13,61 per litre"
Cloud Nine,"€ 6,99",Spain,3.97,SOMA Beer,6%,IPA - New England / Hazy,Can 440ml,"€ 15,89 per litre"
Seid Phantasm 4,"€ 5,49",Norway,3.95,RYGR Brygghús,8%,IPA - Imperial / Double New England / Hazy,330ml,"€ 16,64 per litre"
Clap Back,"€ 6,99",Spain,3.94,SOMA Beer,6%,IPA - New England / Hazy,Can 440ml,"€ 15,89 per litre"
Seid Phantasm 3,"€ 5,49",Norway,3.94,RYGR Brygghús,8%,IPA - Imperial / Double New England / Hazy,330ml,"€ 16,64 per litre"
Cloudscape,"€ 6,79",Norway,3.94,Salikatt Bryggeri,7%,IPA - New England / Hazy,Can 440ml,"€ 15,43 per litre"
Crochet Spider,"€ 5,99",England,3.86,Azvex Brewing Company,5.5%,IPA - New England / Hazy,Can 440ml,"€ 13,61 per litre"
Firebox,"€ 6,79",Norway,3.82,Salikatt Bryggeri,6%,IPA - American,Can 440ml,"€ 15,43 per litre"
Arpus TDH Peacharine x Motueka DIPA,"€ 6,25",Latvia,4.05,Ārpus Brewing Co.,8%,IPA - Imperial / Double New England / Hazy,Can 440ml,"€ 14,20 per litre"
Arpus TDH Strata x Riwaka IPA,"€ 5,75",Latvia,4.06,Ārpus Brewing Co.,6.5%,IPA - New England / Hazy,Can 440ml,"€ 13,07 per litre"
BeetL Juice,"€ 5,75",Wales,3.43,Tiny Rebel Brewing Co,5.8%,Sour - Fruited,Can 440ml,"€ 13,07 per litre"
Puhaste Midnight Giggle,"€ 4,50",Estonia,3.93,Pühaste Brewery,6%,Sour - Fruited Gose,330ml,"€ 13,64 per litre"
Very Hazy,"€ 19,95",United States,4.59,Tree House Brewing Company,8.6%,IPA - Imperial / Double,,
Doubleganger,"€ 17,95",United States,4.53,Tree House Brewing Company,8.2%,IPA - Imperial / Double,,
Ghost Signatures: Peacharine,"€ 18,95",United States,4.45,Marlowe Artisanal Ales,6.7%,IPA - New England / Hazy,,
The Butcher,"€ 20,95",United States,4.43,Fidens Brewing Co,8.5%,IPA - Imperial / Double New England / Hazy,473ml,"€ 44,29 per litre"
Weka,"€ 20,95",United States,4.34,Fidens Brewing Co,7%,IPA - New England / Hazy,473ml,"€ 44,29 per litre"
NBG Pop,"€ 2,89",Germany,3.65,orca brau,4.9%,Lager - Helles,330ml,"€ 8,76 per litre"
local IPA,"€ 3,80",Germany,3.64,orca brau,6.5%,IPA - Other,330ml,"€ 11,52 per litre"
India Ale,"€ 5,90",Germany,3.63,Brauerei Gebr. Maisel,7.3%,IPA - English,Bottle 750ml,"€ 7,87 per litre"
Chocolate Bock,"€ 5,90",Germany,3.60,Brauerei Gebr. Maisel,7.5%,Bock - Single / Traditional,Bottle 750ml,"€ 7,87 per litre"
Napizza Amalfi Pale Ale,"€ 3,50",Germany,3.56,orca brau,5.3%,Pale Ale - Other,330ml,"€ 10,61 per litre"
Bayreuther Bock,"€ 2,50",Germany,3.51,Bayreuther Bierbrauerei,6.8%,Bock - Single / Traditional,500ml,"€ 5,00 per litre"
Born to be free,"€ 2,00",Germany,3.51,orca brau,0.5%,Non-Alcoholic - Shandy / Radler,330ml,"€ 6,06 per litre"
Spezial,"€ 1,60",Germany,3.35,Brauerei Simon,5.6%,Lager - Rotbier,500ml,"€ 3,20 per litre"
Here comes the sun,"€ 3,90",Germany,3.76,orca brau,6.5%,IPA - Milkshake,330ml,"€ 11,82 per litre"
What´s your name,"€ 3,89",Germany,3.69,orca brau,8.5%,Pumpkin / Yam Beer,330ml,"€ 11,79 per litre"
Bräuweisse,"€ 3,96",Germany,3.72,Ayinger Privatbrauerei,5.1%,Wheat Beer - Hefeweizen,500ml,"€ 7,92 per litre"
Hazy Jane,"€ 5,20",Scotland,3.67,BrewDog,5%,IPA - New England / Hazy,Can 440ml,"€ 11,82 per litre"
Neverending Haze,"€ 4,79",United States,3.59,Stone Brewing,4%,IPA - Session,355ml,"€ 13,49 per litre"
Schönramer Hell,"€ 4,15",Germany,3.58,Private Landbrauerei Schönram,5%,Lager - Helles,500ml,"€ 8,30 per litre"
Helles,"€ 3,96",Germany,3.52,Mahr's Bräu,4.9%,Lager - Helles,500ml,"€ 7,92 per litre"
Pils,"€ 3,96",Germany,3.48,Mahr's Bräu,4.9%,Pilsner - German,500ml,"€ 7,92 per litre"
California IPA,"€ 4,79",United States,3.47,Sierra Nevada Brewing Co.,4.2%,IPA - Session,355ml,"€ 13,49 per litre"
Lucky Jack Grapefruit,"€ 4,79",Norway,3.42,LERVIG,4.7%,Pale Ale - Fruited,330ml,"€ 14,52 per litre"
Schönramer Pils,"€ 4,15",Germany,?,Private Landbrauerei Schönram,5%,Pilsner - German,500ml,"€ 8,30 per litre"
Lager- keg A,"€ 140,10",Poland,3.45,WRCLW,4.1%,Lager - Helles,30000ml,"€ 4,67 per litre"
Pilzner - keg zwrotny,"€ 129,10",Poland,3.15,Browar Fortuna,5.4%,Pilsner - Other,30000ml,"€ 4,30 per litre"
Schaarbeekse Kriek,"€ 29,50",Belgium,4.39,Brouwerij 3 Fonteinen,6%,Lambic - Kriek,Bottle 750ml,"€ 39,33 per litre"
Golden Blend Magnum,"€ 47,21",Belgium,4.35,Brouwerij 3 Fonteinen,7.5%,Lambic - Gueuze,Bottle 1500ml,"€ 31,47 per litre"
Oude Geuze Golden Blend,"€ 9,44",Belgium,4.35,Brouwerij 3 Fonteinen,7.5%,Lambic - Gueuze,Bottle 375ml,"€ 25,17 per litre"
Oude Geuze Golden Blend,"€ 18,88",Belgium,4.35,Brouwerij 3 Fonteinen,7.5%,Lambic - Gueuze,Bottle 750ml,"€ 25,17 per litre"
Boerenerf Muscabella,"€ 6,00",Belgium,4.23,Het Boerenerf Eylenbosch,6.85%,Lambic - Other,Bottle 375ml,"€ 16,00 per litre"
Boerenerf Symbiose,"€ 14,46",Belgium,4.13,Het Boerenerf Eylenbosch,7%,Cider - Graff,Bottle 750ml,"€ 19,28 per litre"
Boerenerf Kwee Quince,"€ 14,46",Belgium,4.10,Het Boerenerf Eylenbosch,7%,Lambic - Fruit,Bottle 750ml,"€ 19,28 per litre"
Boerenerf Gewurztraminer Lambiek,"€ 19,18",Belgium,4.04,Het Boerenerf Eylenbosch,8.76%,Lambic - Fruit,Bottle 750ml,"€ 25,57 per litre"
Oude Kriek,"€ 4,78",Belgium,4.02,Oud Beersel,7%,Lambic - Kriek,Bottle 375ml,"€ 12,75 per litre"
Het Boerenerf Oude Cider,"€ 4,90",Belgium,4.00,Het Boerenerf Eylenbosch,6%,Cider - Other Fruit,Bottle 375ml,"€ 13,07 per litre"
Schaarbeekse Oude Kriek,"€ 5,21",Belgium,3.99,Hanssens Artisanaal,6.5%,Lambic - Kriek,Bottle 375ml,"€ 13,89 per litre"
BZART Kriekenlambiek,"€ 19,23",Belgium,3.98,Oud Beersel,8%,Lambic - Kriek,Bottle 750ml,"€ 25,64 per litre"
Muscar-Elle,"€ 5,16",Belgium,3.97,Lambiek Fabriek,8.8%,Lambic - Fruit,Bottle 375ml,"€ 13,76 per litre"
Wild Dry Cider - Schaarbeekse Cherries,"€ 14,71",Belgium,3.97,Oud Beersel,7.5%,Cider - Other Fruit,Bottle 750ml,"€ 19,61 per litre"
Brett-Elle Oude Geuze Magnum,"€ 23,80",Belgium,3.93,Lambiek Fabriek,5.5%,Lambic - Gueuze,Bottle 1500ml,"€ 15,87 per litre"
Oude Kriek Jart-Elle,"€ 4,91",Belgium,3.93,Lambiek Fabriek,6%,Lambic - Kriek,Bottle 375ml,"€ 13,09 per litre"
Kriekenlambiek,"€ 32,65",Belgium,3.82,Oud Beersel,7.5%,Lambic - Kriek,3100ml,"€ 10,53 per litre"
3 Fonteinen Tuverbol,"€ 7,85",Belgium,3.80,Brouwerij 3 Fonteinen/ Brouwerij Loterbol,11%,Belgian Strong Golden Ale,Bottle 375ml,"€ 20,93 per litre"
Cherry Wood Lambic,"€ 29,89",Belgium,3.79,Oud Beersel,6.8%,Lambic - Other,3100ml,"€ 9,64 per litre"
Oude Lambiek,"€ 24,99",Belgium,3.77,Oud Beersel,6%,Lambic - Traditional,3100ml,"€ 8,06 per litre"
Oude Geuze,"€ 3,94",Belgium,3.77,Oud Beersel,6.5%,Lambic - Gueuze,Bottle 375ml,"€ 10,51 per litre"
Wild Dry Cider - Wild Dry Cider aged on Lambic Whisky Barrels,"€ 14,71",Belgium,3.75,Oud Beersel,7.5%,Cider - Dry,Bottle 750ml,"€ 19,61 per litre"
Winter Lambiek,"€ 27,00",Belgium,3.72,Oud Beersel,7.2%,Lambic - Other,3100ml,"€ 8,71 per litre"
Oude Geuze,"€ 3,17",Belgium,3.68,Brouwerij De Troch,5.5%,Lambic - Gueuze,Bottle 375ml,"€ 8,45 per litre"
Boerenerf Oude Cider,"€ 9,33",Belgium,3.52,Abbaye de Maredsous,6.5%,Belgian Blonde,Bottle 750ml,"€ 12,44 per litre"
Dubbel Kruikje,"€ 7,95",Netherlands,3.57,Hertog Jan,7.3%,Belgian Dubbel,500ml,"€ 15,90 per litre"
La Guillotine,"€ 2,80",Belgium,3.57,Delirium - Huyghe Brewery,8.5%,Belgian Strong Golden Ale,330ml,"€ 8,48 per litre"
Hopera,"€ 2,60",Belgium,3.54,Brasserie Lupulus,6%,IPA - Belgian,330ml,"€ 7,88 per litre"
Organicus,"€ 6,95",Belgium,3.54,Brasserie Lupulus,8.5%,Belgian Tripel,Bottle 750ml,"€ 9,27 per litre"
Bruin,"€ 2,75",Belgium,3.48,Brasserie Lupulus,8.5%,Brown Ale - Belgian,330ml,"€ 8,33 per litre"
Dark Chocolate Stout,"€ 3,45",Netherlands,3.44,Naastbos Brouwerij,6.7%,Stout - Oatmeal,330ml,"€ 10,45 per litre"
Funky Saison - Lost at the Fish Market,"€ 4,05",Netherlands,3.62,De Kromme Haring,4.8%,Farmhouse Ale - Saison,330ml,"€ 10,45 per litre"
3 Bean Stout,"€ 7,57",Norway,4.09,LERVIG/ Way Beer,12%,Stout - Imperial / Double,330ml,"€ 22,94 per litre"
Ruination IPA,"€ 7,28",United States,4.02,Stone Brewing,8.2%,IPA - Imperial / Double,355ml,"€ 20,51 per litre"
Öö,"€ 7,15",Estonia,3.93,Põhjala,10.5%,Porter - Imperial / Double Baltic,330ml,"€ 21,67 per litre"
Atomic Torpedo,"€ 8,11",United States,3.87,Sierra Nevada Brewing Co.,9.2%,IPA - Imperial / Double,568ml,"€ 14,28 per litre"
Tasty Juice,"€ 9,23",Norway,3.87,LERVIG,6%,IPA - American,500ml,"€ 18,46 per litre"
Aventinus Eisbock (TAP09),"€ 5,40",Germany,3.79,Schneider Weisse G. Schneider & Sohn,12%,Bock - Eisbock,330ml,"€ 16,36 per litre"
Hazy Little Thing,"€ 5,30",United States,3.78,Sierra Nevada Brewing Co.,6.7%,IPA - New England / Hazy,355ml,"€ 14,93 per litre"
Big Little Thing,"€ 8,11",United States,3.75,Sierra Nevada Brewing Co.,9%,IPA - Imperial / Double,568ml,"€ 14,28 per litre"
Torpedo Extra IPA,"€ 4,98",United States,3.72,Sierra Nevada Brewing Co.,7.2%,IPA - American,Can 355ml,"€ 14,03 per litre"
Punk IPA,"€ 4,98",Scotland,3.71,BrewDog,6.3%,IPA - American,Can 440ml,"€ 11,32 per litre"
DDH Double Denim,"€ 10,80",England,4.12,Track Brewing Company,8.2%,IPA - Imperial / Double New England / Hazy,Can 440ml,"€ 24,55 per litre"
Come Together,"€ 6,00",England,3.79,Track Brewing Company,4.5%,Pale Ale - New England / Hazy,Can 440ml,"€ 13,64 per litre"
Koyo,"€ 6,50",England,3.73,Track Brewing Company,6%,IPA - Red,Can 440ml,"€ 14,77 per litre"
Auburn,"€ 5,10",United Kingdom,3.73,Track Harvest Ale #3,4.9%,Brown Ale,Can 440ml,"€ 11,59 per litre"
Manchester Fresh Hop Golden Ale,"€ 5,10",United Kingdom,3.73,Track Harvest Ale #2,5%,Golden Ale,Can 440ml,"€ 11,59 per litre"
Pilgrimage,"€ 4,80",United Kingdom,3.73,Track Harvest Ale #4,4%,Mild,Can 440ml,"€ 10,91 per litre"
Fuerst Wiacek Solitary Sock,"€ 6,05",Germany,3.93,FUERST WIACEK,6.2%,IPA - New England / Hazy,Can 440ml,"€ 13,75 per litre"
Sensi Rum BA,"€ 9,95",Estonia,4.19,Pühaste Brewery,12.5%,Stout - Imperial / Double,330ml,"€ 30,15 per litre"
BBA Dark Star (2021),"€ 42,00",United States,4.28,Fremont Brewing,12.7%,Stout - Imperial / Double,Bottle 650ml,"€ 64,62 per litre"
Mylar Dust DIPA,"€ 11,70",United States,4.27,Other Half Brewing Co.,8.5%,IPA - Imperial / Double New England / Hazy,473ml,"€ 24,74 per litre"
DDH Space Dream IPA,"€ 11,00",United States,4.25,Other Half Brewing Co.,6%,IPA - American,473ml,"€ 23,26 per litre"
Big Riwaka Vibes IPA,"€ 11,00",United States,4.13,Other Half Brewing Co.,6.5%,IPA - New England / Hazy,473ml,"€ 23,26 per litre"
Donuts IPA,"€ 11,00",United States,4.12,Other Half Brewing Co.,7.5%,IPA - New England / Hazy,473ml,"€ 23,26 per litre"
DDH Green City IPA,"€ 10,20",United States,4.12,Other Half Brewing Co.,7%,IPA - New England / Hazy,473ml,"€ 21,56 per litre"
Forever Ever IPA,"€ 9,70",United States,3.94,Other Half Brewing Co.,4.7%,IPA - Session,473ml,"€ 20,51 per litre"
Outer Core,"€ 8,40",England,4.14,Gravity Well Brewing Co,8%,IPA - Imperial / Double New England / Hazy,Can 440ml,"€ 19,09 per litre"
Inner Core,"€ 8,40",England,4.07,Gravity Well Brewing Co,8%,IPA - Imperial / Double New England / Hazy,Can 440ml,"€ 19,09 per litre"
ParaMind,"€ 7,50",England,3.98,Nothing Bound Brewing Co,5.2%,Pale Ale - New England / Hazy,Can 500ml,"€ 15,00 per litre"
Calgary,"€ 8,00",England,3.95,Nothing Bound Brewing Co,6.2%,IPA - New England / Hazy,Can 500ml,"€ 16,00 per litre"
Cercle,"€ 7,50",England,3.88,Nothing Bound Brewing Co,5.6%,Pale Ale - New England / Hazy,Can 500ml,"€ 15,00 per litre"
Chandrasekhar Limit,"€ 5,10",England,3.88,Gravity Well Brewing Co,4.8%,Pale Ale - New England / Hazy,Can 440ml,"€ 11,59 per litre"
Generation Ship,"€ 5,40",England,3.78,Gravity Well Brewing Co,4.6%,Pale Ale - New England / Hazy,Can 440ml,"€ 12,27 per litre"
Surface Detail,"€ 5,40",England,3.73,Gravity Well Brewing Co,4.6%,Pale Ale - American,Can 440ml,"€ 12,27 per litre"
Soepele Slurper,"€ 3,25",Netherlands,3.62,Brouwerij De Rode Hoed,4.6%,IPA - Session,330ml,"€ 9,85 per litre"
Hütten Bock Bier,"€ 2,20",Germany,3.58,Brauerei Hütten Trassl,7.2%,Bock - Hell / Maibock / Lentebock,500ml,"€ 4,40 per litre"
Bayreuther Bockbier,"€ 2,10",Germany,3.51,Bayreuther Bierbrauerei,6.8%,Bock - Single / Traditional,500ml,"€ 4,20 per litre"
Nankendorfer Bockbier,"€ 2,10",Germany,3.48,Schroll Bräu Nankendorf,7%,Bock - Single / Traditional,500ml,"€ 4,20 per litre"
Festbier,"€ 2,00",Germany,3.45,Brauerei Meister,5.5%,Festbier,500ml,"€ 4,00 per litre"
Aufsesser Bock Dunkel,"€ 2,00",Germany,3.44,Privatbrauerei Rothenbach,7%,Bock - Single / Traditional,500ml,"€ 4,00 per litre"
Aufsesser Wegseidla Winteredition,"€ 2,00",Germany,3.39,Privatbrauerei Rothenbach,4.9%,Lager - Helles,500ml,"€ 4,00 per litre"
Krug Bernsteinradler,"€ 2,00",Germany,3.32,Krug-Bräu,2.4%,Shandy / Radler,500ml,"€ 4,00 per litre"
Triple Hyperactive Moon,"€ 6,75",Spain,4.11,Cervesa Espiga,10%,IPA - Triple New England / Hazy,Can 440ml,"€ 15,34 per litre"
Frau Gruber Twisted Transistor,"€ 7,95",Germany,4.09,FrauGruber Brewing,10.2%,IPA - Triple New England / Hazy,Can 440ml,"€ 18,07 per litre"
De Moersleutel Marzipan Steamroller,"€ 6,75",Netherlands,4.08,Moersleutel Craft Brewery,11%,Stout - Pastry,Can 440ml,"€ 15,34 per litre"
De Moersleutel Cake Break,"€ 6,50",Netherlands,3.97,Moersleutel Craft Brewery,10%,Stout - Pastry,Can 440ml,"€ 14,77 per litre"
De Moersleutel CYCT Nozzles,"€ 6,95",Netherlands,3.97,Moersleutel Craft Brewery,9%,IPA - Triple New England / Hazy,Can 440ml,"€ 15,80 per litre"
Winter Berry Crumble,"€ 8,20",Scotland,3.94,Vault City Brewing,6%,Sour - Smoothie / Pastry,Can 440ml,"€ 18,64 per litre"
Frau Gruber New Dogs New Tricks,"€ 7,20",Germany,3.84,FrauGruber Brewing,8.4%,IPA - Imperial / Double New England / Hazy,Can 440ml,"€ 16,36 per litre"
Frau Gruber Welcome Home From Prison Mom,"€ 6,95",Germany,3.80,FrauGruber Brewing,8.6%,IPA - Imperial / Double,Can 440ml,"€ 15,80 per litre"
De Moersleutel Fruit Press,"€ 4,75",Netherlands,3.74,Moersleutel Craft Brewery,5%,IPA - New England / Hazy,Can 440ml,"€ 10,80 per litre"
De Moersleutel Fruit Blizzard,"€ 5,20",Netherlands,3.71,Moersleutel Craft Brewery,5.5%,IPA - New England / Hazy,Can 440ml,"€ 11,82 per litre"
De Moersleutel CYCT Friction,"€ 4,95",Netherlands,3.70,Moersleutel Craft Brewery,6%,IPA - Other,Can 440ml,"€ 11,25 per litre"
De Moersleutel CYCT Velocity,"€ 4,95",Netherlands,3.69,Moersleutel Craft Brewery,6.5%,IPA - New England / Hazy,Can 440ml,"€ 11,25 per litre"
König Ludwig Weissbier naturtrüb,"€ 1,50",Germany,3.58,König Ludwig Schlossbrauerei Kaltenberg,5.5%,Wheat Beer - Hefeweizen,500ml,"€ 3,00 per litre"
Oberbräu hell,"€ 1,50",Germany,3.40,König Ludwig Schlossbrauerei Kaltenberg,5.5%,Wheat Beer - Hefeweizen,500ml,"€ 3,00 per litre"
Ritterbock,"€ 1,50",Germany,3.40,König Ludwig Schlossbrauerei Kaltenberg,9%,Bock - Doppelbock,330ml,"€ 4,55 per litre"
Königliches Festtags-Bier,"€ 1,90",Germany,3.35,König Ludwig Schlossbrauerei Kaltenberg,5.6%,Lager - Winter,500ml,"€ 3,80 per litre"
König Ludwig Weissbier dunkel,"€ 1,50",Germany,3.57,König Ludwig Schlossbrauerei Kaltenberg,5.5%,Wheat Beer - Dunkelweizen,500ml,"€ 3,00 per litre"
"König Ludwig Hell 0,33l","€ 1,50",Germany,3.30,König Ludwig Schlossbrauerei Kaltenberg,5.1%,Lager - Helles,330ml,"€ 4,55 per litre"
Don Limone,"€ 2,99",Germany,3.59,Munich Brew Mafia,5.3%,Pilsner - German,330ml,"€ 9,06 per litre"
Giesinger Münchner Hell,"€ 1,99",Germany,3.54,Giesinger Bräu,4.8%,Lager - Helles,330ml,"€ 6,03 per litre"
Nittenauer Mein Wildes,"€ 2,99",Germany,3.34,Brauhaus Nittenau,5.7%,Kellerbier / Zwickelbier,330ml,"€ 9,06 per litre"
Three Year Blend 2023,"€ 14,99",United States,4.14,Fonta Flora Brewery,6.5%,Lambic - Gueuze,Bottle 375ml,"€ 39,97 per litre"
Mash '24,"€ 8,19",Spain,4.13,Garage Beer Co.,7%,IPA - New England / Hazy,Can 440ml,"€ 18,61 per litre"
Lacura '24,"€ 8,19",Spain,4.01,Garage Beer Co.,7%,IPA - New England / Hazy,Can 440ml,"€ 18,61 per litre"
Is/was The Beings For Whom Being Matters,"€ 9,99",United States,3.97,Is/Was Brewing,4.9%,Farmhouse Ale - Saison,500ml,"€ 19,98 per litre"
Adrenochrome,"€ 8,69",Spain,3.84,Garage Beer Co.,7%,Stout - Oatmeal,Can 440ml,"€ 19,75 per litre"
Mercè,"€ 5,29",Spain,3.80,Garage Beer Co.,5%,IPA - New England / Hazy,330ml,"€ 16,03 per litre"
Sonora,"€ 4,89",Spain,3.36,Garage Beer Co.,3.4%,Blonde / Golden Ale - Other,Can 440ml,"€ 11,11 per litre"
System Binarny,"€ 3,80",Poland,3.63,Browar Artezan,4.8%,IPA - New England / Hazy,Can 500ml,"€ 7,60 per litre"
"The Kernel - Imperial Brown Stout, London 1856","€ 8,40",England,4.06,The Kernel Brewery,9.6%,Stout - Russian Imperial,330ml,"€ 25,45 per litre"
Allagash - North Sky - Stout,"€ 6,00",United States,3.76,Allagash Brewing Company,7.5%,Stout - Belgian,473ml,"€ 12,68 per litre"
Every Now And Then w/ Solitary Experiments,"€ 6,75",Germany,4.13,FUERST WIACEK,6.8%,IPA - New England / Hazy,Can 440ml,"€ 15,34 per litre"
Rustic,"€ 5,70",Wales,3.95,Wilderness Brewery,4.5%,Lager - Other,Can 440ml,"€ 12,95 per litre"
Fall Saison,"€ 5,70",Wales,3.68,Wilderness Brewery,4.3%,Farmhouse Ale - Saison,Can 440ml,"€ 12,95 per litre"
Wilderness Fall Bitter,"€ 4,60",United Kingdom,3.68,,3.9%,Bitter,Can 440ml,"€ 10,45 per litre"
Wilderness I Know A Place,"€ 20,10",Wales,?,Wilderness Brewery,6.7%,Wild Ale - Other,Bottle 750ml,"€ 26,80 per litre"
Perennial '24,"€ 21,60",Wales,?,Wilderness Brewery,6%,Wild Ale - Other,Bottle 750ml,"€ 28,80 per litre"
Sincere,"€ 6,00",Wales,?,Wilderness Brewery,5.9%,Farmhouse Ale - Saison,Can 440ml,"€ 13,64 per litre"
Kehrwieder Cayman Imperial Coconut Porter,"€ 4,39",Germany,4.28,Kehrwieder Kreativbrauerei,9.5%,Porter - Imperial / Double,330ml,"€ 13,30 per litre"
Kehrwieder South Islay 2023 Laphroaig BA Imperial Stout,"€ 9,99",Germany,4.06,Kehrwieder Kreativbrauerei,9.8%,Stout - Imperial / Double,330ml,"€ 30,27 per litre"
Kehrwieder Senatsbock Barrel Aged #1 Doppelbock,"€ 9,99",Germany,3.97,Kehrwieder Kreativbrauerei,12%,Bock - Doppelbock,330ml,"€ 30,27 per litre"
Kehrwieder x Riedenburger Frischer Traum (2024) BIO,"€ 2,99",Germany,3.49,Kehrwieder Kreativbrauerei/ Riedenburger Brauhaus,5.7%,Pale Ale - American,330ml,"€ 9,06 per litre"
Störtebeker Winterbock,"€ 2,49",Germany,3.48,Störtebeker Braumanufaktur,6.8%,Bock - Hell / Maibock / Lentebock,500ml,"€ 4,98 per litre"
Tutti Frutti Sour Himbeere,"€ 3,99",Germany,3.39,Landgang Brauerei,4.8%,Sour - Fruited,330ml,"€ 12,09 per litre"
Bianca Non-Alcoholic Space Jam Lassi Gose,"€ 7,30",Sweden,4.07,Omnipollo,0.3%,Non-Alcoholic - Sour,330ml,"€ 22,12 per litre"
PIM Pale Ale,"€ 9,30",Sweden,3.99,Omnipollo,5.6%,Pale Ale - New England / Hazy,Can 440ml,"€ 21,14 per litre"
Deep Work IPA,"€ 10,00",Sweden,3.93,Omnipollo,7.2%,IPA - Other,Can 440ml,"€ 22,73 per litre"
Fruit World Famous Blueberry Goods Sour,"€ 8,10",Sweden,3.78,Omnipollo,6%,Sour - Fruited,330ml,"€ 24,55 per litre"
Eliphas DIPA,"€ 11,00",Sweden,3.76,Omnipollo,8.1%,IPA - Imperial / Double New England / Hazy,Can 440ml,"€ 25,00 per litre"
MAZE Pale Ale x Sierra Nevada,"€ 9,30",Sweden,3.54,Omnipollo,5.6%,Pale Ale - American,Can 440ml,"€ 21,14 per litre"
Politics Without Principle,"€ 9,25",England,4.19,Bang The Elephant Brewing Co,11.3%,Stout - Imperial / Double,Can 440ml,"€ 21,02 per litre"
Tonka x Coffee x Vanilla Imperial Stout,"€ 7,20",Latvia,4.14,Ārpus Brewing Co.,12%,Stout - Imperial / Double,Can 440ml,"€ 16,36 per litre"
TDH Hops x Art #25,"€ 5,65",Latvia,4.06,Ārpus Brewing Co.,6.5%,IPA - New England / Hazy,Can 440ml,"€ 12,84 per litre"
TDH Strata x Riwaka IPA,"€ 5,50",Latvia,4.06,Ārpus Brewing Co.,6.5%,IPA - New England / Hazy,Can 440ml,"€ 12,50 per litre"
TDH Peacharine x Motueka DIPA,"€ 6,00",Latvia,4.05,Ārpus Brewing Co.,8%,IPA - Imperial / Double New England / Hazy,Can 440ml,"€ 13,64 per litre"
Lidmasinas,"€ 6,60",Netherlands,4.05,Brouwerij Frontaal,10%,Stout - Imperial / Double,330ml,"€ 20,00 per litre"
Worship Without Sacrifice,"€ 9,25",England,3.91,Bang The Elephant Brewing Co,11.5%,Stout - Imperial / Double,Can 440ml,"€ 21,02 per litre"
Three Candles,"€ 8,00",England,3.83,Baron Brewing,6.8%,IPA - Red,Can 500ml,"€ 16,00 per litre"
Vladimir & Estragon 2023,"€ 29,00",England,4.23,Pomona Island Brew Co.,13.5%,Barleywine - English,Bottle 750ml,"€ 38,67 per litre"
Narcissus & Goldmund 2023,"€ 29,00",England,4.22,Pomona Island Brew Co.,13.5%,Barleywine - English,Bottle 750ml,"€ 38,67 per litre"
La Isla Bonita (Seven Islands collab),"€ 9,90",Spain,4.08,Basqueland Brewing,10%,IPA - New England / Hazy,Can 440ml,"€ 22,50 per litre"
"Bonito Del Norte (Cloudwater collab, 9th anniversary)","€ 7,60",Spain,3.96,Basqueland Brewing,6.4%,IPA - New England / Hazy,Can 440ml,"€ 17,27 per litre"
Skyline,"€ 7,60",Spain,3.87,Basqueland Brewing,6.5%,IPA - New England / Hazy,Can 440ml,"€ 17,27 per litre"
"Bramble On (Arpus collab, 9th anniversary)","€ 7,80",Spain,3.72,Basqueland Brewing,5.7%,Sour - Fruited,Can 440ml,"€ 17,73 per litre"
"Gazpatxo (La Quince x Meta collab, 9th anniversary)","€ 6,50",Spain,3.67,Basqueland Brewing,6.2%,Lager - IPL (India Pale Lager),Can 440ml,"€ 14,77 per litre"
Flash Pop,"€ 7,60",Spain,3.62,Basqueland Brewing,6.4%,Sour - Fruited,Can 440ml,"€ 17,27 per litre"
Geus Genereus Oude Geuze,"€ 8,00",Belgium,4.07,Den Herberg,6.7%,Lambic - Gueuze,Bottle 375ml,"€ 21,33 per litre"
Ever Forward,"€ 7,60",Spain,4.02,Basqueland Brewing,6.5%,IPA - New England / Hazy,Can 440ml,"€ 17,27 per litre"
Devillé Oude Geuze,"€ 12,00",Belgium,3.97,Den Herberg,6.7%,Lambic - Gueuze,Bottle 750ml,"€ 16,00 per litre"
Cream of Cashmere,"€ 7,60",Spain,3.94,Basqueland Brewing,6.2%,IPA - New England / Hazy,Can 440ml,"€ 17,27 per litre"
September Sessions,"€ 7,20",Spain,3.88,Basqueland Brewing,5.5%,IPA - Session,Can 440ml,"€ 16,36 per litre"
Macgyver,"€ 7,20",Spain,3.84,Basqueland Brewing,5.3%,IPA - Session,Can 440ml,"€ 16,36 per litre"
Big Sur,"€ 7,60",Spain,3.80,Basqueland Brewing,6.3%,IPA - American,Can 440ml,"€ 17,27 per litre"
Herberg Tripel,"€ 4,00",Belgium,3.45,Den Herberg,8%,Belgian Tripel,330ml,"€ 12,12 per litre"
Herberg Tarwe,"€ 3,80",Belgium,3.31,Den Herberg,5.2%,Wheat Beer - Witbier / Blanche,330ml,"€ 11,52 per litre"
Herberg Blond,"€ 3,80",Belgium,3.25,Den Herberg,5.5%,Belgian Blonde,330ml,"€ 11,52 per litre"
Mousses Sauvages Cueillettes d'Automne 2022,"€ 19,50",France,4.23,La Maison Romane,5.5%,Wild Ale - Other,330ml,"€ 11,52 per litre"
Mousses Sauvages Mirabelle 2022,"€ 19,50",France,4.18,La Maison Romane,6%,Sour - Other,330ml,"€ 11,52 per litre"
St Henry 2023,"€ 29,50",Australia,4.17,Wildflower Brewing & Blending,5.5%,Wild Ale - Other,330ml,"€ 11,52 per litre"
St Walter 2023 Gamay,"€ 29,50",Australia,4.13,Wildflower Brewing & Blending,5.9%,Wild Ale - Other,330ml,"€ 11,52 per litre"
St Phoebe 2023 Ebony Sun Plum,"€ 29,50",Australia,4.11,Wildflower Brewing & Blending,5.7%,Wild Ale - Other,,
Mousses Sauvages Pommes à Cidre 2021,"€ 19,50",France,4.11,La Maison Romane,6.5%,Grape Ale - Other,,
Gold,"€ 29,50",Australia,4.02,Wildflower Brewing & Blending,5%,Wild Ale - Other,Bottle 750ml,"€ 39,33 per litre"
Mousses Sauvages Chardonnay 2022,"€ 19,50",France,4.00,La Maison Romane,8%,IPA - Other,Bottle 750ml,"€ 39,33 per litre"
Mousses Sauvages Gamay 2022,"€ 19,50",France,3.86,La Maison Romane,6.5%,Grape Ale - Other,Bottle 750ml,"€ 39,33 per litre"
Mousses Sauvages Raisins Rouges 2022,"€ 19,50",France,?,La Maison Romane,4.5%,Pale Ale - American,Bottle 750ml,"€ 39,33 per litre"
Hopspot Logic,"€ 7,80",Wales,3.99,Polly's Brew Co.,6.4%,IPA - New England / Hazy,Can 440ml,"€ 17,73 per litre"
Pastels,"€ 6,79",United States,4.12,Outer Range Brewing Co.,6.9%,IPA - New England / Hazy,Can 440ml,"€ 15,43 per litre"
Life Is Round (Batch 4),"€ 45,00",United States,4.38,Private Press Brewing,15.1%,Barleywine - English,500ml,"€ 90,00 per litre"
Pineapple Upside Down Cake,"€ 9,99",Scotland,4.07,Vault City Brewing,8%,Sour - Smoothie / Pastry,Can 440ml,"€ 22,70 per litre"
Shake S'more,"€ 7,85",Scotland,4.04,Vault City Brewing,6.2%,Sour - Smoothie / Pastry,Can 440ml,"€ 17,84 per litre"
Nightmare Of Brew York 2024,"€ 6,85",England,4.02,Brew York,8.5%,Stout - Imperial / Double Milk,Can 440ml,"€ 15,57 per litre"
Hazy Discovery Mt Maunganui,"€ 5,75",Poland,3.97,Browar PINTA,6.5%,IPA - New England / Hazy,500ml,"€ 11,50 per litre"
Hazy Discovery Montpellier,"€ 5,75",Poland,3.96,Browar PINTA,6.5%,IPA - New England / Hazy,500ml,"€ 11,50 per litre"
Passion Fruit Lemon Sorbet,"€ 6,50",Scotland,3.88,Vault City Brewing,5.9%,Sour - Fruited,Can 440ml,"€ 14,77 per litre"
Blood & Ink,"€ 6,75",Scotland,3.85,Vault City Brewing,4.9%,Sour - Fruited Gose,Can 440ml,"€ 15,34 per litre"
Delirium Barrel Aged Sour Blond,"€ 25,00",Belgium,3.64,Delirium - Huyghe Brewery,10.8%,Sour - Other,Bottle 750ml,"€ 33,33 per litre"
Old Ale (Mild Dark),"€ 4,50",England,3.48,Adnams,4.1%,Mild - Dark,500ml,"€ 9,00 per litre"
Dyniamit (Pumpkin Yam Beer),"€ 5,00",Poland,3.44,Browar PINTA,6%,Pumpkin / Yam Beer,500ml,"€ 10,00 per litre"
"Only Noodles, Michael (Pale Ale Fruited)","€ 6,80",England,2.75,Brew York,4.5%,Pale Ale - Fruited,Can 440ml,"€ 15,45 per litre"
Merry Cherry Quad,"€ 9,99",Norway,4.02,Oslo Brewing Company,12.5%,Belgian Quadrupel,330ml,"€ 30,27 per litre"
Sugar Plum Quad,"€ 9,99",Norway,4.00,Oslo Brewing Company,12.5%,Belgian Quadrupel,330ml,"€ 30,27 per litre"
Another Trip Around The Sun,"€ 5,70",Spain,3.86,Cervesa Espiga,7%,IPA - American,Can 440ml,"€ 12,95 per litre"
Begin To Run,"€ 5,65",Spain,3.81,Cervesa Espiga,7%,IPA - American,Can 440ml,"€ 12,84 per litre"
Spitsbergen IPA,"€ 4,75",Norway,3.61,Svalbard Bryggeri,7%,IPA - American,330ml,"€ 14,39 per litre"
Vesterled Trippel,"€ 4,99",Norway,3.59,Homborsund Bryggeri,8.5%,Belgian Tripel,330ml,"€ 15,12 per litre"
Esperanto IPA,"€ 5,25",Norway,3.48,Oslo Brewing Company,6.7%,IPA - American,330ml,"€ 15,91 per litre"
Spitsbergen Blonde,"€ 4,00",Norway,3.42,Svalbard Bryggeri,6%,Blonde / Golden Ale - American,330ml,"€ 12,12 per litre"
Guten Bock,"€ 3,75",Norway,3.32,Oslo Brewing Company,6.5%,Bock - Single / Traditional,330ml,"€ 11,36 per litre"
Spitsbergen White IPA,"€ 4,75",Norway,3.26,Svalbard Bryggeri,6%,IPA - White / Wheat,330ml,"€ 14,39 per litre"
Guldenberg,"€ 5,60",Belgium,3.61,Brouwerij De Ranke,8%,Belgian Tripel,Bottle 330ml,"€ 16,97 per litre"
OOOzie Jacuzzi,"€ 13,79",United States,4.17,DankHouse Brewing Company,6%,Sour - Other,473ml,"€ 29,15 per litre"
Double Barrel Select (Blue Wax),"€ 65,89",United States,4.46,3 Sons Brewing Co.,16.7%,Stout - Imperial / Double,500ml,"€ 131,78 per litre"
Divine Failure,"€ 14,43",United States,4.41,The Veil Brewing Co.,9%,IPA - Imperial / Double New England / Hazy,473ml,"€ 30,51 per litre"
Babylon,"€ 13,79",United States,4.25,Hudson Valley Brewery,6%,IPA - Sour,473ml,"€ 29,15 per litre"
Panic In Babylon,"€ 13,92",United States,4.23,Modestman Brewing LLC,8.5%,IPA - Imperial / Double,473ml,"€ 29,43 per litre"
Bling Dynasty,"€ 14,01",United States,4.22,3 Sons Brewing Co.,8.5%,Sour - Fruited Gose,473ml,"€ 29,62 per litre"
Nine Anniversary Stout,"€ 26,15",United States,4.20,Commonwealth Brewing Company,11.5%,Stout - Imperial / Double,500ml,"€ 52,30 per litre"
Sneaky Heads,"€ 13,38",United States,4.19,DankHouse Brewing Company,7%,IPA - New England / Hazy,473ml,"€ 28,29 per litre"
Amulet (2024),"€ 13,79",United States,4.17,Hudson Valley Brewery,5%,Farmhouse Ale - Other,473ml,"€ 29,15 per litre"
Feel No Pain,"€ 12,04",United States,3.89,Commonwealth Brewing Company,6%,Sour - Fruited Gose,473ml,"€ 25,45 per litre"
Gruve 3 Stiger,"€ 7,99",Norway,3.88,Svalbard Bryggeri,11%,Stout - Imperial / Double,330ml,"€ 24,21 per litre"
Dark Season,"€ 4,75",Norway,3.54,Svalbard Bryggeri,6.5%,Brown Ale - English,330ml,"€ 14,39 per litre"
Øl Americana (Cream Ale),"€ 3,95",Norway,3.28,Oslo Brewing Company,5.4%,Cream Ale,330ml,"€ 11,97 per litre"
Pinta Immersion (2024),"€ 10,95",Poland,4.19,PINTA Barrel Brewing,11.5%,Porter - Imperial / Double,330ml,"€ 33,18 per litre"
Shake S'more,"€ 7,75",Scotland,4.04,Vault City Brewing,6.2%,Sour - Smoothie / Pastry,Can 440ml,"€ 17,61 per litre"
Press Button For Funk,"€ 6,50",Germany,3.91,FrauGruber Brewing,6.5%,IPA - New England / Hazy,Can 440ml,"€ 14,77 per litre"
"Blood & Ink (Blackberry, Cherry, Plum & Squid Ink Sour)","€ 6,75",Scotland,3.85,Vault City Brewing,4.9%,Sour - Fruited Gose,Can 440ml,"€ 15,34 per litre"
New Dogs New Tricks,"€ 6,95",Germany,3.84,FrauGruber Brewing,8.4%,IPA - Imperial / Double New England / Hazy,Can 440ml,"€ 15,80 per litre"
60/60 Chance,"€ 6,95",Germany,3.72,FrauGruber Brewing,8%,IPA - Imperial / Double New England / Hazy,Can 440ml,"€ 15,80 per litre"
Imported Goods,"€ 4,50",Germany,3.66,FrauGruber Brewing,5.8%,Wheat Beer - Other,Can 440ml,"€ 10,23 per litre"
Everybody Needs A 303,"€ 3,50",Netherlands,3.65,Van Moll,7.9%,IPA - New England / Hazy,330ml,"€ 10,61 per litre"
Smash Hit Taulus,"€ 3,70",Netherlands,3.50,Van Moll,5.5%,IPA - Other,330ml,"€ 11,21 per litre"
Julebryg 2024 (Scottish Export Ale),"€ 5,00",Denmark,3.33,Amager Bryghus,6%,Scottish Export Ale,Can 440ml,"€ 11,36 per litre"
Dirty Horse,"€ 4,40",Belgium,3.61,De Struise Brouwers,5.5%,Sour - Other,Can 440ml,"€ 11,36 per litre"
Tip Of The Vibers,"€ 31,70",United States,4.12,Fonta Flora Brewery,6.4%,Wild Ale - American,Bottle 500ml,"€ 63,40 per litre"
De Moersleutel Quad,"€ 4,95",Netherlands,3.90,Moersleutel Craft Brewery,11%,Belgian Quadrupel,Can 440ml,"€ 11,25 per litre"
Dock 53 – 100% Peacharine (Août 2024),"€ 11,99",Canada,4.39,Le Ketch,6.5%,IPA - New England / Hazy,Can 440ml,"€ 11,25 per litre"
Strawberry Mango Margarita (x Salt),"€ 5,70",Scotland,4.04,Vault City Brewing,5%,Sour - Fruited Gose,Can 440ml,"€ 11,25 per litre"
Mini M*rs,"€ 6,30",Scotland,4.01,Vault City Brewing,6.2%,Stout - Milk / Sweet,Can 440ml,"€ 14,32 per litre"
Florida Vibes Vibin,"€ 4,20",Poland,3.99,Funky Fluid,7.2%,Sour - Fruited,Can 500ml,"€ 8,40 per litre"
Double Ego Northeast Double IPA,"€ 4,00",Poland,3.88,Piwne Podziemie,8.2%,IPA - Imperial / Double New England / Hazy,Can 500ml,"€ 8,00 per litre"
California Banger,"€ 3,90",Poland,3.80,Piwne Podziemie,6.4%,IPA - American,Can 500ml,"€ 7,80 per litre"
Harder Than You Think,"€ 4,30",Poland,3.73,Funky Fluid,6%,IPA - American,Can 500ml,"€ 8,60 per litre"
Legit,"€ 4,00",Poland,3.69,Funky Fluid,7%,IPA - New England / Hazy,Can 500ml,"€ 8,00 per litre"
Pinkish Sound System,"€ 2,90",Poland,3.66,Piwne Podziemie,7.5%,IPA - Imperial / Double New England / Hazy,Can 500ml,"€ 5,80 per litre"
Bean & Citrus Spritz,"€ 2,90",Poland,3.66,Piwne Podziemie,6.6%,IPA - New England / Hazy,Can 500ml,"€ 5,80 per litre"
I am Pagliacci,"€ 3,80",Poland,3.61,Funky Fluid,4.5%,IPA - Session,Can 500ml,"€ 7,60 per litre"
Take it Easy,"€ 3,80",Poland,3.58,Piwne Podziemie,4.7%,IPA - Session,Can 500ml,"€ 7,60 per litre"
Shake It,"€ 3,80",Poland,3.53,Funky Fluid,6%,Fruit Beer,Can 500ml,"€ 7,60 per litre"
HBC 630,"€ 4,54",Poland,4.07,Funky Fluid,8.7%,IPA - Triple New England / Hazy,Can 500ml,"€ 9,08 per litre"
Stigbergets / Willibald Same But Different,"€ 5,59",Sweden,4.01,Stigbergets Bryggeri,8.2%,IPA - Imperial / Double,Can 440ml,"€ 12,70 per litre"
Muddle,"€ 4,89",Sweden,3.88,Stigbergets Bryggeri,7%,IPA - New England / Hazy,Can 440ml,"€ 11,11 per litre"
Brewing Evergreen,"€ 4,89",France,3.82,The Piggy Brewing Company,5.5%,IPA - New England / Hazy,Can 440ml,"€ 11,11 per litre"
Existens Essens Transcendens,"€ 4,89",Sweden,3.79,Stigbergets Bryggeri,5.9%,IPA - New England / Hazy,Can 440ml,"€ 11,11 per litre"
Den Store Blondino,"€ 5,59",Sweden,3.79,Stigbergets Bryggeri,6.3%,IPA - New England / Hazy,Can 440ml,"€ 12,70 per litre"
Funky Fluid / HAYB Free Tropic,"€ 2,65",Poland,3.65,Funky Fluid,5.6%,IPA - New England / Hazy,Can 330ml,"€ 8,03 per litre"
Honk,"€ 4,05",Poland,3.63,Funky Fluid,6.5%,IPA - Sour,Can 500ml,"€ 8,10 per litre"
Magnus 24 - Edition Kriek,"€ 24,89",Germany,4.09,Brauhaus Riegele,11%,Stout - Imperial / Double,330ml,"€ 75,42 per litre"
"Magnus 24 0,75l - Edition Kriek","€ 49,90",Germany,4.09,Brauhaus Riegele,11%,Stout - Imperial / Double,Bottle 750ml,"€ 66,53 per litre"
Bergbock Hell,"€ 2,90",Germany,3.43,Klosterbrauerei Andechs,6.9%,Bock - Hell / Maibock / Lentebock,500ml,"€ 5,80 per litre"
Double Barrel Generational,"€ 369,99",United States,4.72,Side Project Brewing,16%,Stout - Imperial / Double,500ml,"€ 5,80 per litre"
Generational,"€ 289,95",United States,4.63,Side Project Brewing,15%,Stout - Imperial / Double,500ml,"€ 5,80 per litre"
Lupulin Monster,"€ 2,20",Belgium,3.59,Enigma,7%,IPA - Belgian,330ml,"€ 6,67 per litre"
XXX Reserva Rye Bourbon barrel aged Vintage 2022,"€ 4,50",Belgium,3.99,De Struise Brouwers,10%,Rye Beer,330ml,"€ 13,64 per litre"
Celebrator,"€ 4,40",Germany,3.76,Ayinger Privatbrauerei,6.7%,Bock - Doppelbock,Bottle 330ml,"€ 13,33 per litre"
Weissbier Hell,"€ 5,10",Germany,3.71,Klosterbrauerei Andechs,5.5%,Wheat Beer - Hefeweizen,Bottle 500ml,"€ 10,20 per litre"
Hell,"€ 5,00",Germany,3.63,Herzoglich Bayerisches Brauhaus Tegernsee,4.8%,Lager - Helles,Bottle 500ml,"€ 10,00 per litre"
Edelstoff,"€ 5,10",Germany,3.62,Augustiner-Bräu München,5.6%,Lager - Dortmunder / Export,Bottle 500ml,"€ 10,20 per litre"
Spezial,"€ 5,40",Germany,3.60,Herzoglich Bayerisches Brauhaus Tegernsee,5.6%,Lager - Dortmunder / Export,Bottle 500ml,"€ 10,80 per litre"
Hazy Pale: Non Alcoholic,"€ 4,20",Canada,3.55,Collective Arts Brewing,0.4%,Non-Alcoholic - Pale Ale,Can 355ml,"€ 11,83 per litre"
Kellerbier,"€ 5,00",Germany,3.55,Ayinger Privatbrauerei,4.9%,Kellerbier / Zwickelbier,Bottle 500ml,"€ 10,00 per litre"
XX Bitter,"€ 5,00",Belgium,3.47,Brouwerij De Ranke,6%,IPA - Belgian,Bottle 330ml,"€ 15,15 per litre"
Melt: Cosmo World,"€ 14,80",Sweden,4.23,Elmeleven,10%,Stout - Imperial / Double Pastry,Can 440ml,"€ 33,64 per litre"
I Want To Leave,"€ 9,80",Sweden,4.17,Elmeleven,4.7%,Sour - Smoothie / Pastry,Can 440ml,"€ 22,27 per litre"
Burr Medic 2023,"€ 15,60",England,4.16,Old Chimneys Brewery,9.2%,Porter - Baltic,Bottle 330ml,"€ 47,27 per litre"
They Are Already Here,"€ 9,90",Sweden,3.87,Elmeleven,8.4%,IPA - Imperial / Double New England / Hazy,Can 440ml,"€ 22,50 per litre"
"TDH Double 5 DIPA (riwaka, idaho 7, simcoe) Cloudwater collab","€ 6,90",Latvia,4.03,Ārpus Brewing Co.,8%,IPA - Imperial / Double New England / Hazy,Can 440ml,"€ 15,68 per litre"
Proper DIPA: Nelson Edition,"€ 9,49",England,4.08,Cloudwater Brew Co.,8%,IPA - Imperial / Double New England / Hazy,Can 440ml,"€ 21,57 per litre"
Pineapple Upside Down Cake,"€ 9,99",Scotland,4.07,Vault City Brewing,8%,Sour - Smoothie / Pastry,Can 440ml,"€ 22,70 per litre"
Shake S'more,"€ 7,99",Scotland,4.04,Vault City Brewing,6.2%,Sour - Smoothie / Pastry,Can 440ml,"€ 18,16 per litre"
Hazy Discovery Mt Maunganui,"€ 5,99",Poland,3.97,Browar PINTA,6.5%,IPA - New England / Hazy,500ml,"€ 11,98 per litre"
"Nothing, To Their Mind, Was Difficult To Understand","€ 8,99",England,3.97,Cloudwater Brew Co.,7%,IPA - New England / Hazy,Can 440ml,"€ 20,43 per litre"
Hazy Discovery Montpellier,"€ 5,99",Poland,3.96,Browar PINTA,6.5%,IPA - New England / Hazy,500ml,"€ 11,98 per litre"
Crystallography,"€ 8,99",England,3.93,Cloudwater Brew Co.,8%,IPA - Imperial / Double,Can 440ml,"€ 20,43 per litre"
Press Button For Funk,"€ 6,79",Germany,3.91,FrauGruber Brewing,6.5%,IPA - New England / Hazy,Can 440ml,"€ 15,43 per litre"
Gimme Gimme,"€ 5,79",Poland,3.88,Magic Road,5.6%,IPA - American,500ml,"€ 11,58 per litre"
New Dogs New Tricks,"€ 6,99",Germany,3.84,FrauGruber Brewing,8.4%,IPA - Imperial / Double New England / Hazy,Can 440ml,"€ 15,89 per litre"
Mindpower,"€ 6,79",England,3.82,Cloudwater Brew Co.,6%,IPA - New England / Hazy,Can 440ml,"€ 15,43 per litre"
Begin To Run,"€ 5,79",Spain,3.81,Cervesa Espiga,7%,IPA - American,Can 440ml,"€ 13,16 per litre"
Welcome Home From Prison Mom,"€ 6,99",Germany,3.80,FrauGruber Brewing,8.6%,IPA - Imperial / Double,Can 440ml,"€ 15,89 per litre"
Vayamos Compañeros,"€ 5,99",Poland,3.78,Magic Road,8%,IPA - Imperial / Double,500ml,"€ 11,98 per litre"
Aglow,"€ 6,49",England,3.75,Cloudwater Brew Co.,5.8%,IPA - American,Can 440ml,"€ 14,75 per litre"
60/60 Chance,"€ 6,99",Germany,3.72,FrauGruber Brewing,8%,IPA - Imperial / Double New England / Hazy,Can 440ml,"€ 15,89 per litre"
Imported Goods,"€ 4,49",Germany,3.66,FrauGruber Brewing,5.1%,Wheat Beer - Other,Can 440ml,"€ 10,20 per litre"
24/7 Pale Ale,"€ 3,49",Netherlands,3.59,Baxbier,6%,Pale Ale - Other,330ml,"€ 10,58 per litre"
Vanilla Fudge,"€ 6,79",Poland,3.58,Magic Road,11.5%,Stout - Imperial / Double Pastry,500ml,"€ 13,58 per litre"
Santo Subito,"€ 5,79",Poland,3.57,Magic Road,5.9%,IPA - American,500ml,"€ 11,58 per litre"
Pretty - Banana & White Guava,"€ 5,99",Poland,3.51,Magic Road,5.5%,Sour - Smoothie / Pastry,500ml,"€ 11,98 per litre"
Horizont Night Shift 2024 Pastry Hazelnut Caramel Imperial Stout,"€ 11,60",Hungary,4.42,HORIZONT Brewing,11.8%,Stout - Imperial / Double Pastry,330ml,"€ 35,15 per litre"
Arpus x Messorem Apricot x Blackberry x Cherry x Raspberry Smoothie Sour Ale,"€ 8,70",Latvia,4.23,Ārpus Brewing Co.,5.5%,Sour - Smoothie / Pastry,Can 440ml,"€ 19,77 per litre"
Arpus Pineapple x Lime x Coconut x Vanilla Smoothie Sour Ale,"€ 8,70",Latvia,4.21,Ārpus Brewing Co.,4.5%,Sour - Smoothie / Pastry,Can 440ml,"€ 19,77 per litre"
Arpus TDH Nelson x Strata IPA,"€ 7,50",Latvia,3.97,Ārpus Brewing Co.,6.5%,IPA - New England / Hazy,Can 440ml,"€ 17,05 per litre"
Baron x Distant Lands III Candles,"€ 7,20",United Kingdom,3.97,,6.8%,Red IPA,Can 500ml,"€ 14,40 per litre"
Good King Henry Special Reserve 2022,"€ 21,00",England,4.37,Old Chimneys Brewery,11%,Stout - Imperial / Double,Bottle 330ml,"€ 63,64 per litre"
Elmeleven x Marlobobo Pioneers & Explorers PULP,"€ 9,90",Sweden,4.34,Elmeleven,5%,Sour - Smoothie / Pastry,Can 440ml,"€ 22,50 per litre"
Oude Kriek de Schaerbeek Tilquin à l'ancienne (2023-2024),"€ 25,80",Belgium,4.16,Gueuzerie Tilquin,7%,Lambic - Kriek,Bottle 750ml,"€ 34,40 per litre"
Gueuze Tilquin 40-60,"€ 9,60",Belgium,4.05,Gueuzerie Tilquin,6.8%,Lambic - Gueuze,Bottle 375ml,"€ 25,60 per litre"
Gueuze Tilquin 60-40,"€ 9,60",Belgium,4.01,Gueuzerie Tilquin,6.8%,Lambic - Gueuze,Bottle 375ml,"€ 25,60 per litre"
They Are Already Here,"€ 8,80",Sweden,3.87,Elmeleven,8.4%,IPA - Imperial / Double New England / Hazy,Can 440ml,"€ 20,00 per litre"
Evolved St Georges,"€ 18,60",Belgium,3.82,Brouwerij Rodenbach,6.7%,Sour - Other,Bottle 750ml,"€ 24,80 per litre"
Chmielokrata HBC 1019,"€ 4,00",Poland,3.86,Piwne Podziemie,6.3%,IPA - New England / Hazy,Can 500ml,"€ 8,00 per litre"
No Rules Just Hops 2,"€ 4,00",Poland,3.80,Piwne Podziemie,6.2%,IPA - New England / Hazy,Can 500ml,"€ 8,00 per litre"
Piwne Podziemie:Maori Warrior,"€ 4,00",Poland,3.72,Piwne Podziemie,6.3%,IPA - New Zealand,Can 500ml,"€ 8,00 per litre"
Co oznacza dzwon?,"€ 4,30",Poland,3.93,Magic Road,5.6%,Sour - Fruited,Can 500ml,"€ 8,60 per litre"
Dragon's Castle,"€ 3,90",Poland,3.36,Magic Road,5.3%,Pale Ale - American,Can 500ml,"€ 7,80 per litre"
Soon Never Comes,"€ 6,50",Ireland,4.01,Whiplash,8.5%,IPA - Imperial / Double New England / Hazy,Can 440ml,"€ 14,77 per litre"
Shades of Marble,"€ 6,50",Ireland,4.00,Whiplash,8%,IPA - Imperial / Double New England / Hazy,Can 440ml,"€ 14,77 per litre"
Sibeeria I Love the Smell of HBC 1019 In the Morning,"€ 6,95",Czech Republic,3.98,Sibeeria,8.3%,IPA - Imperial / Double New England / Hazy,500ml,"€ 13,90 per litre"
Covered In Dust,"€ 5,50",Ireland,3.78,Whiplash,6.8%,IPA - American,Can 440ml,"€ 12,50 per litre"
Moersleutel CYCT: Friction,"€ 3,95",Netherlands,3.70,Moersleutel Craft Brewery,6%,IPA - Other,Can 440ml,"€ 8,98 per litre"
Fruity Madness,"€ 4,95",Netherlands,3.47,X-brewing,6.5%,IPA - American,Can 440ml,"€ 11,25 per litre"
Gouverneur Blond,"€ 8,95",Netherlands,3.45,Lindeboom,6.5%,Belgian Blonde,Bottle 750ml,"€ 11,93 per litre"
The Kernel Petit Saison,"€ 5,99",England,4.09,The Kernel Brewery,5.2%,Farmhouse Ale - Saison,330ml,"€ 18,15 per litre"
The Kernel Pale Ale Citra,"€ 4,99",England,3.84,The Kernel Brewery,5.4%,Pale Ale - American,330ml,"€ 15,12 per litre"
The Kernel Brown Ale Cascade,"€ 4,99",England,3.79,The Kernel Brewery,5.6%,Brown Ale - American,330ml,"€ 15,12 per litre"
The Kernel Grisette Nelson Sauvin,"€ 4,99",England,3.72,The Kernel Brewery,4.9%,Farmhouse Ale - Grisette,330ml,"€ 15,12 per litre"
Arpus TDH Hops X Art #25 IPA,"€ 5,95",Latvia,4.06,Ārpus Brewing Co.,6.5%,IPA - New England / Hazy,Can 440ml,"€ 13,52 per litre"
Bang the elephant Worship Without Sacrifice,"€ 9,50",England,3.91,Bang The Elephant Brewing Co,11.5%,Stout - Imperial / Double,Can 440ml,"€ 21,59 per litre"
Bang the elephant What Makes Larry Happy,"€ 6,95",England,3.76,Bang The Elephant Brewing Co,5.8%,Pale Ale - New Zealand,Can 440ml,"€ 15,80 per litre"
My Milkshake Brings All The Boys To The Farm,"€ 3,99",Netherlands,3.73,Dutch Bargain,7%,IPA - Milkshake,Can 440ml,"€ 15,80 per litre"
Félegyházi Sex on the beach,"€ 4,30",Hungary,3.30,Félegyházi Sörműhely,5%,Sour - Fruited,330ml,"€ 13,03 per litre"
Fuerst Wiacek Spells,"€ 6,99",Germany,4.00,FUERST WIACEK,6.8%,IPA - New England / Hazy,Can 440ml,"€ 15,89 per litre"
Fuerst Wiacek Sunburst,"€ 6,99",Germany,3.82,FUERST WIACEK,5%,Sour - Fruited,Can 440ml,"€ 15,89 per litre"
Night Vision Goggles,"€ 4,99",Netherlands,3.73,Dutch Bargain,9%,Porter - Baltic,330ml,"€ 15,12 per litre"
Bazooko Circus,"€ 8,60",Spain,4.15,Garage Beer Co.,10%,IPA - Triple New England / Hazy,Can 440ml,"€ 19,55 per litre"
Lacerda,"€ 7,70",Spain,4.12,Garage Beer Co.,8.5%,IPA - Imperial / Double New England / Hazy,Can 440ml,"€ 17,50 per litre"
Mint 400,"€ 7,20",Spain,4.09,Garage Beer Co.,7.2%,IPA - New England / Hazy,Can 440ml,"€ 16,36 per litre"
Loko Mad,"€ 7,60",Portugal,3.92,Dois Corvos,10%,Stout - Imperial / Double,Can 440ml,"€ 17,27 per litre"
Raoul Duke,"€ 6,90",Spain,3.91,Garage Beer Co.,7.4%,IPA - American,Can 440ml,"€ 15,68 per litre"
Koffielust Imperial Stout Met Koffie,"€ 4,10",Netherlands,3.78,Eggens,11%,Stout - Imperial / Double Coffee,330ml,"€ 12,42 per litre"
Very Strawberry,"€ 6,30",Portugal,3.72,Dois Corvos,4.3%,Sour - Other,Can 440ml,"€ 14,32 per litre"
Focal Banger,"€ 15,00",United States,4.40,The Alchemist,7%,IPA - American,Can 440ml,"€ 14,32 per litre"
Fuerst Wiacek Spells DDH IPA (NEW Batch),"€ 6,99",Germany,4.00,FUERST WIACEK,6.8%,IPA - New England / Hazy,Can 440ml,"€ 15,89 per litre"
Arpus TDH Talus x Cascade IPA,"€ 7,39",Latvia,3.91,Ārpus Brewing Co.,6.5%,IPA - New England / Hazy,Can 440ml,"€ 16,80 per litre"
Arpus Hopchest DDH DIPA,"€ 6,99",Latvia,3.87,Ārpus Brewing Co.,7.5%,IPA - Imperial / Double New England / Hazy,Can 440ml,"€ 15,89 per litre"
"Fuerst Wiacek x Uchu Brewing Sunburst Pineapple, Mango & Lime Smoothie Sour","€ 6,99",Germany,3.82,FUERST WIACEK,5%,Sour - Fruited,Can 440ml,"€ 15,89 per litre"
Maisel & Friends Mariana White DH Weizenbock,"€ 2,39",Germany,3.81,Brauerei Gebr. Maisel,7.5%,Wheat Beer - Hopfenweisse,330ml,"€ 7,24 per litre"
Fuerst Wiacek Rotes Lager,"€ 2,99",Germany,3.60,FUERST WIACEK,5%,Lager - Rotbier,Can 440ml,"€ 6,80 per litre"
Refsvindinge Stærke Julius Lager,"€ 3,99",Denmark,3.11,Bryggeriet Refsvindinge,8.5%,Belgian Dubbel,330ml,"€ 12,09 per litre"
Hancock Merry Christmas Lager,"€ 3,49",Denmark,3.03,Hancock Bryggerierne,6.3%,Lager - Winter,330ml,"€ 10,58 per litre"
Julefnug Bock,"€ 3,99",Denmark,2.90,Thisted Bryghus,5.8%,Lager - Winter,330ml,"€ 12,09 per litre"
Julebryg Lager,"€ 3,99",Denmark,2.88,Thisted Bryghus,7.9%,Lager - Winter,330ml,"€ 12,09 per litre"
Refsvindinge Jule Hyg Lager,"€ 3,49",Denmark,2.82,Bryggeriet Refsvindinge,5.7%,Lager - Winter,330ml,"€ 10,58 per litre"
Jura 8,"€ 3,70",Netherlands,3.58,Zuyd Craft,8.5%,Belgian Tripel,330ml,"€ 11,21 per litre"
Schlenkerla Rauchbier Urbock,"€ 2,50",Germany,3.74,"Schlenkerla (""Heller-Bräu"" Trum)",6.5%,Rauchbier,500ml,"€ 5,00 per litre"
Eichhorn Bock,"€ 2,20",Germany,3.59,Brauerei Eichhorn Dörfleins,7%,Bock - Hell / Maibock / Lentebock,500ml,"€ 4,40 per litre"
Mahrs Heller Bock,"€ 2,40",Germany,3.57,Mahr's Bräu,6.8%,Bock - Hell / Maibock / Lentebock,500ml,"€ 4,80 per litre"
Keesmann Bockbier,"€ 2,10",Germany,3.56,Keesmann Bräu,7.5%,Bock - Hell / Maibock / Lentebock,500ml,"€ 4,20 per litre"
Günther Bockbier Hell,"€ 2,00",Germany,3.54,Günther-Bräu,7.5%,Bock - Hell / Maibock / Lentebock,500ml,"€ 4,00 per litre"
Dunkles Bockbier,"€ 2,10",Germany,3.53,Brauerei Göller,7%,Bock - Single / Traditional,500ml,"€ 4,20 per litre"
Büchenbacher Beck'n Bier,"€ 2,10",Germany,3.52,Brauerei Herold,4.6%,Lager - Munich Dunkel,500ml,"€ 4,20 per litre"
Hönicka Wonnesud,"€ 2,10",Germany,3.45,Hönicka Bräu,5.4%,Lager - Munich Dunkel,500ml,"€ 4,20 per litre"
Ammerndorfer Landbier Dunkel,"€ 2,10",Germany,3.45,Dorn-Bräu Privatbrauerei Ammerndorf,5.6%,Lager - Munich Dunkel,500ml,"€ 4,20 per litre"
Ammerndorfer Spezial,"€ 2,10",Germany,3.44,Dorn-Bräu Privatbrauerei Ammerndorf,5.3%,Märzen,500ml,"€ 4,20 per litre"
Ammerndorfer Keller Trunk,"€ 2,10",Germany,3.42,Dorn-Bräu Privatbrauerei Ammerndorf,4.9%,Kellerbier / Zwickelbier,500ml,"€ 4,20 per litre"
Stelzer - Schloß Bock,"€ 2,10",Germany,3.39,Schloßbrauerei Stelzer Fattigau,6.7%,Bock - Single / Traditional,500ml,"€ 4,20 per litre"
Stelzer - Bio-Perle,"€ 2,20",Germany,3.38,Schloßbrauerei Stelzer Fattigau,4.7%,Pilsner - German,500ml,"€ 4,40 per litre"
Hönicka Hönicklaus,"€ 2,10",Germany,?,Hönicka Bräu,4.7%,Kellerbier / Zwickelbier,500ml,"€ 4,20 per litre"
Gose Town,"€ 5,40",England,3.76,Twisted Barrel Ale,4.5%,Sour - Fruited Gose,Can 440ml,"€ 12,27 per litre"
Departed,"€ 4,80",England,3.70,Twisted Barrel Ale,4.2%,Pale Ale - New England / Hazy,Can 440ml,"€ 10,91 per litre"
Sine Qua Non,"€ 4,60",England,3.61,Twisted Barrel Ale,4.5%,IPA - Session,Can 440ml,"€ 10,45 per litre"
Chocolate Stout,"€ 4,20",England,4.04,Samuel Smith,5%,Stout - Other,355ml,"€ 11,83 per litre"
Scottish Oat Stout,"€ 3,30",Scotland,3.70,Belhaven Brewery,7%,Stout - Oatmeal,330ml,"€ 10,00 per litre"
Scottish Ale,"€ 3,30",Scotland,3.58,Belhaven Brewery,5.2%,Scottish Ale,330ml,"€ 10,00 per litre"
ESB Champion Ale,"€ 4,20",England,3.55,Fuller's Brewery,5.5%,Bitter - Extra Special / Strong (ESB),500ml,"€ 8,40 per litre"
India Pale Ale,"€ 4,20",England,3.38,Fuller's Brewery,5.3%,IPA - English,500ml,"€ 8,40 per litre"
Christmas Ale,"€ 4,50",England,3.34,Shepherd Neame,7%,Winter Ale,500ml,"€ 9,00 per litre"
Rosey Nosey,"€ 4,90",England,3.24,Batemans,4.9%,Winter Ale,500ml,"€ 9,80 per litre"
Canadian Lager,"€ 2,90",Canada,3.17,Moosehead Breweries Limited,5%,Lager - American,Bottle 341ml,"€ 8,50 per litre"
Daura Damm Glutenfrei,"€ 2,90",Spain,2.96,Damm,5.4%,Gluten-Free,330ml,"€ 8,79 per litre"
Motto Motto,"€ 8,00",United States,4.00,Round Table Brewery,8.5%,IPA - Imperial / Double New England / Hazy,330ml,"€ 8,79 per litre"
O Jeito Madeira,"€ 14,00",United States,3.97,Round Table Brewery,7.2%,Wild Ale - American,330ml,"€ 8,79 per litre"
Dark Necessities,"€ 15,00",United States,3.96,Round Table Brewery,9.7%,Stout - American,330ml,"€ 8,79 per litre"
Mind Of God,"€ 4,95",Bulgaria,4.26,Metalhead,12%,Stout - Imperial / Double Milk,Bottle 250ml,"€ 19,80 per litre"
Black Tears,"€ 4,95",Bulgaria,4.22,Metalhead,12%,Stout - Imperial / Double,Bottle 250ml,"€ 19,80 per litre"
Loaf Will Tear Us Apart,"€ 4,80",Portugal,3.62,Dois Corvos,5%,IPA - Rye,Can 440ml,"€ 10,91 per litre"
Hopnytized NEIPA,"€ 2,50",Belgium,3.76,Enigma,8%,IPA - Imperial / Double,330ml,"€ 7,58 per litre"
Moana,"€ 4,70",Poland,3.84,Funky Fluid,6.6%,IPA - New England / Hazy,Can 500ml,"€ 9,40 per litre"
Nordens Kriek,"€ 30,00",Denmark,4.20,Insight Cellars,7.6%,Lambic - Kriek,Bottle 750ml,"€ 40,00 per litre"
O Tanoeiro,"€ 30,00",Denmark,4.05,Insight Cellars,7.5%,Lambic - Gueuze,Bottle 750ml,"€ 40,00 per litre"
Travail Of Seven,"€ 4,95",Netherlands,3.82,Goede Kant van het Spoor,10.3%,Stout - Russian Imperial,330ml,"€ 15,00 per litre"
Memor Bourbon BA (Silver Series),"€ 9,96",Estonia,4.39,Pühaste Brewery,13.5%,Stout - Imperial / Double,330ml,"€ 30,18 per litre"
Chokoh Ha - Bourbon BA (Silver Series),"€ 9,96",Estonia,4.34,Pühaste Brewery,14.5%,Porter - Imperial / Double,330ml,"€ 30,18 per litre"
Tous Vas Bien,"€ 27,50",Belgium,4.39,Brouwerij De Dochter van de Korenaar,19%,Barleywine - Other,500ml,"€ 55,00 per litre"
Pale Ale,"€ 5,46",Czech Republic,3.70,Pivovar Mazák,5%,Pale Ale - American,Bottle 750ml,"€ 7,28 per litre"
Wywar Mad Blondie,"€ 5,13",Slovakia,3.50,Holíčsky pivovar Wywar,4.5%,Blonde / Golden Ale - American,Bottle 750ml,"€ 6,84 per litre"
FIVE - DIPA,"€ 5,30",Belgium,3.82,La Source Beer Co.,8%,IPA - Imperial / Double New England / Hazy,330ml,"€ 16,06 per litre"
FIVE - Thai Basil Smash Sour,"€ 4,80",Belgium,3.75,La Source Beer Co.,6.1%,Sour - Fruited,330ml,"€ 14,55 per litre"
RYGR Valhall Jamaican Black BA Chaga Bjørkesevje,"€ 14,50",Norway,4.39,RYGR Brygghús,12.5%,Barleywine - Other,330ml,"€ 43,94 per litre"
District 96 / Equilibrium Stimulus Package,"€ 11,50",United States,4.34,District 96 Beer Factory/ Equilibrium Brewery,8%,IPA - Imperial / Double New England / Hazy,473ml,"€ 24,31 per litre"
Bottle Logic Fundamental Observation (2024),"€ 39,95",United States,4.31,Bottle Logic Brewing,14%,Stout - Imperial / Double,500ml,"€ 79,90 per litre"
RYGR Munin BA Imperial Stout Creme Brulee,"€ 14,50",Norway,4.29,RYGR Brygghús,12.5%,Stout - Imperial / Double Pastry,330ml,"€ 43,94 per litre"
Object Oriented,"€ 11,95",United States,4.27,Spyglass Brewing Company,8.3%,IPA - Imperial / Double New England / Hazy,473ml,"€ 25,26 per litre"
District 96 America F$@K YA / Fuck Ya,"€ 10,50",United States,4.17,District 96 Beer Factory,6.8%,IPA - New England / Hazy,473ml,"€ 22,20 per litre"
Sibeeria I Love The Smell Of Krush In The Morning,"€ 6,50",Czech Republic,4.04,Sibeeria,6.1%,IPA - American,500ml,"€ 13,00 per litre"
Sibeeria I Love The Smell Of Superdelic In The Morning,"€ 7,50",Czech Republic,4.03,Sibeeria,6.3%,IPA - New England / Hazy,500ml,"€ 15,00 per litre"
Bottle Logic Ocularity,"€ 9,50",United States,3.91,Bottle Logic Brewing,8.5%,IPA - Imperial / Double,473ml,"€ 20,08 per litre"
Baladin Noël Orange Cacao,"€ 14,50",Italy,3.73,BIRRIFICIO AGRICOLO BALADIN - Baladin Indipendente Italian Farm Brewery,8.5%,Belgian Strong Dark Ale,Bottle 750ml,"€ 19,33 per litre"
Baladin Soraya,"€ 11,50",Italy,3.67,BIRRIFICIO AGRICOLO BALADIN - Baladin Indipendente Italian Farm Brewery,7.2%,Other,Bottle 750ml,"€ 15,33 per litre"
Podzim 2024,"€ 6,50",Czech Republic,3.65,Sibeeria,8.5%,Bock - Weizendoppelbock,500ml,"€ 13,00 per litre"
Bottle Logic 714 Blonde Ale,"€ 7,95",United States,3.54,Bottle Logic Brewing,4.8%,Blonde / Golden Ale - Other,473ml,"€ 16,81 per litre"
Schmoojee Strawberry Blueberry Cotton Candy,"€ 12,90",United States,4.37,Imprint Beer Co.,6.5%,Sour - Smoothie / Pastry,473ml,"€ 27,27 per litre"
Schmoojee Blackberry S'mores,"€ 12,90",United States,4.35,Imprint Beer Co.,6.5%,Sour - Smoothie / Pastry,473ml,"€ 27,27 per litre"
Schmoojee 6ixth Anniversary,"€ 12,90",United States,4.31,Imprint Beer Co.,6.5%,Sour - Smoothie / Pastry,568ml,"€ 22,71 per litre"
Banana Split Sundae,"€ 12,90",United States,4.28,Imprint Beer Co.,6.5%,Sour - Fruited,473ml,"€ 27,27 per litre"
Amulet,"€ 10,50",United States,4.27,Hudson Valley Brewery,7%,IPA - Sour,473ml,"€ 22,20 per litre"
Subterranean Thunder,"€ 9,90",Canada,4.23,Third Moon Brewing Company,6.5%,IPA - New England / Hazy,473ml,"€ 20,93 per litre"
In Absentia,"€ 7,60",United States,4.15,Brick & Feather Brewery,7.2%,IPA - New England / Hazy,473ml,"€ 16,07 per litre"
Wandering Into the Fog (Anchovy Hop),"€ 8,90",United States,4.14,Abomination Brewing Company,8.6%,IPA - Imperial / Double,473ml,"€ 18,82 per litre"
Letters From Zelda,"€ 7,60",United States,4.09,Brick & Feather Brewery,6.5%,IPA - New England / Hazy,473ml,"€ 16,07 per litre"
Schubie Snacks (Mosaic & Strata),"€ 8,90",United States,4.04,Millpond Brewing,6%,Pale Ale - New England / Hazy,473ml,"€ 18,82 per litre"
"Pork Roll, Egg & Cheese SPK","€ 11,30",United States,4.01,Knotted Root Brewing Company,9.5%,IPA - Triple New England / Hazy,473ml,"€ 23,89 per litre"
Dèpaysement,"€ 6,90",United States,4.00,Perennial Artisan Ales,4.4%,Farmhouse Ale - Saison,355ml,"€ 19,44 per litre"
All Day Cenote,"€ 8,90",United States,3.96,Millpond Brewing,5.3%,IPA - Session,473ml,"€ 18,82 per litre"
Chrystalls Reserve,"€ 7,20",United States,3.91,Perennial Artisan Ales,5%,Lager - Other,473ml,"€ 15,22 per litre"
Gold Tooth,"€ 6,80",United States,3.79,Perennial Artisan Ales,4%,Lager - Leichtbier,473ml,"€ 14,38 per litre"
Poolside Breeze,"€ 7,20",United States,3.70,Perennial Artisan Ales,4.2%,Sour - Fruited Berliner Weisse,473ml,"€ 15,22 per litre"
Gus Knows,"€ 8,50",England,4.10,Verdant Brewing Co,6.5%,IPA - New England / Hazy,Can 440ml,"€ 19,32 per litre"
Shaky Tail,"€ 7,70",Wales,3.96,Polly's Brew Co.,5.5%,Pale Ale - American,Can 440ml,"€ 17,50 per litre"
Lupo Capisco,"€ 7,50",Wales,3.95,Polly's Brew Co.,5.6%,Pale Ale - American,Can 440ml,"€ 17,05 per litre"
My Ex Was In A Band And They Had A Hit Called Sheryl Crow,"€ 5,60",England,3.64,Pretty Decent Beer Co,5%,Pale Ale - American,Can 440ml,"€ 12,73 per litre"
Steezy DDH (bbf: 04-25),"€ 6,99",United States,4.16,Outer Range Brewing Co.,7.2%,IPA - New England / Hazy,Can 440ml,"€ 12,73 per litre"
Pastels (bbf: 04-25),"€ 6,40",United States,4.12,Outer Range Brewing Co.,6.9%,IPA - New England / Hazy,Can 440ml,"€ 12,73 per litre"
Supreme Guard (bbf: 05-25),"€ 7,90",Spain,4.07,Basqueland Brewing,10%,IPA - Triple,Can 440ml,"€ 17,95 per litre"
Caramel Fudge Stout Bourbon,"€ 5,10",Netherlands,4.02,Brouwerij Kees,11.5%,Stout - Imperial / Double,330ml,"€ 15,45 per litre"
Caramel Fudge Stout het Anker,"€ 5,10",Netherlands,4.00,Brouwerij Kees,11.5%,Stout - Imperial / Double Pastry,330ml,"€ 15,45 per litre"
Caramel Fudge Stout Appelstroop,"€ 4,55",Netherlands,3.64,Brouwerij Kees,11.5%,Stout - Imperial / Double Pastry,330ml,"€ 13,79 per litre"
Porta Da Calada,"€ 10,95",Netherlands,3.64,vendor-unknown,11.5%,Stout - Imperial / Double Pastry,330ml,"€ 13,79 per litre"
Pioneers & Explorers,"€ 8,40",Sweden,4.34,Elmeleven,5%,Sour - Smoothie / Pastry,Can 440ml,"€ 19,09 per litre"
Barrel Aged Sticky Little Fingers,"€ 13,99",Norway,4.32,Amundsen Brewery,13%,Stout - Imperial / Double Pastry,Can 440ml,"€ 31,80 per litre"
All Sure Things (bbf: 19-06-25),"€ 8,60",Wales,4.15,Polly's Brew Co.,10%,IPA - Triple New England / Hazy,Can 440ml,"€ 19,55 per litre"
Blueprint (Enigma) (bbf: 09-26),"€ 7,45",Netherlands,4.13,Folkingebrew,8.5%,IPA - Imperial / Double New England / Hazy,Can 440ml,"€ 16,93 per litre"
Blueprint (Galaxy) (bbf: 09-26),"€ 7,45",Netherlands,4.12,Folkingebrew,8.5%,IPA - Imperial / Double New England / Hazy,Can 440ml,"€ 16,93 per litre"
Waning Ember,"€ 7,30",England,4.04,Northern Monk,7%,IPA - New England / Hazy,Can 440ml,"€ 16,59 per litre"
Sloth,"€ 7,30",England,4.01,Northern Monk,8.4%,Stout - Imperial / Double Pastry,Can 440ml,"€ 16,59 per litre"
Comfort Ahead (bbf: 12-06-25),"€ 7,60",Wales,3.99,Polly's Brew Co.,6.5%,IPA - New England / Hazy,Can 440ml,"€ 17,27 per litre"
Marshmallow Wave,"€ 4,35",Norway,3.91,Bådin,10%,Stout - Imperial / Double Pastry,330ml,"€ 13,18 per litre"
Chocolate Fudge Brownie,"€ 7,30",England,3.90,Northern Monk,8.4%,Stout - Milk / Sweet,Can 440ml,"€ 16,59 per litre"
Arctic Circles 3 (bbf: 08-25),"€ 5,25",Norway,3.80,Bådin,6.5%,IPA - New England / Hazy,Can 440ml,"€ 11,93 per litre"
Make My Day (bbf: 19-09-25),"€ 6,40",Spain,3.80,Caleya,7.7%,IPA - Imperial / Double,Can 440ml,"€ 14,55 per litre"
Winter Wizard,"€ 6,65",Denmark,3.78,Amager Bryghus,12%,Stout - Imperial / Double Pastry,Can 440ml,"€ 15,11 per litre"
Reindeer Fuel 2024,"€ 6,65",Denmark,3.77,Amager Bryghus,10%,Barleywine - Other,Can 440ml,"€ 15,11 per litre"
California Christmas,"€ 6,65",Denmark,3.73,Amager Bryghus,11%,Stout - Imperial / Double Pastry,Can 440ml,"€ 15,11 per litre"
Ashes to Ashes,"€ 8,70",Denmark,3.73,Amundsen,11%,Stout - Imperial / Double Pastry,330ml,"€ 26,36 per litre"
ParaMind,"€ 7,70",England,3.98,Nothing Bound Brewing Co,5.2%,Pale Ale - New England / Hazy,Can 500ml,"€ 15,40 per litre"
German Pilsner,"€ 5,90",England,3.69,Verdant Brewing Co,4.8%,Pilsner - German,Can 440ml,"€ 13,41 per litre"
Fizz the Season,"€ 5,99",England,3.56,Vocation Brewery,7%,IPA - New England / Hazy,Can 440ml,"€ 13,61 per litre"
August DIPA (2024),"€ 11,60",Canada,4.35,Badlands Brewing Company,8.2%,IPA - Imperial / Double,473ml,"€ 24,52 per litre"
Borrowed Brilliance,"€ 11,20",United States,4.32,Timber Ales,12%,Stout - Imperial / Double,473ml,"€ 23,68 per litre"
Ridelic,"€ 11,20",Canada,4.31,Badlands Brewing Company,6.5%,IPA - American,473ml,"€ 23,68 per litre"
Fictive,"€ 11,70",Canada,4.31,Brasserie du Bas-Canada,8.2%,IPA - Imperial / Double,473ml,"€ 24,74 per litre"
Nomadisme,"€ 11,90",Canada,4.31,Brasserie du Bas-Canada,8.7%,IPA - Imperial / Double,473ml,"€ 25,16 per litre"
Barracuda,"€ 11,70",Canada,4.30,Brasserie du Bas-Canada,8%,IPA - Imperial / Double,473ml,"€ 24,74 per litre"
Méliades,"€ 10,50",Canada,4.27,Brasserie du Bas-Canada,6.5%,IPA - American,473ml,"€ 22,20 per litre"
Dock 89,"€ 10,90",Canada,4.25,Le Ketch,6.5%,IPA - New England / Hazy,473ml,"€ 23,04 per litre"
Un Jour Dans Les Abîmes,"€ 24,50",Canada,4.24,Messorem,5.3%,Wild Ale - American,Bottle 750ml,"€ 32,67 per litre"
Los Tabarnacos – Mangue,"€ 10,50",Canada,4.24,Brasserie du Bas-Canada,6.5%,IPA - Milkshake,473ml,"€ 22,20 per litre"
Fauche Alerte XTRM TURBO,"€ 10,50",Canada,4.22,Messorem,6.5%,IPA - American,473ml,"€ 22,20 per litre"
Dock 88,"€ 10,90",Canada,4.21,Le Ketch,6.5%,IPA - New England / Hazy,473ml,"€ 23,04 per litre"
Oh My God,"€ 10,90",United States,4.20,Modestman Brewing LLC,8.5%,IPA - Imperial / Double New England / Hazy,473ml,"€ 23,04 per litre"
Light Show,"€ 9,40",United States,4.20,Little Willow Brewing Company,8.2%,IPA - Imperial / Double New England / Hazy,473ml,"€ 19,87 per litre"
Fuegitos,"€ 9,60",Canada,4.20,Brasserie du Bas-Canada,5.5%,Pale Ale - American,473ml,"€ 20,30 per litre"
Gone Fishing,"€ 8,50",United States,4.18,Little Willow Brewing Company,7%,IPA - New England / Hazy,473ml,"€ 17,97 per litre"
Mystic Warrior,"€ 9,50",United States,4.11,Modestman Brewing LLC,7%,IPA - New England / Hazy,473ml,"€ 20,08 per litre"
Présence Achevée,"€ 9,60",Canada,4.10,Messorem,5.5%,Pale Ale - American,473ml,"€ 20,30 per litre"
Strawberry Brulee,"€ 7,60",United States,3.88,Timber Ales,6%,Stout - American,355ml,"€ 21,41 per litre"
The Magic Rites At Midnight,"€ 9,49",Germany,4.24,Sudden Death Brewing Co.,13.4%,Stout - Imperial / Double,Can 440ml,"€ 21,57 per litre"
Roadie (2024),"€ 5,99",Germany,4.01,FUERST WIACEK,5.5%,Pale Ale - New England / Hazy,Can 440ml,"€ 13,61 per litre"
Death By Cranberry,"€ 5,79",England,3.48,Vocation Brewery,4.5%,Sour - Fruited,Can 440ml,"€ 13,16 per litre"
Tiny Trousers,"€ 5,60",England,3.66,Pretty Decent Beer Co,4.5%,Pale Ale - Other,Can 440ml,"€ 12,73 per litre"
Pretty Decent / Bluntrock - Take A Trip To...Cornwal!,"€ 6,80",England,3.66,Pretty Decent,6.5%,Pale Ale - Other,Can 440ml,"€ 15,45 per litre"
Viven Classic Bruin,"€ 2,99",Belgium,3.35,Beerdevelopment Viven,6.1%,Brown Ale - Belgian,330ml,"€ 9,06 per litre"
Crush,"€ 5,30",England,3.85,Drop Project,4.6%,Pale Ale - American,Can 440ml,"€ 12,05 per litre"
Steep,"€ 6,60",England,3.71,Drop Project,6%,IPA - Rye,Can 440ml,"€ 15,00 per litre"
Ridge,"€ 5,10",England,3.67,Drop Project,4.8%,Pilsner - Other,Can 440ml,"€ 11,59 per litre"
Table Beer - 2.7,"€ 3,30",England,3.60,The Kernel Brewery,3.3%,Table Beer,Bottle 330ml,"€ 10,00 per litre"
No Brainer Double IPA,"€ 3,90",Germany,4.06,orca brau,7.5%,IPA - Imperial / Double New England / Hazy,330ml,"€ 11,82 per litre"
Augustus Weizendoppelbock,"€ 2,10",Germany,3.75,Brauhaus Riegele,8%,Bock - Weizendoppelbock,330ml,"€ 6,36 per litre"
Simco 3,"€ 3,40",Germany,3.71,Brauhaus Riegele,5%,IPA - Other,330ml,"€ 10,30 per litre"
Goldie- Orca Hell,"€ 3,50",Germany,3.66,orca brau,4.8%,Blonde / Golden Ale - Other,330ml,"€ 10,61 per litre"
Bayerisch Ale 2,"€ 3,60",Germany,3.63,Brauhaus Riegele/ Sierra Nevada Brewing Co.,5%,Pale Ale - Other,330ml,"€ 10,91 per litre"
Kein Kölsch,"€ 3,50",Germany,3.63,orca brau,4.5%,Cream Ale,330ml,"€ 10,61 per litre"
Augustus 8,"€ 3,40",Germany,3.59,Brauhaus Riegele,8%,Bock - Weizendoppelbock,330ml,"€ 10,30 per litre"
Ator 20,"€ 3,40",Germany,3.54,Brauhaus Riegele,7.5%,Bock - Doppelbock,330ml,"€ 10,30 per litre"
Feines Urhell,"€ 1,90",Germany,3.49,Brauhaus Riegele,4.7%,Lager - Helles,330ml,"€ 5,76 per litre"
Kölsch,"€ 2,40",Germany,3.48,Privat-Brauerei Heinrich Reissdorf,4.8%,Kölsch,330ml,"€ 7,27 per litre"
Auris 19,"€ 3,40",Germany,3.47,Brauhaus Riegele,9%,Bock - Doppelbock,330ml,"€ 10,30 per litre"
"Robustus 6 ""Malziges Feuerwerk""","€ 3,40",Germany,3.46,Brauhaus Riegele,5%,Porter - Other,330ml,"€ 10,30 per litre"
Dyniamit! Pumpkin Ale,"€ 4,90",Poland,3.44,Browar PINTA,6%,Pumpkin / Yam Beer,500ml,"€ 9,80 per litre"
Malzmühle Mühlenkölsch,"€ 2,90",Germany,3.34,Brauerei zur Malzmühle Schwartz,4.8%,Kölsch,330ml,"€ 8,79 per litre"
Augsburger Herren Pils,"€ 1,90",Germany,3.31,Brauhaus Riegele,4.7%,Pilsner - German,330ml,"€ 5,76 per litre"
IPA Liberis 2+3,"€ 3,40",Germany,3.25,Brauhaus Riegele,0.4%,Non-Alcoholic - IPA,330ml,"€ 10,30 per litre"
Hell Alkoholfrei,"€ 1,90",Germany,3.16,Brauhaus Riegele,0.5%,Non-Alcoholic - Lager,500ml,"€ 3,80 per litre"
Odin-Trunk Honigbier,"€ 2,90",Germany,3.08,Schlossbrauerei Fürstlich Drehna,5.4%,Honey Beer,330ml,"€ 8,79 per litre"
Tiger Beer,"€ 2,90",Singapore,2.95,Heineken Asia Pacific,5%,Lager - Pale,330ml,"€ 8,79 per litre"
Hazy Discovery Mount Maunganui - Hazy IPA,"€ 6,50",Poland,3.97,Browar PINTA,6.5%,IPA - New England / Hazy,500ml,"€ 13,00 per litre"
Hazy Discovery Montpellier - Hazy IPA,"€ 5,90",Poland,3.96,Browar PINTA,6.5%,IPA - New England / Hazy,500ml,"€ 11,80 per litre"
La Moneuse Triple X,"€ 9,99",Belgium,3.78,Brasserie de Blaugies,10%,Farmhouse Ale - Saison,Bottle 750ml,"€ 13,32 per litre"
BA Marshmallow Drip (2023),"€ 32,50",United States,4.23,Finback Brewery,13.1%,Stout - Pastry,500ml,"€ 65,00 per litre"
Oude Gueuze Tilquin à l'Ancienne 2021-2022 (375ml),"€ 9,60",Belgium,4.08,Gueuzerie Tilquin,7%,Lambic - Gueuze,Bottle 375ml,"€ 25,60 per litre"
Evolved Grand Cru Aged 10 Years,"€ 18,00",Belgium,4.06,Brouwerij Rodenbach,6%,Sour - Flanders Red Ale,Bottle 750ml,"€ 24,00 per litre"
Schneider Weisse Aventinus Eisbock (TAP09),"€ 7,20",Germany,3.79,Schneider Weisse G. Schneider & Sohn,12%,Bock - Eisbock,Bottle 330ml,"€ 21,82 per litre"
Nightmare of Brew York 2024,"€ 6,20",England,4.02,Brew York,8.5%,Stout - Imperial / Double Milk,Can 440ml,"€ 14,09 per litre"
Tartarus Eirene,"€ 6,30",England,3.87,Tartarus Beers,6.1%,IPA - New England / Hazy,Can 440ml,"€ 14,32 per litre"
Tartarus Eunomia,"€ 6,30",England,3.86,Tartarus Beers,6.1%,IPA - New England / Hazy,Can 440ml,"€ 14,32 per litre"
Tartarus Dike,"€ 6,30",England,3.85,Tartarus Beers,6.1%,IPA - New England / Hazy,Can 440ml,"€ 14,32 per litre"
Fairytale of Brew York 2024,"€ 4,40",England,3.61,Brew York,4.9%,Stout - Milk / Sweet,Can 440ml,"€ 10,00 per litre"
Eagle Eye,"€ 4,80",England,3.54,Brew York,5.5%,Pale Ale - American,Can 440ml,"€ 10,91 per litre"
Dreams of Brew York 2024,"€ 5,30",England,3.47,Brew York,6.5%,Sour - Fruited,Can 440ml,"€ 12,05 per litre"
Porter,"€ 2,60",Poland,3.83,Browar Fortuna,9%,Porter - Baltic,Bottle 500ml,"€ 5,20 per litre"
Delirium Tremens,"€ 5,80",Belgium,3.85,Delirium - Huyghe Brewery,8.5%,Belgian Strong Golden Ale,Bottle 330ml,"€ 17,58 per litre"
Schneider Weisse Tap 6 Unser Aventinus,"€ 6,80",Germany,3.81,Schneider Weisse G. Schneider & Sohn,8.2%,Bock - Weizendoppelbock,Bottle 500ml,"€ 13,60 per litre"
Pauwel Kwak,"€ 5,10",Belgium,3.76,Brouwerij Bosteels,8.4%,Pale Ale - Belgian,Bottle 330ml,"€ 15,45 per litre"
White,"€ 5,20",Belgium,3.73,Bières de Chimay,8%,Belgian Tripel,Bottle 330ml,"€ 15,76 per litre"
Rochefort Trappistes 6,"€ 5,10",Belgium,3.71,Abbaye Notre-Dame de Saint-Rémy,7.5%,Belgian Dubbel,Bottle 330ml,"€ 15,45 per litre"
Hefe-Weissbier,"€ 4,80",Germany,3.67,Paulaner Brauerei,5.5%,Wheat Beer - Hefeweizen,500ml,"€ 9,60 per litre"
Kasteel Tripel,"€ 7,00",Belgium,3.63,Kasteel Brouwerij Vanhonsebrouck,11%,Belgian Tripel,Bottle 330ml,"€ 21,21 per litre"
Schneider Bayrisch Hell,"€ 4,80",Germany,3.52,Schneider's Landbrauerei,4.9%,Lager - Helles,Bottle 500ml,"€ 9,60 per litre"
Helge Gluten Free Pale Ale,"€ 4,90",Estonia,3.55,Põhjala,5%,Gluten-Free,330ml,"€ 14,85 per litre"
Arpus Brewing Co. Banana X Mango X Pineapple Smoothie Sour Ale,"€ 5,87",Latvia,4.24,Ārpus Brewing Co.,5%,Sour - Smoothie / Pastry,Can 440ml,"€ 13,34 per litre"
Arpus Brewing Co. Tonka X Coffee X Vanilla Imperial Stout,"€ 6,30",Latvia,4.14,Ārpus Brewing Co.,12%,Stout - Imperial / Double,Can 440ml,"€ 14,32 per litre"
Arpus Brewing Co. Tdh Hops X Art #25 Ipa,"€ 4,83",Latvia,4.14,,12%,Stout - Imperial / Double,Can 440ml,"€ 14,32 per litre"
Arpus Brewing Co. Tdh Peacharine X Motueka Dipa,"€ 5,03",Latvia,4.14,,12%,Stout - Imperial / Double,Can 440ml,"€ 14,32 per litre"
Arpus Brewing Co. Tdh Strata X Riwaka Ipa,"€ 4,83",Latvia,3.99,Ārpus Brewing Co.,6.5%,IPA - New England / Hazy,Can 440ml,"€ 14,32 per litre"
Double IPA,"€ 4,49",Latvia,3.99,X-Brewing x Brouwdok,6.5%,IPA - New England / Hazy,Can 440ml,"€ 14,32 per litre"
Daemon Engine,"€ 8,50",England,4.05,Azvex Brewing Company,8.2%,IPA - Imperial / Double,Can 440ml,"€ 19,32 per litre"
Precious,"€ 6,30",Poland,3.88,Browarny Craft Beer,6.5%,IPA - New England / Hazy,500ml,"€ 12,60 per litre"
Delulu,"€ 5,90",Poland,3.85,Browarny Craft Beer,6.5%,IPA - New England / Hazy,500ml,"€ 11,80 per litre"
Vintage 2022,"€ 20,80",Belgium,4.03,Brouwerij Rodenbach,7%,Sour - Flanders Red Ale,Bottle 750ml,"€ 27,73 per litre"
HB Przystanek Bemowo,"€ 4,30",Poland,3.88,Magic Road,5.5%,Sour - Smoothie / Pastry,Can 500ml,"€ 8,60 per litre"
Gorgeous Rhode Island,"€ 4,50",Poland,3.60,Magic Road,6%,Sour - Fruited,Can 500ml,"€ 9,00 per litre"
Beauty Peach Ice Cream,"€ 4,40",Poland,3.52,Magic Road,5%,Sour - Fruited,Can 500ml,"€ 8,80 per litre"
You'll never see me again,"€ 4,10",Poland,3.42,Magic Road,4.6%,Pale Ale - American,Can 500ml,"€ 8,20 per litre"
Glücksbringer - Malzbier Limo,"€ 2,00",Germany,3.57,orca brau,0.5%,Non-Alcoholic - Shandy / Radler,330ml,"€ 6,06 per litre"
Triple Tombe,"€ 10,99",Canada,4.40,Messorem,10%,IPA - Triple,473ml,"€ 23,23 per litre"
Tohubohu,"€ 47,49",United States,4.39,Private Press Brewing,15.4%,Belgian Quadrupel,500ml,"€ 94,98 per litre"
Double Dry Hopped Tiberius,"€ 11,49",Canada,4.33,Brasserie du Bas-Canada,8.2%,IPA - Imperial / Double,500ml,"€ 94,98 per litre"
Triple Bloodbath,"€ 11,99",Canada,4.32,Third Moon Brewing Company,10.5%,IPA - Triple New England / Hazy,500ml,"€ 94,98 per litre"
Fictive,"€ 11,49",Canada,4.31,Brasserie du Bas-Canada,8.2%,IPA - Imperial / Double,500ml,"€ 94,98 per litre"
Colonization,"€ 9,99",United States,4.23,Adroit Theory,10.2%,IPA - Triple New England / Hazy,500ml,"€ 94,98 per litre"
Brume du Littoral: Aout 2024,"€ 11,99",Canada,4.22,Le Ketch,8%,IPA - Imperial / Double New England / Hazy,500ml,"€ 94,98 per litre"
Quintuple Continuous Blood,"€ 11,99",Canada,4.17,Third Moon Brewing Company,13.5%,IPA - Other,500ml,"€ 94,98 per litre"
AK [Martyr Warrior],"€ 9,99",United States,4.14,Adroit Theory,10%,IPA - Triple New England / Hazy,500ml,"€ 94,98 per litre"
Mosaic Mamba,"€ 9,49",United States,4.11,Toppling Goliath Brewing Co.,8.5%,IPA - Imperial / Double,500ml,"€ 94,98 per litre"
Nightmare of Brew York 2024,"€ 6,79",England,3.87,Brew York,8.5%,Stout - Imperial / Double Milk,Can 440ml,"€ 15,43 per litre"
Fairytale of Brew York 2024,"€ 5,99",England,3.84,Brew York,4.9%,Stout - Milk / Sweet,Can 440ml,"€ 13,61 per litre"
Delicious IPA,"€ 3,19",United States,3.72,Stone Brewing,7.7%,IPA - American,355ml,"€ 8,99 per litre"
Neverending Haze IPA,"€ 2,79",United States,3.59,Stone Brewing,4%,IPA - Session,Can 355ml,"€ 7,86 per litre"
Camba Winterzauber Märzen,"€ 3,49",Germany,3.33,Camba Bavaria,6%,Märzen,Can 440ml,"€ 7,93 per litre"
Color Cascade NEIPA,"€ 6,99",Germany,4.05,Blech.Brut,6.5%,IPA - New England / Hazy,Can 440ml,"€ 15,89 per litre"
Aglianico Watergeus,"€ 25,90",Netherlands,3.70,Vandenbroek,7.5%,Lambic - Gueuze,Bottle 750ml,"€ 34,53 per litre"
Extra Fresh,"€ 5,95",Netherlands,3.70,Rock City Brewing,3.5%,IPA - Other,Can 440ml,"€ 13,52 per litre"
Hazy Discovery Mt Maunganui,"€ 5,89",Poland,3.97,Browar PINTA,6.5%,IPA - New England / Hazy,500ml,"€ 11,78 per litre"
Hazy Discovery Montpellier,"€ 5,89",Poland,3.96,Browar PINTA,6.5%,IPA - New England / Hazy,500ml,"€ 11,78 per litre"
Hopeye – Grünhopfen Pils ( Version 4.0 ),"€ 3,75",Germany,?,BierBoutique Konstanz,5%,Pilsner - German,330ml,"€ 11,36 per litre"
Weiherer Grünhopfen-Pils,"€ 2,60",Germany,3.61,Brauerei Kundmüller,4.9%,Pilsner - German,500ml,"€ 5,20 per litre"
Overtime,"€ 3,90",Romania,3.92,Bereta Brewing Co.,6.2%,IPA - New England / Hazy,Can 440ml,"€ 8,86 per litre"
Patience (2024),"€ 10,99",Poland,4.40,PINTA Barrel Brewing,11%,Stout - Imperial / Double,330ml,"€ 33,30 per litre"
Memory (2024),"€ 10,99",Poland,4.23,PINTA Barrel Brewing,11%,Stout - Imperial / Double,330ml,"€ 33,30 per litre"
Sugar ‘n Spice (Maple Pecan Pumpkin Pie Sour),"€ 5,99",Scotland,4.07,Vault City Brewing,5.5%,Pumpkin / Yam Beer,Can 440ml,"€ 13,61 per litre"
Carrot Cake,"€ 9,29",Scotland,4.05,Vault City Brewing,8%,Sour - Smoothie / Pastry,Can 440ml,"€ 13,61 per litre"
Beer : Barrel : Time 2024 + Continuance Blend 6,"€ 319,99",United States,4.66,Side Project Brewing,15%,Stout - Imperial / Double,Can 440ml,"€ 13,61 per litre"
Triple Hyperactive Moon,"€ 6,39",Spain,4.11,Cervesa Espiga,10%,IPA - Triple New England / Hazy,Can 440ml,"€ 14,52 per litre"
Gimme Gimme,"€ 5,19",Poland,3.88,Magic Road,5.6%,IPA - American,500ml,"€ 10,38 per litre"
Another Trip Around the Sun,"€ 5,99",Spain,3.86,Cervesa Espiga,7%,IPA - American,Can 440ml,"€ 13,61 per litre"
Vanilla Fudge,"€ 6,29",Poland,3.58,Magic Road,11.5%,Stout - Imperial / Double Pastry,Can 440ml,"€ 13,61 per litre"
Beauty – Pineapple Ice Cream,"€ 4,99",Poland,3.58,Magic Road,5%,Sour - Fruited,500ml,"€ 9,98 per litre"
New England Christmas IPA,"€ 8,10",Norway,4.09,Salikatt Bryggeri,7%,IPA - Imperial / Double New England / Hazy,Can 440ml,"€ 18,41 per litre"
Mulled Dark Cherry Session Sour,"€ 6,80",Scotland,3.84,Vault City Brewing,4.8%,Sour - Fruited,Can 440ml,"€ 15,45 per litre"
Night Sleigher DIPA,"€ 7,80",Norway,3.83,Amundsen Brewery,7.5%,IPA - Imperial / Double New England / Hazy,Can 440ml,"€ 17,73 per litre"
Heathen Pale Ale,"€ 5,40",England,3.62,Abbeydale Brewery,4.1%,Pale Ale - American,Can 440ml,"€ 12,27 per litre"
Moonshine Pale Ale,"€ 5,10",England,3.57,Abbeydale Brewery,4.3%,Pale Ale - English,Can 440ml,"€ 11,59 per litre"
Santa's Hop Sack IPA,"€ 6,20",Norway,3.53,Amundsen Brewery,5.3%,IPA - New England / Hazy,Can 440ml,"€ 14,09 per litre"
Het Brouwdok x X-Brewing Double IPA,"€ 4,55",Netherlands,3.73,Het Brouwdok,7.5%,IPA - Imperial / Double,Can 440ml,"€ 14,09 per litre"
Mavka,"€ 6,00",England,4.09,Siren Craft Brew/ Varvar Brew,10%,Porter - Imperial / Double,Can 440ml,"€ 14,09 per litre"
Juicy Details,"€ 5,90",England,3.84,Siren Craft Brew,6%,IPA - New England / Hazy,Can 440ml,"€ 13,41 per litre"
Delicious Things,"€ 5,00",England,3.82,Siren Craft Brew,6%,Sour - Fruited,Can 440ml,"€ 11,36 per litre"
Eleven Finger Discount,"€ 5,90",England,3.79,Siren Craft Brew,7.4%,IPA - New Zealand,Can 440ml,"€ 13,41 per litre"
Daemon Engine (canned: 30-08-24),"€ 7,80",England,4.05,Azvex Brewing Company,8.2%,IPA - Imperial / Double,Can 440ml,"€ 17,73 per litre"
Drone Logic (bbf: 04-05-25),"€ 6,10",Ireland,4.03,Whiplash,8%,IPA - Imperial / Double,Can 440ml,"€ 13,86 per litre"
Asteroid Insurance Policy (canned: 18-09-24),"€ 6,75",England,4.02,Azvex Brewing Company,7%,IPA - New England / Hazy,Can 440ml,"€ 15,34 per litre"
Tripel,"€ 4,00",Belgium,3.39,Brouwerij Hof ten Dormaal,8%,Belgian Tripel,330ml,"€ 12,12 per litre"
Abbaye de Rochefort Triple Extra,"€ 4,90",Belgium,3.76,Abbaye Notre-Dame de Saint-Rémy,8.1%,Belgian Tripel,330ml,"€ 14,85 per litre"
Valhall Chaga,"€ 14,50",Norway,4.39,RYGR Brygghús,12.5%,Barleywine - Other,330ml,"€ 43,94 per litre"
Munin Imperial Stout Creme Brulee Edition,"€ 14,10",Norway,4.29,RYGR Brygghús,12.5%,Stout - Imperial / Double Pastry,330ml,"€ 42,73 per litre"
Apricot x Blackberry x Cherry x Raspberry Smoothie Sour Ale,"€ 6,70",Latvia,4.23,Ārpus Brewing Co.,5.5%,Sour - Smoothie / Pastry,Can 440ml,"€ 15,23 per litre"
Vortex (bbf: 19-03-25),"€ 6,95",Norway,4.21,Salikatt Bryggeri,8%,IPA - Imperial / Double New England / Hazy,Can 440ml,"€ 15,80 per litre"
Ridgeline (bbf: 30-03-25),"€ 7,45",Norway,4.18,Salikatt Bryggeri,10%,IPA - Triple New England / Hazy,Can 440ml,"€ 16,93 per litre"
Weller BA Prey On Society,"€ 9,95",Romania,4.17,Blackout Brewing,12%,Barleywine - Other,330ml,"€ 30,15 per litre"
Fluid Mechanics (bbf: 27-3-25),"€ 6,95",Norway,4.14,Salikatt Bryggeri,8%,IPA - Imperial / Double New England / Hazy,Can 440ml,"€ 15,80 per litre"
Cryo Overture (bbf: 08-26),"€ 8,10",Netherlands,4.09,Folkingebrew,10%,IPA - Triple New England / Hazy,Can 440ml,"€ 18,41 per litre"
TDH Double 5 DIPA (BBF: 30-10-25),"€ 6,10",Latvia,4.03,Ārpus Brewing Co.,8%,IPA - Imperial / Double New England / Hazy,Can 440ml,"€ 13,86 per litre"
Cloudscape (bbf: 17-06-25),"€ 6,80",Norway,3.94,Salikatt Bryggeri,7%,IPA - New England / Hazy,Can 440ml,"€ 15,45 per litre"
Summa,"€ 4,20",Netherlands,3.76,Van Moll,10.5%,Strong Ale - Other,330ml,"€ 12,73 per litre"
Hopfenreiter 2024 (bbf: 28-5-25),"€ 2,65",Germany,3.71,Brauerei Gebr. Maisel,8.5%,IPA - Imperial / Double,330ml,"€ 8,03 per litre"
Prophecy Of The Hops (bbf: 09-06-25),"€ 4,75",Austria,3.70,Brauhaus Bevog,4.3%,IPA - Session,500ml,"€ 9,50 per litre"
Hugin Imp Coffee Stout Tennessee Whiskey Barrel,"€ 13,95",Austria,3.70,Rygr,4.3%,IPA - Session,330ml,"€ 42,27 per litre"
Hugin Imp Stout Tennessee Whiskey Barrel,"€ 13,50",Austria,3.70,Rygr,4.3%,IPA - Session,330ml,"€ 40,91 per litre"
Will It Float #9,"€ 8,45",Austria,3.70,White Dog x Spartacus,4.3%,IPA - Session,330ml,"€ 40,91 per litre"
Dolle Brouwers Arabier,"€ 3,25",Belgium,3.47,Brouwerij De Dolle Brouwers,8%,Belgian Strong Golden Ale,330ml,"€ 9,85 per litre"
Zartbitterstout,"€ 19,90",Germany,4.08,Tyrell BrauKunstAtelier,10.4%,Stout - Other,Bottle 750ml,"€ 26,53 per litre"
Kaiserweisse 2024,"€ 19,90",Germany,4.07,Tyrell BrauKunstAtelier,10%,Sour - Berliner Weisse,Bottle 750ml,"€ 26,53 per litre"
150,"€ 3,50",Belgium,3.75,Bières de Chimay,10%,Belgian Strong Golden Ale,330ml,"€ 10,61 per litre"
Oak Aged Doppelbock Bourbon,"€ 6,90",Germany,3.71,Camba Bavaria,10.5%,Bock - Doppelbock,Bottle 250ml,"€ 27,60 per litre"
Chiemsee Pale,"€ 2,90",Germany,3.64,Camba Bavaria,5.3%,Pale Ale - Other,Can 440ml,"€ 6,59 per litre"
Framboise,"€ 2,90",Belgium,3.54,Brouwerij Boon,5%,Lambic - Framboise,Bottle 250ml,"€ 11,60 per litre"
Paragraph 14,"€ 4,50",Germany,3.49,Camba Bavaria,5.5%,Pilsner - German,Can 440ml,"€ 10,23 per litre"
Chiemsee Hopla,"€ 2,90",Germany,3.44,Camba Bavaria,5.1%,Lager - IPL (India Pale Lager),Can 440ml,"€ 6,59 per litre"
Chiemsee Wit,"€ 2,90",Germany,3.41,Camba Bavaria,4.8%,Wheat Beer - Witbier / Blanche,Can 440ml,"€ 6,59 per litre"
Chiemsee Hell,"€ 2,50",Germany,3.41,Camba Bavaria,5%,Lager - Helles,Can 440ml,"€ 5,68 per litre"
Winter Zauber - Märzen,"€ 3,50",Germany,3.33,Camba Bavaria,6%,Märzen,Can 440ml,"€ 7,95 per litre"
Gerstenwein 2024,"€ 19,90",Germany,?,Tyrell BrauKunstAtelier,10.2%,Barleywine - American,Bottle 750ml,"€ 26,53 per litre"
Evolved Grand Cru 10 Years,"€ 20,60",Belgium,4.06,Brouwerij Rodenbach,6%,Sour - Flanders Red Ale,Bottle 750ml,"€ 27,47 per litre"
Vinohradsky Pivovar - Māhutonga,"€ 8,40",Czech Republic,3.73,Vinohradský pivovar,5.9%,IPA - New England / Hazy,Can 500ml,"€ 16,80 per litre"
Grand Cru,"€ 6,60",Belgium,3.65,Brouwerij Rodenbach,6%,Sour - Flanders Red Ale,Bottle 330ml,"€ 20,00 per litre"
Heaven Crashers,"€ 6,25",Romania,4.10,Ignat Brewery (Bere Noah),7%,IPA - New England / Hazy,Can 440ml,"€ 14,20 per litre"
Precious,"€ 6,15",Poland,3.88,Browarny Craft Beer,6.5%,IPA - New England / Hazy,500ml,"€ 12,30 per litre"
Sprinter,"€ 5,95",Poland,3.87,Browarny Craft Beer,7%,IPA - Imperial / Double New England / Hazy,500ml,"€ 11,90 per litre"
Autochthon,"€ 5,65",Poland,3.87,Browar Gwarek,7.5%,IPA - New England / Hazy,500ml,"€ 11,30 per litre"
Simkölsch (Kölsch),"€ 5,80",France,3.81,Brasserie Cambier,5%,Kölsch,Can 440ml,"€ 13,18 per litre"
Juice Table Beer,"€ 5,40",France,3.81,Brasserie Cambier,3%,Table Beer,Can 440ml,"€ 12,27 per litre"
Fruity Samba (Sour-Catharina),"€ 5,25",Poland,3.48,ReCraft,4.5%,Sour - Catharina,500ml,"€ 10,50 per litre"
Smoothiesh: What's A Vampire Bat's Favorite Type Of Fruit?,"€ 8,50",Croatia,4.28,Pulfer Brewery,5.5%,Sour - Smoothie / Pastry,500ml,"€ 17,00 per litre"
Smoothiesh: A Neck-Tarine!,"€ 8,50",Croatia,4.27,Pulfer Brewery,5.5%,Sour - Smoothie / Pastry,500ml,"€ 17,00 per litre"
Magic of Ten,"€ 23,99",United States,4.42,Tree House Brewing Company,7.8%,IPA - Imperial / Double New England / Hazy,Can 470ml,"€ 51,04 per litre"
Ridgeline,"€ 8,10",Norway,4.18,Salikatt Bryggeri,10%,IPA - Triple New England / Hazy,Can 440ml,"€ 18,41 per litre"
IMPERIAL STOUT - RUM BELIZE & PANAMA B.A 18 Mois,"€ 8,90",France,4.16,Popihn,12%,Stout - Imperial / Double,330ml,"€ 26,97 per litre"
Fluid Mechanics,"€ 7,40",Norway,4.14,Salikatt Bryggeri,8%,IPA - Imperial / Double New England / Hazy,Can 440ml,"€ 16,82 per litre"
IMPERIAL STOUT - BOURBON & BARBADOS RUM B.A 16 Mois,"€ 8,90",France,4.10,Popihn,12%,Stout - Imperial / Double,330ml,"€ 26,97 per litre"
Proper DIPA: Nelson Edition,"€ 8,99",England,4.08,Cloudwater Brew Co.,8%,IPA - Imperial / Double New England / Hazy,Can 440ml,"€ 20,43 per litre"
IMPERIAL STOUT - COGNAC B.A 12 Mois,"€ 8,90",France,4.07,Popihn,12%,Stout - Imperial / Double,330ml,"€ 26,97 per litre"
Pineapple Upside Down Cake,"€ 10,90",Scotland,4.07,Vault City Brewing,8%,Sour - Smoothie / Pastry,Can 440ml,"€ 24,77 per litre"
Carrot Cake,"€ 10,90",Scotland,4.05,Vault City Brewing,8%,Sour - Smoothie / Pastry,Can 440ml,"€ 24,77 per litre"
Shake S'more,"€ 8,50",Scotland,4.04,Vault City Brewing,6.2%,Sour - Smoothie / Pastry,Can 440ml,"€ 19,32 per litre"
I Love the Smell of Superdelic in the Morning,"€ 7,40",Czech Republic,4.03,Sibeeria,6.3%,IPA - New England / Hazy,500ml,"€ 14,80 per litre"
I Love the Smell of HBC 1019 In the Morning,"€ 7,30",Czech Republic,3.98,Sibeeria,8.3%,IPA - Imperial / Double New England / Hazy,500ml,"€ 14,60 per litre"
Hazy Discovery Mt Maunganui,"€ 6,30",Poland,3.97,Browar PINTA,6.5%,IPA - New England / Hazy,500ml,"€ 12,60 per litre"
"Nothing, To Their Mind, Was Difficult To Understand","€ 8,99",England,3.97,Cloudwater Brew Co.,7%,IPA - New England / Hazy,Can 440ml,"€ 20,43 per litre"
Hazy Discovery Montpellier,"€ 6,30",Poland,3.96,Browar PINTA,6.5%,IPA - New England / Hazy,500ml,"€ 12,60 per litre"
Seid Phantasm 3,"€ 5,50",Norway,3.94,RYGR Brygghús,8%,IPA - Imperial / Double New England / Hazy,330ml,"€ 16,67 per litre"
Cloudscape,"€ 7,30",Norway,3.94,Salikatt Bryggeri,7%,IPA - New England / Hazy,Can 440ml,"€ 16,59 per litre"
Noah - Poet of Pale Ale,"€ 6,50",Romania,3.91,Ignat Brewery (Bere Noah),5.5%,Pale Ale - American,Can 440ml,"€ 14,77 per litre"
There Goes My Hero,"€ 5,50",Croatia,3.86,Pulfer Brewery,5.9%,Lager - IPL (India Pale Lager),500ml,"€ 11,00 per litre"
New Dogs New Tricks,"€ 5,50",Germany,3.84,FrauGruber Brewing,8.4%,IPA - Imperial / Double New England / Hazy,Can 440ml,"€ 12,50 per litre"
Firebox,"€ 7,30",Norway,3.82,Salikatt Bryggeri,6%,IPA - American,Can 440ml,"€ 16,59 per litre"
YOUPI!,"€ 4,30",France,3.70,Brasserie La Malpolon,6.3%,IPA - American,330ml,"€ 13,03 per litre"
Obstsalat – Easy Drinking Neipa,"€ 3,95",Germany,?,BierBoutique Konstanz,6.2%,IPA - Other,330ml,"€ 11,97 per litre"
Falling Levels,"€ 7,49",Wales,3.88,Polly's Brew Co.,5.9%,IPA - New England / Hazy,Can 440ml,"€ 17,02 per litre"
"Flora, Fauna, Air And Water","€ 7,49",Wales,3.87,Polly's Brew Co.,6%,Sour - Fruited Gose,Can 440ml,"€ 17,02 per litre"
Jakżeby Inaczej,"€ 6,49",Poland,3.87,Browar Artezan,8%,IPA - Imperial / Double New England / Hazy,500ml,"€ 12,98 per litre"
"Jeździć, Obserwować","€ 5,99",Poland,3.83,Browar Artezan,6%,IPA - New England / Hazy,500ml,"€ 11,98 per litre"
XX Bitter (2024),"€ 2,79",Belgium,3.83,Brouwerij De Ranke,6%,IPA - Belgian,330ml,"€ 8,45 per litre"
Faith in Futures // Amy Hastings // DDH Hazy IPA,"€ 7,29",England,3.80,Northern Monk,6.5%,IPA - New England / Hazy,Can 440ml,"€ 16,57 per litre"
Fizz the Season,"€ 5,99",England,3.56,Vocation Brewery,7%,IPA - New England / Hazy,Can 440ml,"€ 13,61 per litre"
Saison de Dottignies,"€ 2,79",Belgium,3.42,Brouwerij De Ranke,5.5%,Farmhouse Ale - Saison,330ml,"€ 8,45 per litre"
Quadrupel Centurio,"€ 2,80",Netherlands,3.64,Brouwerij Rodanum,9.4%,Belgian Quadrupel,330ml,"€ 8,48 per litre"
Congruity: Premier Cru 2022,"€ 35,95",Denmark,4.25,Insight Cellars,7.4%,Wild Ale - Other,Bottle 750ml,"€ 47,93 per litre"
Reijngoud Helemaal Leipa - Juicy NEIPA,"€ 3,75",Netherlands,3.56,Hofbrouwerij Reijngoud,6.5%,IPA - New England / Hazy,330ml,"€ 11,36 per litre"
Baladin XYAUYU BARREL 2018,"€ 37,95",Italy,4.51,BIRRIFICIO AGRICOLO BALADIN - Baladin Indipendente Italian Farm Brewery,14%,Barleywine - Other,500ml,"€ 75,90 per litre"
De Molen Bommen & Granaten,"€ 3,05",Netherlands,3.82,Brouwerij de Molen,11%,Barleywine - Other,330ml,"€ 9,24 per litre"
Baladin Lune 2016,"€ 26,95",Italy,3.79,BIRRIFICIO AGRICOLO BALADIN - Baladin Indipendente Italian Farm Brewery,13%,Barleywine - Other,500ml,"€ 53,90 per litre"
Elvis Juice,"€ 2,25",Scotland,3.69,BrewDog,6.5%,IPA - Fruited,Can 330ml,"€ 6,82 per litre"
Brewdog Hazy Jane,"€ 2,20",Scotland,3.67,BrewDog,5%,IPA - New England / Hazy,Can 330ml,"€ 6,67 per litre"
La Meute,"€ 3,97",Belgium,3.82,La Source Beer Co.,6.5%,IPA - New England / Hazy,330ml,"€ 12,03 per litre"
Sauvignon Sipper,"€ 11,49",Canada,4.11,Wood Brothers Brewing Co.,8.4%,IPA - Imperial / Double New England / Hazy,Can 470ml,"€ 24,45 per litre"
Maple Bänger,"€ 4,70",Estonia,3.92,Põhjala,12.5%,Stout - Imperial / Double,330ml,"€ 14,24 per litre"
Swift,"€ 6,10",England,3.74,Double-Barrelled Brewery,5.2%,Pale Ale - New England / Hazy,Can 440ml,"€ 13,86 per litre"
Avec Les Bons Væux Saison 37.5cl,"€ 8,40",Belgium,3.80,Brasserie Dupont,9.5%,Farmhouse Ale - Saison,Bottle 375ml,"€ 22,40 per litre"
Avec Les Bons Væux Saison 75cl,"€ 13,20",Belgium,3.80,Brasserie Dupont,9.5%,Farmhouse Ale - Saison,Bottle 750ml,"€ 17,60 per litre"
Bush de Noël Belgian Winter Ale,"€ 6,20",Belgium,3.72,Brasserie Dubuisson,12%,Winter Ale,330ml,"€ 18,79 per litre"
Christmas Ale 33cl,"€ 4,30",Belgium,3.68,Brouwerij Corsendonk,8.1%,Winter Ale,330ml,"€ 13,03 per litre"
Vlierbloesem (Season 21|22) Blend No. 79,"€ 26,80",Belgium,4.23,Brouwerij 3 Fonteinen,6.2%,Lambic - Other,Bottle 750ml,"€ 35,73 per litre"
"Oude Geuze Cuvée Armand & Gaston 0,375L (Season 19|20) Blend No. 8","€ 11,60",Belgium,4.22,Brouwerij 3 Fonteinen,6.4%,Lambic - Gueuze,Bottle 375ml,"€ 30,93 per litre"
Pera,"€ 15,80",Canada,4.07,Revel Cider Company,6.3%,Cider - Perry / Poiré,Bottle 750ml,"€ 21,07 per litre"
L'esprit Des Hautes Côtes,"€ 18,80",Canada,4.04,Brasserie Dunham,5.5%,Farmhouse Ale - Saison,Bottle 750ml,"€ 25,07 per litre"
Sonata,"€ 4,20",Canada,3.79,Revel Cider Company,6.5%,Cider - Dry,355ml,"€ 11,83 per litre"
Hic,"€ 4,80",Italy,3.66,Ca' del Brado,4.5%,Wild Ale - Other,330ml,"€ 14,55 per litre"
Mosaic,"€ 4,80",Czech Republic,3.65,Rodinný Pivovar Zichovec,5.1%,Pale Ale - American,500ml,"€ 9,60 per litre"
Taras Boulba,"€ 3,60",Belgium,3.35,Brasserie de la Senne,4.5%,Belgian Blonde,330ml,"€ 10,91 per litre"
Sundialer,"€ 5,60",England,3.87,Verdant Brewing Co,5%,Pale Ale - New England / Hazy,Can 440ml,"€ 12,73 per litre"
Piccadilly Pilsner,"€ 3,90",England,3.60,Cloudwater Brew Co.,4.2%,Pilsner - Other,Can 440ml,"€ 8,86 per litre"
Rothaus Tannenzäpfle Pils 50cl,"€ 4,50",Germany,3.47,Badische Staatsbrauerei Rothaus,5.1%,Pilsner - German,330ml,"€ 13,64 per litre"
The Interior Life and the External World,"€ 19,20",England,4.01,Cloudwater Brew Co.,5%,Pale Ale - New England / Hazy,4-pack,"Total price: € 19,20"
The Interior Life and the External World,"€ 5,40",England,4.01,Cloudwater Brew Co.,5%,Pale Ale - New England / Hazy,Can 440ml,"€ 12,27 per litre"
"The Kernel - Biere de Saison, Raspberry","€ 6,60",England,3.92,The Kernel Brewery,4.7%,Farmhouse Ale - Saison,330ml,"€ 20,00 per litre"
"The Kernel - Grisette, Nelson Sauvin","€ 4,80",England,3.72,The Kernel Brewery,4.9%,Farmhouse Ale - Grisette,330ml,"€ 14,55 per litre"
Vienna Lager,"€ 16,80",England,3.65,Cloudwater Brew Co.,4.5%,Lager - Vienna,4-pack,"Total price: € 16,80"
Vienna Lager,"€ 4,80",England,3.65,Cloudwater Brew Co.,4.5%,Lager - Vienna,Can 440ml,"€ 10,91 per litre"
Ocean Beach,"€ 19,20",England,3.64,Cloudwater Brew Co.,4%,Pale Ale - American,4-pack,"Total price: € 19,20"
Ocean Beach,"€ 5,40",England,3.64,Cloudwater Brew Co.,4%,Pale Ale - American,Can 440ml,"€ 12,27 per litre"
Soma Sus,"€ 7,41",Spain,4.15,SOMA Beer,8%,IPA - Imperial / Double New England / Hazy,Can 440ml,"€ 16,84 per litre"
Soma Gang,"€ 7,41",Spain,4.10,SOMA Beer,8%,IPA - Imperial / Double,Can 440ml,"€ 16,84 per litre"
Soma Dizzy,"€ 7,41",Spain,4.04,SOMA Beer,8%,IPA - Imperial / Double New England / Hazy,Can 440ml,"€ 16,84 per litre"
Soma Cloud Nine,"€ 6,87",Spain,3.97,SOMA Beer,6.5%,IPA - New England / Hazy,Can 440ml,"€ 15,61 per litre"
Soma Clap Back,"€ 6,87",Spain,3.94,SOMA Beer,6.5%,IPA - New England / Hazy,Can 440ml,"€ 15,61 per litre"
Bere Noah HEAVEN CRASHERS,"€ 6,50",Romania,4.10,Ignat Brewery (Bere Noah),7%,IPA - New England / Hazy,Can 440ml,"€ 14,77 per litre"
Baltic Porter,"€ 3,95",France,3.89,Brasserie Cambier/ Brasserie de la Vallée du Giffre,8%,Porter - Baltic,330ml,"€ 11,97 per litre"
Bere Noah Sour Sixteen,"€ 6,95",Romania,3.86,Ignat Brewery (Bere Noah),5%,Sour - Fruited,Can 440ml,"€ 15,80 per litre"
Browarny Delulu,"€ 5,75",Poland,3.85,Browarny Craft Beer,6.5%,IPA - New England / Hazy,500ml,"€ 11,50 per litre"
Moersleutel Fruit Blizzard,"€ 5,95",Netherlands,3.77,Moersleutel Craft Brewery,5.5%,IPA - Imperial / Double New England / Hazy,Can 440ml,"€ 13,52 per litre"
Mongy Noël (2023),"€ 3,95",France,3.68,Brasserie Cambier,8%,Winter Ale,330ml,"€ 11,97 per litre"
Mongy Noël (2023) - 75cl,"€ 8,95",France,3.68,Brasserie Cambier,8%,Winter Ale,Bottle 750ml,"€ 11,93 per litre"
Mongy IPA,"€ 3,75",France,3.61,Brasserie Cambier,6.8%,IPA - American,330ml,"€ 11,36 per litre"
Mongy IPA - 75cl,"€ 8,95",France,3.61,Brasserie Cambier,6.8%,IPA - American,Bottle 750ml,"€ 11,93 per litre"
Mongy Triple,"€ 3,75",France,3.60,Brasserie Cambier,8%,Belgian Tripel,330ml,"€ 11,36 per litre"
Mongy Triple - 75cl,"€ 8,95",France,3.60,Brasserie Cambier,8%,Belgian Tripel,Bottle 750ml,"€ 11,93 per litre"
Mongy Blonde,"€ 3,50",France,3.47,Brasserie Cambier,6.2%,Belgian Blonde,330ml,"€ 10,61 per litre"
Mongy Blonde - 75cl,"€ 7,95",France,3.47,Brasserie Cambier,6.2%,Belgian Blonde,Bottle 750ml,"€ 10,60 per litre"
Mongy Ambrée,"€ 3,95",France,3.45,Brasserie Cambier,6.5%,Farmhouse Ale - Bière de Garde,330ml,"€ 11,97 per litre"
Take A Picture Of Me With A Kodak,"€ 5,70",England,3.76,Sureshot Brewing,4.2%,Pale Ale - English,Can 440ml,"€ 12,95 per litre"
Lil'son,"€ 5,30",England,3.68,Sureshot Brewing,3%,Pale Ale - New England / Hazy,Can 440ml,"€ 12,05 per litre"
Funny Like A Clown,"€ 5,30",England,3.59,Sureshot Brewing,3.4%,Pale Ale - New England / Hazy,Can 440ml,"€ 12,05 per litre"
Football Friend,"€ 5,70",England,3.37,Sureshot Brewing,4.8%,Lager - Helles,Can 440ml,"€ 12,95 per litre"
Pauwel Kwak,"€ 3,55",Belgium,3.76,Brouwerij Bosteels,8.4%,Pale Ale - Belgian,330ml,"€ 10,76 per litre"
Kriek,"€ 2,80",Belgium,3.20,Belle-Vue,5.1%,Lambic - Kriek,Bottle 250ml,"€ 11,20 per litre"
Zichovec Koncept Brut Pastry Sour,"€ 5,64",Czech Republic,3.12,Rodinný Pivovar Zichovec,6%,Sour - Smoothie / Pastry,Can 500ml,"€ 11,28 per litre"
De Molen Sorachi & Sriracha,"€ 3,35",Netherlands,3.51,Brouwerij de Molen,8%,Porter - Other,330ml,"€ 10,15 per litre"
FIVE - DIPA,"€ 4,87",Belgium,3.82,La Source Beer Co.,8%,IPA - Imperial / Double New England / Hazy,330ml,"€ 14,76 per litre"
Sabbat,"€ 5,31",Belgium,3.71,La Source Beer Co.,5.9%,Historical Beer - Gruit / Ancient Herbed Ale,330ml,"€ 16,09 per litre"
DOK Black & Lekker,"€ 3,69",Belgium,3.60,Dok Brewing Company,6.5%,IPA - Black / Cascadian Dark Ale,330ml,"€ 11,18 per litre"
DOK Louwee Kan Het Niet Aan,"€ 3,69",Belgium,3.55,Dok Brewing Company,8%,Scotch Ale / Wee Heavy,330ml,"€ 11,18 per litre"
DOK / Blech.Brut Belegd Bruud,"€ 3,04",Belgium,3.39,Dok Brewing Company,4.1%,Farmhouse Ale - Saison,330ml,"€ 9,21 per litre"
Drop Project / Tap Social Movement – Gazin,"€ 6,90",England,3.76,Drop Project,5.8%,IPA - American,330ml,"€ 9,21 per litre"
Waavy,"€ 6,90",England,3.76,Drop Project,6%,IPA - American,330ml,"€ 9,21 per litre"
Steep,"€ 6,90",England,3.71,Drop Project,6%,IPA - Rye,330ml,"€ 9,21 per litre"
Drop Project / Seagrove Public – Ridge,"€ 5,30",England,3.67,Drop Project,4.8%,Pilsner - Other,330ml,"€ 9,21 per litre"
Flow,"€ 6,10",England,3.67,Drop Project,5.2%,Pale Ale - American,Can 440ml,"€ 13,86 per litre"
Bolt,"€ 5,70",England,3.63,Drop Project,5.4%,Kellerbier / Zwickelbier,Can 440ml,"€ 13,86 per litre"
Keizer Augustus,"€ 2,90",Netherlands,3.75,Brouwerij Rodanum,10%,Belgian Strong Golden Ale,Can 440ml,"€ 13,86 per litre"
Tripel Jules,"€ 2,75",Netherlands,3.59,Brouwerij Rodanum,8%,Belgian Tripel,330ml,"€ 8,33 per litre"
Brewdog Double Hazy,"€ 3,49",Scotland,3.84,BrewDog,7.2%,IPA - Imperial / Double New England / Hazy,330ml,"€ 10,58 per litre"
Baladin Zucca,"€ 3,75",Italy,3.37,BIRRIFICIO AGRICOLO BALADIN - Baladin Indipendente Italian Farm Brewery,7%,Pumpkin / Yam Beer,330ml,"€ 10,58 per litre"
6th Anniversary,"€ 19,99",Poland,4.45,Funky Fluid,16%,Strong Ale - Other,330ml,"€ 60,58 per litre"
Normal Things,"€ 10,99",Poland,4.24,Funky Fluid,12%,Stout - Imperial / Double Pastry,500ml,"€ 21,98 per litre"
Twin Chicks,"€ 10,49",Poland,4.09,Funky Fluid,12%,Stout - Imperial / Double Pastry,500ml,"€ 20,98 per litre"
Double Up On Xmas,"€ 6,99",Denmark,3.79,Amager Bryghus,9%,IPA - Imperial / Double New England / Hazy,Can 440ml,"€ 15,89 per litre"
Yule Juice,"€ 5,99",Denmark,3.73,Amager Bryghus,6.5%,IPA - New England / Hazy,Can 440ml,"€ 13,61 per litre"
California Christmas,"€ 6,79",Denmark,3.73,Amager Bryghus,11%,Stout - Imperial / Double Pastry,Can 440ml,"€ 15,43 per litre"
Silent Night,"€ 5,99",England,3.71,Vocation Brewery,10%,Stout - Imperial / Double Pastry,Can 440ml,"€ 13,61 per litre"
Winter In Bangalore,"€ 5,49",Denmark,3.66,Amager Bryghus,6%,IPA - American,Can 440ml,"€ 12,48 per litre"
Can't Catch Me,"€ 5,99",England,3.57,Vocation Brewery,8.4%,Stout - Other,Can 440ml,"€ 13,61 per litre"
Secret Santa,"€ 6,49",Denmark,3.45,Amager Bryghus,10.5%,Belgian Quadrupel,Can 440ml,"€ 14,75 per litre"
Julebryg 2024,"€ 4,99",Denmark,3.33,Amager Bryghus,6.5%,Scottish Export Ale,Can 440ml,"€ 11,34 per litre"
10yrs x Uchu Brewing,"€ 7,29",England,4.04,Verdant Brewing Co,6.5%,IPA - Fruited,Can 440ml,"€ 16,57 per litre"
PATRONS PROJECT 42.04 // BILLELIS // WANING EMBER // OUTER RANGE BREWING // DDH IPA,"€ 7,29",England,4.04,Northern Monk,7%,IPA - New England / Hazy,Can 440ml,"€ 16,57 per litre"
PATRONS PROJECT 38.04 // ADRIAN BAXTER // SLOTH // MOERSLEUTEL // PASTRY STOUT,"€ 7,49",England,4.01,Northern Monk,8.4%,Stout - Imperial / Double Pastry,Can 440ml,"€ 17,02 per litre"
The Scream,"€ 5,99",Spain,3.98,Caleya,6.5%,IPA - New England / Hazy,Can 440ml,"€ 13,61 per litre"
Vanity Metrics,"€ 5,79",England,3.96,Verdant Brewing Co,4.9%,Pale Ale - New England / Hazy,Can 440ml,"€ 13,16 per litre"
CHOCOLATE FUDGE BROWNIE // STOUT,"€ 7,49",England,3.86,Northern Monk,8.4%,Stout - Imperial / Double Pastry,Can 440ml,"€ 17,02 per litre"
Make My Day,"€ 6,49",Spain,3.80,Caleya,7.7%,IPA - Imperial / Double,Can 440ml,"€ 14,75 per litre"
Immersion 2024,"€ 10,95",Poland,4.19,PINTA Barrel Brewing,11.5%,Porter - Imperial / Double,330ml,"€ 33,18 per litre"
Edelherb,"€ 2,39",Germany,3.29,Kulmbacher Brauerei,4.9%,Pilsner - German,500ml,"€ 4,78 per litre"
Kruistocht Van Thomas  White Oaked Quadrupel,"€ 13,95",Netherlands,3.81,Jopen,10%,Belgian Quadrupel,Bottle 750ml,"€ 18,60 per litre"
Artevelde Grand Cru,"€ 2,35",Belgium,3.53,Stadsbrouwerij Artevelde,7.3%,Belgian Dubbel,330ml,"€ 7,12 per litre"
Augustijn Blond,"€ 1,70",Belgium,3.53,Brouwerij Van Steenberge,7%,Belgian Blonde,330ml,"€ 7,12 per litre"
Bourgogne des Flandres Brune,"€ 2,35",Belgium,3.52,Brewery John Martin & Brewery Timmermans,5%,Sour - Flanders Red Ale,330ml,"€ 7,12 per litre"
Keizer Karel Ommegang,"€ 2,35",Belgium,3.48,Brouwerij Haacht Brasserie,8%,Belgian Tripel,330ml,"€ 7,12 per litre"
Moeder Overste Tripel,"€ 2,30",Belgium,3.48,Brasserie Lefebvre,8%,Belgian Tripel,330ml,"€ 6,97 per litre"
Rodenbach,"€ 1,50",Belgium,3.45,Brouwerij Rodenbach,5.2%,Sour - Flanders Red Ale,Bottle 250ml,"€ 6,00 per litre"
Nightmare of Brew York,"€ 6,75",England,4.02,Brew York,8.5%,Stout - Imperial / Double Milk,Can 440ml,"€ 15,34 per litre"
"Blood & Ink (Blackberry, Cherry, Plum & Squid Ink Sour)","€ 6,55",Scotland,3.85,Vault City Brewing,4.9%,Sour - Fruited Gose,Can 440ml,"€ 14,89 per litre"
Brewhouse Cake,"€ 11,95",Romania,4.22,Blackout Brewing,11%,Stout - Imperial / Double Pastry,330ml,"€ 36,21 per litre"
Wijn,"€ 21,95",Belgium,3.97,Het Boerenerf Eylenbosch,7%,Cider - Other Fruit,Bottle 750ml,"€ 29,27 per litre"
Gouden Carolus Indulgence Festiva Summer 2022 Blond Ale,"€ 16,95",Belgium,3.65,Brouwerij Het Anker,9.3%,Belgian Strong Golden Ale,Bottle 750ml,"€ 22,60 per litre"
Gouden Carolus Indulgence Batteliek Summer 2023 Blond Ale,"€ 15,95",Belgium,3.64,Brouwerij Het Anker,7.4%,Belgian Blonde,Bottle 750ml,"€ 21,27 per litre"
Choc'waves,"€ 5,90",France,4.24,Blue Coast Brewing Company,11%,Stout - Imperial / Double,330ml,"€ 17,88 per litre"
Marble,"€ 5,90",Poland,4.02,Moon Lark Brewery,10.5%,Stout - Imperial / Double,330ml,"€ 17,88 per litre"
Into the Thick of it - DDH IPA,"€ 6,90",France,3.96,Gekko Brewing Company,7.5%,IPA - Other,Can 440ml,"€ 15,68 per litre"
Chanmé- Double IPA,"€ 6,90",France,3.92,Gekko Brewing Company,8%,IPA - Imperial / Double,Can 440ml,"€ 15,68 per litre"
Téma la Vache - NEIPA,"€ 6,90",France,3.86,Gekko Brewing Company,6.5%,IPA - New England / Hazy,Can 440ml,"€ 15,68 per litre"
Cotton Candy Clouds- NEIPA,"€ 4,50",France,3.84,Blue Coast Brewing Company,6%,IPA - New England / Hazy,330ml,"€ 13,64 per litre"
Juice comme ca - DDH Pale Ale,"€ 6,50",France,3.81,Gekko Brewing Company,5.2%,Pale Ale - New England / Hazy,Can 440ml,"€ 14,77 per litre"
Prime - West Coast IPA,"€ 4,90",Poland,3.71,Moon Lark Brewery,6.4%,IPA - American,500ml,"€ 9,80 per litre"
Doušek,"€ 3,90",Poland,3.70,Moon Lark Brewery,5.1%,Pilsner - Czech / Bohemian,500ml,"€ 7,80 per litre"
Blau Frei,"€ 3,20",Germany,3.66,Mashsee Brauerei,0.4%,Non-Alcoholic - Other,330ml,"€ 9,70 per litre"
Shelter- German Pils,"€ 3,90",Poland,3.58,Moon Lark Brewery,5.2%,Pilsner - German,500ml,"€ 7,80 per litre"
Neid - Heller Bock,"€ 3,90",Germany,3.57,Munich Brew Mafia,6.7%,Bock - Hell / Maibock / Lentebock,330ml,"€ 11,82 per litre"
Vice Bier,"€ 2,90",Germany,3.40,Munich Brew Mafia,5.2%,Wheat Beer - Hefeweizen,500ml,"€ 5,80 per litre"
Anissa Bella - Pastis de Nice,"€ 4,50",France,3.27,Blue Coast Brewing Company,5.3%,Blonde / Golden Ale - Other,330ml,"€ 13,64 per litre"
Vennskap,"€ 569,99",United States,4.78,Pulpit Rock Brewing Company,13%,Stout - Imperial / Double Pastry,330ml,"€ 13,64 per litre"
Lumber Reserve - Barrel 86,"€ 169,99",United States,4.49,Timber Ales,12.5%,Stout - Imperial / Double,330ml,"€ 13,64 per litre"
Alle Sammen,"€ 134,99",United States,4.49,Pulpit Rock Brewing Company,12%,Barleywine - Other,330ml,"€ 13,64 per litre"
Barrel Aged Among Monsters (Blue Metallic Wax),"€ 119,99",United States,4.47,Timber Ales,12.5%,Stout - Imperial / Double,330ml,"€ 13,64 per litre"
BRB,"€ 5,30",England,3.51,Unity Brewing Co,4.6%,Pilsner - German,Can 440ml,"€ 12,05 per litre"
Yes Man,"€ 4,40",Poland,3.92,Browar Birbant,7.5%,IPA - Imperial / Double New England / Hazy,Can 500ml,"€ 8,80 per litre"
Friday,"€ 4,30",Poland,3.82,Browar Birbant,8.6%,IPA - Imperial / Double,Can 500ml,"€ 8,60 per litre"
304,"€ 4,40",Poland,3.77,Browar Birbant,7.5%,IPA - Imperial / Double New England / Hazy,Can 500ml,"€ 8,80 per litre"
Jakby,"€ 4,40",Poland,3.74,Browar Birbant,7.2%,IPA - Imperial / Double New England / Hazy,Can 500ml,"€ 8,80 per litre"
Dixans,"€ 4,20",Poland,3.69,Browar Birbant,6.5%,IPA - Black / Cascadian Dark Ale,Can 500ml,"€ 8,40 per litre"
Franky,"€ 4,20",Poland,3.65,Browar Birbant,6.5%,IPA - American,Can 500ml,"€ 8,40 per litre"
Lervig Tasty Juice DDH IPA,"€ 7,09",Norway,3.87,LERVIG,6%,IPA - American,500ml,"€ 14,18 per litre"
Überquell Fresh Hop Püls,"€ 2,99",Germany,3.57,ÜberQuell Brauwerkstätten,4.7%,Pilsner - German,330ml,"€ 9,06 per litre"
Camba Paragraph 14 BME #79 Wet Hop Pils,"€ 4,39",Germany,3.49,Camba Bavaria,5.5%,Pilsner - German,Can 440ml,"€ 9,98 per litre"
Wildwuchs Grüner Hans Frischhopfen Ale BIO,"€ 4,29",Germany,3.43,Wildwuchs Brauwerk Hamburg,4.4%,Pale Ale - Other,330ml,"€ 13,00 per litre"
Run Wild IPA Alkoholfrei,"€ 4,19",United States,3.37,Athletic Brewing Company,0.5%,Non-Alcoholic - IPA,355ml,"€ 11,80 per litre"
Lervig No Worries Mango Alkoholfrei,"€ 3,19",Norway,3.27,LERVIG,0.5%,Non-Alcoholic - IPA,330ml,"€ 9,67 per litre"
Upside Dawn Golden Alkoholfrei,"€ 4,19",United States,3.26,Athletic Brewing Company,0.5%,Non-Alcoholic - Other,355ml,"€ 11,80 per litre"
Electric Skies,"€ 16,00",United States,4.25,Tree House Brewing Company,8%,IPA - Imperial / Double,355ml,"€ 11,80 per litre"
Matakana,"€ 15,00",United States,4.18,Fidens Brewing Co,4.5%,Pale Ale - New England / Hazy,355ml,"€ 11,80 per litre"
Exile,"€ 4,40",Poland,3.84,Browar Birbant,4.5%,Sour - Smoothie / Pastry,Can 500ml,"€ 8,80 per litre"
Ślepak,"€ 1,40",Poland,3.33,Browar Rebelia,0.3%,Non-Alcoholic - Other,Bottle 500ml,"€ 2,80 per litre"
Center of Attention MEGA,"€ 9,99",United States,4.27,Modestman Brewing LLC,8.5%,IPA - Imperial / Double New England / Hazy,Bottle 500ml,"€ 2,80 per litre"
Triple Tombe,"€ 11,39",Canada,4.40,Messorem,10%,IPA - Triple,Bottle 500ml,"€ 2,80 per litre"
Dock 53 - 100% Peacharine (Août 2024),"€ 10,69",Canada,4.39,Le Ketch,6.5%,IPA - New England / Hazy,Bottle 500ml,"€ 2,80 per litre"
Devils Heart of Gold (2023),"€ 49,99",United States,4.38,Perennial Artisan Ales,14.4%,Wheat Beer - Wheat Wine,Bottle 750ml,"€ 66,65 per litre"
Fundamental Observation (2024),"€ 32,99",United States,4.31,Bottle Logic Brewing,14%,Stout - Imperial / Double,500ml,"€ 65,98 per litre"
Transmountain Diversion,"€ 9,69",United States,4.30,WeldWerks Brewing Co.,8.7%,IPA - Imperial / Double New England / Hazy,500ml,"€ 65,98 per litre"
Dock 89 - Pacifica & Motueka,"€ 10,69",Canada,4.25,Le Ketch,6.5%,IPA - New England / Hazy,500ml,"€ 65,98 per litre"
The Most Beautifullest Thing In This World,"€ 9,99",United States,4.24,Modestman Brewing LLC,8.4%,IPA - Imperial / Double New England / Hazy,500ml,"€ 65,98 per litre"
MEGA: the Electric Relaxation Edition,"€ 9,99",United States,4.23,Modestman Brewing LLC,8.5%,IPA - Imperial / Double New England / Hazy,500ml,"€ 65,98 per litre"
Panic In Babylon,"€ 9,99",United States,4.23,Modestman Brewing LLC,8.5%,IPA - Imperial / Double,500ml,"€ 65,98 per litre"
Double Sunrise,"€ 9,99",United States,4.22,Modestman Brewing LLC,8.4%,IPA - Imperial / Double New England / Hazy,500ml,"€ 65,98 per litre"
Brume Du Littoral - Aout 2024,"€ 10,99",Canada,4.22,Le Ketch,8%,IPA - Imperial / Double New England / Hazy,500ml,"€ 65,98 per litre"
Can't Sell Dope Forever,"€ 9,99",United States,4.22,Modestman Brewing LLC,8.5%,IPA - Imperial / Double New England / Hazy,500ml,"€ 65,98 per litre"
"Dock 88 - Pacifica, Nelson Sauvin, Motueka & Cascade NZ","€ 10,69",Canada,4.21,Le Ketch,6.5%,IPA - New England / Hazy,500ml,"€ 65,98 per litre"
Oh My God,"€ 9,99",United States,4.20,Modestman Brewing LLC,8.5%,IPA - Imperial / Double New England / Hazy,473ml,"€ 21,12 per litre"
Night And Day,"€ 9,99",United States,4.18,Modestman Brewing LLC,8.5%,IPA - Imperial / Double New England / Hazy,473ml,"€ 21,12 per litre"
Mosaic Mamba,"€ 9,89",United States,4.11,Toppling Goliath Brewing Co.,8.5%,IPA - Imperial / Double,473ml,"€ 21,12 per litre"
Fading Parade,"€ 7,79",United States,3.90,Perennial Artisan Ales,6.5%,IPA - New England / Hazy,473ml,"€ 21,12 per litre"
Hurry On Daylight,"€ 6,99",United States,3.80,Perennial Artisan Ales,6.2%,IPA - New England / Hazy,473ml,"€ 21,12 per litre"
Wywar NEIPA,"€ 6,02",Slovakia,3.80,Holíčsky pivovar Wywar,6%,IPA - New England / Hazy,Bottle 750ml,"€ 8,03 per litre"
Wywar Pink Boots,"€ 5,34",Slovakia,3.62,Holíčsky pivovar Wywar,5.5%,Pale Ale - American,Bottle 750ml,"€ 7,12 per litre"
Wywar Panská IPA,"€ 5,35",Slovakia,3.57,Holíčsky pivovar Wywar,5.8%,IPA - American,Bottle 750ml,"€ 7,13 per litre"
Tryskáč,"€ 4,15",Czech Republic,3.40,Pivovar Rotor,5%,Pale Ale - American,Bottle 750ml,"€ 5,53 per litre"
Rogalo,"€ 3,52",Czech Republic,3.29,Pivovar Rotor,3.9%,Lager - Světlé (Czech Pale),Bottle 750ml,"€ 4,69 per litre"
Brzoskwiniowa Melba,"€ 3,20",Poland,3.70,Moczybroda,3.5%,Sour - Fruited,Can 500ml,"€ 6,40 per litre"
Tripel Karmeliet,"€ 2,95",Belgium,3.99,Brouwerij Bosteels,8.4%,Belgian Tripel,330ml,"€ 8,94 per litre"
Tripel,"€ 3,35",Netherlands,3.55,Grutte Pier Brouwerij,7.5%,Belgian Tripel,330ml,"€ 8,94 per litre"
Hop House 13,"€ 2,95",Ireland,3.38,Guinness,4.1%,Lager - Pale,330ml,"€ 8,94 per litre"
Triple Snorkel Squad,"€ 11,70",United States,4.34,Hop Butcher For The World,10.5%,IPA - Triple New England / Hazy,330ml,"€ 8,94 per litre"
Emits Showers of Sparks,"€ 10,50",United States,4.23,Hop Butcher For The World,7.5%,IPA - Imperial / Double New England / Hazy,330ml,"€ 8,94 per litre"
Maple Each Beast A God (Brazil Natural Yellow Catuai),"€ 12,80",Canada,4.17,Third Moon Brewing Company,8.5%,Stout - Imperial / Double Pastry,330ml,"€ 8,94 per litre"
Brewer's Reserve French Toast Stout,"€ 9,50",United States,4.15,Central Waters Brewing Company,11.7%,Stout - Imperial / Double,355ml,"€ 26,76 per litre"
Hahn Solo 4.0 – Last Cock in the Space – West Coast IPA,"€ 6,45",Germany,4.06,BierBoutique Konstanz,6.6%,IPA - Other,Can 440ml,"€ 14,66 per litre"
Sexuelles Helles – Dry Hopped Helles,"€ 3,45",Germany,3.62,BierBoutique Konstanz,5.2%,Lager - Helles,330ml,"€ 10,45 per litre"
Heathen,"€ 7,30",England,3.90,Northern Monk,7.2%,IPA - New England / Hazy,Can 440ml,"€ 16,59 per litre"
Patrons Project 18.07 // Sandy Kerr // North Sea Sessions // Pipeline Brewing // Pale Ale,"€ 7,30",England,3.85,Northern Monk,5%,Pale Ale - New Zealand,Can 440ml,"€ 16,59 per litre"
Kellerbier,"€ 4,50",Germany,3.55,Ayinger Privatbrauerei,5%,Kellerbier / Zwickelbier,500ml,"€ 9,00 per litre"
"FRESH FROM // HOP FOCUS IPA SERIES // STRATA, MOSAIC, SABRO","€ 6,70",England,3.82,Northern Monk,5.3%,IPA - New England / Hazy,500ml,"€ 9,00 per litre"
"FRESH FROM // LALLEMAND // CROSBY HOPS // AZACCA CGX(R), AZZACA, LUMINOSA, ZAPPA // IPA","€ 6,70",England,3.69,Northern Monk,5.5%,IPA - New England / Hazy,500ml,"€ 9,00 per litre"
Fresh - AF IPA,"€ 12,00",England,3.54,Cloudwater Brew Co.,0.5%,Non-Alcoholic - IPA,4-pack,"Total price: € 12,00"
Cuvee van de Keizer Whisky Infused,"€ 3,69",Belgium,4.00,Brouwerij Het Anker,11.7%,Belgian Strong Dark Ale,330ml,"€ 11,18 per litre"
Tynt Meadow,"€ 3,99",England,3.64,Mount Saint Bernard Abbey,7.4%,Strong Ale - English,330ml,"€ 12,09 per litre"
Lefort Donker,"€ 3,49",Belgium,3.62,Omer Vander Ghinste,9%,Belgian Strong Dark Ale,330ml,"€ 10,58 per litre"
Gouden Carolus Christmas,"€ 9,99",Belgium,3.61,Brouwerij Het Anker,10.5%,Winter Ale,Bottle 750ml,"€ 13,32 per litre"
Gouden Carolus Christmas,"€ 3,49",Belgium,3.61,Brouwerij Het Anker,10.5%,Winter Ale,,
Kwak Blond,"€ 2,99",Belgium,3.55,Brouwerij Bosteels,7.4%,Blonde / Golden Ale - Other,,
Tietje,"€ 3,89",Belgium,3.44,Brouwerij De Leite,7.5%,Belgian Blonde,330ml,"€ 11,79 per litre"
Grünhopfen Pils,"€ 2,60",Germany,3.61,Brauerei Kundmüller,4.9%,Pilsner - German,500ml,"€ 5,20 per litre"
Labirytm,"€ 3,10",Poland,3.50,Browar Nepomucen,4.8%,Pale Ale - American,Bottle 500ml,"€ 6,20 per litre"
Range,"€ 3,00",Poland,3.46,Browar Nepomucen,5%,Pale Ale - American,Bottle 500ml,"€ 6,00 per litre"
Schelde Zeezuiper,"€ 3,25",Belgium,3.66,Scheldebrouwerij,8%,Belgian Tripel,330ml,"€ 9,85 per litre"
Schelde Lamme Goedzak,"€ 3,25",Belgium,3.56,Scheldebrouwerij,7%,Belgian Blonde,330ml,"€ 9,85 per litre"
10yrs x Uchu,"€ 8,29",England,4.04,Verdant Brewing Co,6.5%,IPA - Fruited,Can 440ml,"€ 18,84 per litre"
Schönramer Pils,"€ 2,39",Germany,3.48,Private Landbrauerei Schönram,5%,Pilsner - German,500ml,"€ 4,78 per litre"
30 Days - Italian Pilsner,"€ 28,30",Denmark,3.33,To Øl,5%,Pilsner - Italian,6-pack,"Total price: € 28,30"
30 Days - Italian Pilsner,"€ 66,40",Denmark,3.33,To Øl,5%,Pilsner - Italian,24-pack,"Total price: € 66,40"
30 Days - Italian Pilsner,"€ 46,80",Denmark,3.33,To Øl,5%,Pilsner - Italian,12-pack,"Total price: € 46,80"
45 Days Organic Pilsner,"€ 130,40",Denmark,3.32,To Øl,4.7%,Pilsner - Other,48-pack,"Total price: € 130,40"
Around The World In 10 Beers,"€ 23,99",United States,3.61,Isaac's Craft Kitchen & Brewery,4.9%,Lager - Pale,48-pack,"Total price: € 130,40"
Speciaalbieren,"€ 23,99",Netherlands,3.48,St. Servattumus,6%,Blonde / Golden Ale - Other,48-pack,"Total price: € 130,40"
Primeur Pale Ale Editie: Verse Hop '24,"€ 3,99",Netherlands,3.99,Brouwerij Heft,6.6%,Pale Ale - American,330ml,"€ 12,09 per litre"
Kiss My Hops (Moutere),"€ 5,79",Ukraine,3.80,Дідько Brewery,7.8%,IPA - Imperial / Double New England / Hazy,Can 440ml,"€ 13,16 per litre"
Sour Shit - Strawberry,"€ 6,29",Ukraine,3.77,Дідько Brewery,8%,Sour - Fruited,Can 440ml,"€ 14,30 per litre"
No Lime To Die,"€ 5,49",Ukraine,3.52,Дідько Brewery,4.5%,IPA - Sour,Can 440ml,"€ 12,48 per litre"
Normal Beer,"€ 3,99",Ukraine,3.35,Дідько Brewery,5.3%,Blonde / Golden Ale - Other,Can 440ml,"€ 9,07 per litre"
All Fuzz,"€ 8,99",Denmark,3.92,Bad Seed Brewing,8%,IPA - Imperial / Double New England / Hazy,Can 440ml,"€ 20,43 per litre"
No Fuzz Nelson,"€ 7,99",Denmark,3.83,Bad Seed Brewing,7%,IPA - American,Can 440ml,"€ 18,16 per litre"
Nisseøl,"€ 9,79",Denmark,3.81,Bad Seed Brewing,9%,IPA - Imperial / Double,Can 440ml,"€ 22,25 per litre"
Export,"€ 6,69",Denmark,3.67,Bad Seed Brewing,5.2%,Lager - Dortmunder / Export,Can 440ml,"€ 15,20 per litre"
Uno Pils,"€ 5,99",Denmark,3.48,Bad Seed Brewing,4.5%,Pilsner - Italian,Can 440ml,"€ 13,61 per litre"
Sleigher,"€ 5,99",Denmark,3.37,Bad Seed Brewing,5.5%,Brown Ale - English,Can 440ml,"€ 13,61 per litre"
Cuvée De Ranke 2023,"€ 10,90",Belgium,4.22,Brouwerij De Ranke,7%,Sour - Other,Bottle 750ml,"€ 14,53 per litre"
Sleight of Hand,"€ 6,40",United States,4.17,Outer Range Brewing Co.,6.9%,IPA - New England / Hazy,Can 440ml,"€ 14,55 per litre"
Risky Sitch,"€ 6,90",United States,4.15,Outer Range Brewing Co.,7.7%,IPA - Imperial / Double New England / Hazy,Can 440ml,"€ 15,68 per litre"
Saison De Condrieu,"€ 10,90",France,4.13,Les Danaïdes,7%,Grape Ale - Other,Bottle 750ml,"€ 14,53 per litre"
Berliner Gose,"€ 9,90",France,4.12,Les Danaïdes,5%,Sour - Berliner Weisse,Bottle 750ml,"€ 13,20 per litre"
Saison Des Agrumes,"€ 10,50",France,3.99,Les Danaïdes,5.2%,Farmhouse Ale - Saison,Bottle 750ml,"€ 14,00 per litre"
Kerasi,"€ 12,20",France,3.96,Les Danaïdes,6.2%,Sour - Fruited,Bottle 750ml,"€ 16,27 per litre"
Kriek De Ranke,"€ 11,40",Belgium,3.93,Brouwerij De Ranke,7%,Sour - Fruited,Bottle 750ml,"€ 15,20 per litre"
Guldenberg,"€ 3,50",Belgium,3.61,Brouwerij De Ranke,8%,Belgian Tripel,330ml,"€ 10,61 per litre"
XX Bitter,"€ 3,20",Belgium,3.47,Brouwerij De Ranke,6%,IPA - Belgian,330ml,"€ 9,70 per litre"
Amer-Amer,"€ 2,95",Belgium,3.37,Brouwerij De Ranke,6%,IPA - Belgian,330ml,"€ 8,94 per litre"
Franc Belge,"€ 2,95",Belgium,3.32,Brouwerij De Ranke,5.2%,Pale Ale - Belgian,330ml,"€ 8,94 per litre"
Fendt Dieselroß-Öl,"€ 2,95",Germany,3.26,ABK (Aktienbrauerei Kaufbeuren),5.9%,Märzen,330ml,"€ 8,94 per litre"
Ankou - Whiskey BA (Silver Series),"€ 9,95",Estonia,4.36,Pühaste Brewery,13.9%,Stout - Imperial / Double,330ml,"€ 30,15 per litre"
Lime Coffee,"€ 4,10",Poland,3.52,Magic Road,4.5%,Sour - Other,Can 500ml,"€ 8,20 per litre"
Pretty Banana & White Guava,"€ 4,20",Poland,3.51,Magic Road,5%,Sour - Smoothie / Pastry,Can 500ml,"€ 8,40 per litre"
Mirakel 2023,"€ 12,60",Belgium,3.80,Brouwerij De Ranke,5.5%,Lambic - Gueuze,Bottle 750ml,"€ 16,80 per litre"
Helleketel,"€ 3,25",Belgium,3.32,Brouwerij De Bie,7%,Belgian Strong Golden Ale,Bottle 750ml,"€ 16,80 per litre"
Coconut Coffee Stout By Rackhouse,"€ 18,99",Norway,4.38,LERVIG,12.8%,Stout - Imperial / Double,Bottle 750ml,"€ 16,80 per litre"
Aisla,"€ 16,99",Austria,4.33,Brauhaus Bevog,15%,Stout - Imperial / Double,Bottle 750ml,"€ 16,80 per litre"
Commerce Without Morality,"€ 9,99",England,4.29,Bang The Elephant Brewing Co,11.2%,Stout - Imperial / Double,Can 440ml,"€ 22,70 per litre"
Vortex,"€ 6,99",Norway,4.21,Salikatt Bryggeri,8%,IPA - Imperial / Double New England / Hazy,Can 440ml,"€ 15,89 per litre"
Ridgeline,"€ 7,59",Norway,4.18,Salikatt Bryggeri,10%,IPA - Triple New England / Hazy,Can 440ml,"€ 17,25 per litre"
Fluid Mechanics,"€ 6,99",Norway,4.14,Salikatt Bryggeri,8%,IPA - Imperial / Double New England / Hazy,Can 440ml,"€ 15,89 per litre"
Daemon Engine,"€ 7,49",England,4.05,Azvex Brewing Company,8.2%,IPA - Imperial / Double,Can 440ml,"€ 17,02 per litre"
Duvel Barrel Aged Batch 9 (2024) Kentucky Bourbon Edition,"€ 29,99",Belgium,4.02,Duvel Moortgat,11%,Belgian Strong Golden Ale,Bottle 750ml,"€ 39,99 per litre"
Cloudscape,"€ 6,49",Norway,3.94,Salikatt Bryggeri,7%,IPA - New England / Hazy,Can 440ml,"€ 14,75 per litre"
Tynt Meadow Blond,"€ 3,99",England,3.55,Mount Saint Bernard Abbey,5%,Blonde / Golden Ale - English,330ml,"€ 12,09 per litre"
Wildwuchs To Absent Friends,"€ 2,99",Germany,3.78,Wildwuchs Brauwerk Hamburg,7%,Bitter - Best,330ml,"€ 9,06 per litre"
Mage,"€ 3,80",Poland,3.87,Browar Monsters,5.5%,IPA - New England / Hazy,Can 500ml,"€ 7,60 per litre"
Science Without Humanity,"€ 9,99",England,4.12,Bang The Elephant Brewing Co,11.4%,Stout - Imperial / Double,Can 500ml,"€ 7,60 per litre"
Worship Without Sacrifice,"€ 9,99",England,3.91,Bang The Elephant Brewing Co,11.5%,Stout - Imperial / Double,Can 440ml,"€ 22,70 per litre"
Politics Without Principle,"€ 9,99",England,4.19,Bang The Elephant Brewing Co,11.3%,Stout - Imperial / Double,Can 440ml,"€ 22,70 per litre"
What Makes Larry Happy,"€ 6,29",England,3.76,Bang The Elephant Brewing Co,5.8%,Pale Ale - New Zealand,Can 440ml,"€ 14,30 per litre"
ITS NOT ME. ITS I.B.U,"€ 6,29",England,3.47,Bang The Elephant Brewing Co,7%,IPA - American,Can 440ml,"€ 14,30 per litre"
Lunar Haze,"€ 4,99",England,3.61,Beavertown,4.5%,IPA - New England / Hazy,330ml,"€ 15,12 per litre"
Bones,"€ 4,39",England,3.34,Beavertown,4.4%,Lager - Pale,330ml,"€ 13,30 per litre"
Burst Free,"€ 4,29",Denmark,3.30,Mikkeller,0.3%,Non-Alcoholic - IPA,330ml,"€ 13,00 per litre"
Back Again,"€ 5,79",Germany,3.95,FrauGruber Brewing,9.8%,IPA - Triple New England / Hazy,Can 440ml,"€ 13,16 per litre"
Isid'Or,"€ 2,50",Netherlands,3.75,Bierbrouwerij De Koningshoeven,7.5%,Belgian Strong Golden Ale,330ml,"€ 7,58 per litre"
Warlock,"€ 7,00",United States,3.95,Southern Tier Brewing Company,8.6%,Pumpkin / Yam Beer,330ml,"€ 7,58 per litre"
Schneekanone,"€ 2,40",Germany,3.32,Brauerei Kanone,5.3%,Winter Ale,500ml,"€ 4,80 per litre"
Dornfelder-Kriek,"€ 18,19",Belgium,4.06,Brouwerij 3 Fonteinen,6%,Lambic - Gueuze,Bottle 750ml,"€ 24,25 per litre"
Crawling Distance V2,"€ 6,50",Romania,3.99,Hop Hooligans,8%,IPA - Imperial / Double New England / Hazy,Can 500ml,"€ 13,00 per litre"
Faith,"€ 6,10",England,3.81,Northern Monk,5.4%,Pale Ale - Australian,Can 330ml,"€ 18,48 per litre"
Sea Buckthorn Turmeric Pepper Sour,"€ 4,90",Romania,3.81,OneTwo,5%,Sour - Fruited,Can 440ml,"€ 11,14 per litre"
Madame Butterfly,"€ 3,50",Estonia,3.53,Pühaste Brewery,6%,Red Ale - American Amber / Red,Bottle 330ml,"€ 10,61 per litre"
Kellerbier,"€ 1,90",Germany,3.46,Brauerei Kundmüller,4.9%,Kellerbier / Zwickelbier,500ml,"€ 3,80 per litre"
Kellerbier,"€ 1,90",Germany,3.22,Brauhaus Leikeim,4.9%,Kellerbier / Zwickelbier,500ml,"€ 3,80 per litre"
Hell,"€ 1,90",Germany,3.14,Brauhaus Leikeim,4.9%,Lager - Helles,500ml,"€ 3,80 per litre"
Horizont Night Shift 2024 RIS Bourbon Barrels Choco Coffee,"€ 11,60",Hungary,4.27,HORIZONT Brewing,11.2%,Stout - Imperial / Double Coffee,330ml,"€ 35,15 per litre"
Eternal,"€ 4,10",Hungary,4.27,Northern Monk,4.1%,Session IPA,Can 330ml,"€ 12,42 per litre"
Piña Colada Pleasure,"€ 4,80",Poland,3.84,Moczybroda,8.8%,Sour - Smoothie / Pastry,Can 500ml,"€ 9,60 per litre"
Buzz Free,"€ 2,80",Poland,3.50,Moczybroda,0.5%,Non-Alcoholic - Sour,Can 500ml,"€ 5,60 per litre"
Live And Livley,"€ 10,30",England,4.05,DEYA Brewing Company,7.5%,IPA - Imperial / Double New England / Hazy,Can 440ml,"€ 23,41 per litre"
La Soupe Aux Chaux,"€ 6,00",Poland,3.77,Browar Stu Mostów,8%,IPA - Imperial / Double New England / Hazy,Can 440ml,"€ 13,64 per litre"
Barrel Aged Blue Suede Shews,"€ 334,95",United States,4.92,Pips Meadery,14%,Mead - Other,200ml,"€ 1.674,75 per litre"
Snake In the Rye,"€ 319,95",United States,4.86,Pips Meadery,15.5%,Mead - Other,200ml,"€ 1.599,75 per litre"
The Man with the Sword,"€ 187,50",United States,4.59,Pips Meadery,14%,Mead - Melomel,Bottle 375ml,"€ 500,00 per litre"
Firebox,"€ 7,50",Norway,3.82,Salikatt Bryggeri,6%,IPA - American,Can 440ml,"€ 17,05 per litre"
Marzen,"€ 3,50",Belgium,3.57,Brasserie de la Mule,5.4%,Märzen,330ml,"€ 10,61 per litre"
Pretty Weisse,"€ 8,60",Scotland,4.02,Overtone Brewing Co,7%,Sour - Fruited Berliner Weisse,Can 440ml,"€ 19,55 per litre"
Satin Solitude Stout,"€ 6,80",United States,3.80,Central Waters Brewing Company,7.5%,Stout - Imperial / Double,355ml,"€ 19,15 per litre"
Howling,"€ 5,10",Poland,3.66,Browar Stu Mostów,6.4%,IPA - Cold,Can 440ml,"€ 11,59 per litre"
Mind The Glow,"€ 6,80",Wales,3.52,Polly's Brew Co.,5.5%,Sour - Fruited,Can 440ml,"€ 15,45 per litre"
Remade,"€ 6,00",Poland,3.46,WRCLW,7.4%,Sour - Berliner Weisse,Can 440ml,"€ 13,64 per litre"
Carpe Noctem (2024),"€ 7,25",Germany,4.03,Sudden Death Brewing Co.,7.9%,IPA - Imperial / Double,Can 440ml,"€ 16,48 per litre"
Ainsi Va La Vie,"€ 24,50",Switzerland,4.28,Brasserie L'Apaisée,6.5%,Sour - Other,Bottle 750ml,"€ 32,67 per litre"
Earth Dance,"€ 7,75",Brazil,4.21,Cervejaria Fermi,8%,IPA - Imperial / Double New England / Hazy,Can 440ml,"€ 17,61 per litre"
HERE COMES THE GERÔNIMO,"€ 7,75",Brazil,4.18,Salvador Brewing Co.,8%,IPA - Imperial / Double New England / Hazy,Can 440ml,"€ 17,61 per litre"
All the Beatiful Things,"€ 7,75",Brazil,4.17,Cervejaria Escafandrista,8%,IPA - Imperial / Double New England / Hazy,Can 440ml,"€ 17,61 per litre"
Brewhouse Cake,"€ 10,25",Romania,4.22,Blackout Brewing,11%,Stout - Imperial / Double Pastry,330ml,"€ 31,06 per litre"
Life Is Perception,"€ 9,95",Romania,4.19,Blackout Brewing,11%,Stout - Imperial / Double,330ml,"€ 30,15 per litre"
Ridgeline,"€ 8,00",Norway,4.18,Salikatt Bryggeri,10%,IPA - Triple New England / Hazy,Can 440ml,"€ 18,18 per litre"
Weller BA Prey On Society,"€ 10,25",Romania,4.17,Blackout Brewing,12%,Barleywine - Other,330ml,"€ 31,06 per litre"
Fluid Mechanics,"€ 7,75",Norway,4.14,Salikatt Bryggeri,8%,IPA - Imperial / Double New England / Hazy,Can 440ml,"€ 17,61 per litre"
World Is Decay,"€ 9,95",Romania,4.11,Blackout Brewing,11%,Stout - Imperial / Double,330ml,"€ 30,15 per litre"
SILK SCREEN,"€ 7,00",Netherlands,3.96,Floem,7.7%,IPA - Imperial / Double New England / Hazy,Can 440ml,"€ 15,91 per litre"
Summa,"€ 4,25",Netherlands,3.76,Van Moll,10.5%,Strong Ale - Other,330ml,"€ 12,88 per litre"
That's What Cz Said,"€ 3,50",Romania,3.57,Bereta Brewing Co.,5.1%,Lager - Polotmavé (Czech Amber),Can 440ml,"€ 7,95 per litre"
Slang Du Jour Apricot Shortbread Cookie,"€ 11,20",United States,4.12,Drekker Brewing Company,7.5%,Sour - Smoothie / Pastry,473ml,"€ 23,68 per litre"
Bistro Peach & Apricot Crumble,"€ 6,80",United States,4.11,Energy City Brewing,6.5%,Sour - Fruited Berliner Weisse,473ml,"€ 14,38 per litre"
Braaaaaaaains Blackberry & Guava,"€ 7,70",United States,4.09,Drekker Brewing Company,6.3%,Sour - Smoothie / Pastry,473ml,"€ 16,28 per litre"
Super Soaker,"€ 10,30",Northern Ireland,4.03,Beer Hut Brewing Co.,8.2%,IPA - Imperial / Double,Can 440ml,"€ 23,41 per litre"
Bistro Pink Ambrosia,"€ 11,20",United States,4.01,Energy City Brewing,6.5%,Sour - Fruited Berliner Weisse,473ml,"€ 23,68 per litre"
The Thing,"€ 6,80",Germany,3.99,BrewHeart,8%,IPA - Imperial / Double New England / Hazy,Can 440ml,"€ 15,45 per litre"
Pollinated Paradise,"€ 9,40",United States,3.98,Beer Tree Brew/ Rising Storm Brewing Co,6%,Sour - Fruited,473ml,"€ 19,87 per litre"
Near Distant Future,"€ 11,20",Denmark,3.93,Gamma Brewing Company/ The Eighth State Brewing Company,11.5%,Stout - Imperial / Double Pastry,Can 440ml,"€ 25,45 per litre"
Invisible Cities,"€ 6,00",England,3.84,North Brewing Co.,6.7%,IPA - New England / Hazy,Can 440ml,"€ 13,64 per litre"
Knickerbocker,"€ 9,40",England,3.72,UnBarred Brewery,6.6%,Pale Ale - Milkshake,Can 440ml,"€ 21,36 per litre"
Thick Haze,"€ 6,00",United States,3.66,Oskar Blues Brewery,7%,IPA - New England / Hazy,355ml,"€ 16,90 per litre"
Blood Eagle,"€ 6,80",England,3.55,Brew York,5.7%,Pale Ale - Fruited,Can 440ml,"€ 15,45 per litre"
La Bock Brunello,"€ 5,25",Belgium,3.81,Brouwerij De Dochter van de Korenaar,7%,Bock - Doppelbock,330ml,"€ 15,91 per litre"
Sintermerte Herfstbok,"€ 3,95",Netherlands,3.41,Brouwerij De Klep,6.5%,Bock - Single / Traditional,330ml,"€ 11,97 per litre"
oude kriek Bio S22/23 B40,"€ 24,95",Belgium,4.31,Brouwerij 3 Fonteinen,6.7%,Lambic - Kriek,Bottle 750ml,"€ 33,27 per litre"
Commerce Without Morality,"€ 9,90",England,4.29,Bang The Elephant Brewing Co,11.2%,Stout - Imperial / Double,Can 440ml,"€ 22,50 per litre"
"Grande Réserve Fermentée En Barriques Chêne Français, Chêne Américain, Brandy (02/2024)","€ 15,95",Belgium,4.12,Bières de Chimay,10.5%,Belgian Strong Dark Ale,Bottle 375ml,"€ 42,53 per litre"
Calvados Edition 2024 Barrel Aged Quadrupel,"€ 6,30",Netherlands,4.10,Brouwerij de Molen,13.7%,Barleywine - English,330ml,"€ 19,09 per litre"
Wind – Belgian Quadrupel,"€ 7,40",Netherlands,4.07,Moersleutel Craft Brewery,12%,Belgian Quadrupel,Can 440ml,"€ 16,82 per litre"
I Love The Smell Of Krush In The Morning,"€ 6,60",Czech Republic,4.04,Sibeeria,6.1%,IPA - American,Can 500ml,"€ 13,20 per litre"
Caramel Fudge Stout Het Anker,"€ 5,60",Netherlands,4.00,Brouwerij Kees,11.5%,Stout - Imperial / Double Pastry,Can 330ml,"€ 16,97 per litre"
Worship Without Sacrifice,"€ 9,90",England,3.91,Bang The Elephant Brewing Co,11.5%,Stout - Imperial / Double,Can 440ml,"€ 22,50 per litre"
Quad – Quadrupel,"€ 6,00",Netherlands,3.90,Moersleutel Craft Brewery,11%,Belgian Quadrupel,Can 440ml,"€ 13,64 per litre"
For the Love of Hops Indigo Edition  Triple White NEIPA,"€ 7,40",Netherlands,3.80,Brouwerij Frontaal,9.5%,IPA - Triple,Can 440ml,"€ 16,82 per litre"
What Makes Larry Happy,"€ 7,60",England,3.76,Bang The Elephant Brewing Co,5.8%,Pale Ale - New Zealand,Can 440ml,"€ 17,27 per litre"
Fruit Press – NEIPA,"€ 5,25",Netherlands,3.74,Moersleutel Craft Brewery,5%,IPA - New England / Hazy,Can 440ml,"€ 11,93 per litre"
Friction –  Modern West Coast IPA,"€ 6,10",Netherlands,3.70,Moersleutel Craft Brewery,6%,IPA - Other,Can 440ml,"€ 13,86 per litre"
Haarlem Shuffle  Spelt IPA,"€ 4,10",Netherlands,3.58,Jopen,6%,Specialty Grain,Can 330ml,"€ 12,42 per litre"
Sour Candy Gose # 1,"€ 5,10",Poland,3.58,Piwne Podziemie,3.5%,Sour - Fruited Gose,Can 440ml,"€ 11,59 per litre"
Raspberry Beeret Stout,"€ 4,10",Netherlands,3.48,Jopen,8%,Stout - Other,Can 330ml,"€ 12,42 per litre"
"It's Not Me, It's I.B.U.!","€ 7,10",England,3.47,Bang The Elephant Brewing Co,7%,IPA - American,Can 440ml,"€ 16,14 per litre"
The Goat – Bock Beer,"€ 3,90",Netherlands,3.39,Brouwerij Kees,6.5%,Bock - Single / Traditional,Can 330ml,"€ 11,82 per litre"
To Bock Or Not To Bock,"€ 5,65",Netherlands,3.35,Rabauw Craft Beer,7.7%,Bock - Doppelbock,Can 440ml,"€ 12,84 per litre"
Zomerdijk Anne,"€ 14,95",Netherlands,3.35,Moersleutel,7.7%,Bock - Doppelbock,Bottle 375ml,"€ 39,87 per litre"
Hanssens: Oude Geuze 2019,"€ 8,95",Belgium,4.06,Hanssens Artisanaal,6%,Lambic - Gueuze,Bottle 375ml,"€ 23,87 per litre"
Blauw Quadrupel 2023,"€ 2,95",Belgium,3.90,Bières de Chimay,9%,Belgian Strong Dark Ale,330ml,"€ 8,94 per litre"
Blonde Tripel,"€ 6,80",Belgium,3.60,Brasserie Lupulus,8.5%,Belgian Tripel,Bottle 750ml,"€ 9,07 per litre"
Dubbel,"€ 2,45",Belgium,3.58,Brouwerij Alken-Maes,6.5%,Belgian Dubbel,330ml,"€ 7,42 per litre"
Lellebel Blond,"€ 2,85",Netherlands,3.57,Brouwerij de Eeuwige Jeugd,5.7%,Blonde / Golden Ale - Other,330ml,"€ 8,64 per litre"
Egmonds Abdijbier Biologisch Blond,"€ 3,55",Netherlands,3.54,Brouwerij Egmond,7.5%,Belgian Tripel,330ml,"€ 10,76 per litre"
Blond 6,"€ 2,35",Belgium,3.50,Abbaye de Maredsous,6%,Belgian Blonde,330ml,"€ 7,12 per litre"
Barbãr Blond Honingbier Beugelfles,"€ 3,35",Belgium,3.49,Brasserie Lefebvre,8%,Honey Beer,330ml,"€ 10,15 per litre"
Bloesem Blond,"€ 4,10",Netherlands,3.46,Gebrouwen Door Vrouwen,6.2%,Belgian Blonde,330ml,"€ 12,42 per litre"
Blonde,"€ 2,60",Belgium,3.44,Brouwerij Alken-Maes,7%,Belgian Blonde,Bottle 250ml,"€ 10,40 per litre"
IPA  Biologisch,"€ 1,85",Netherlands,3.37,Gulpener Bierbrouwerij,6%,Lager - IPL (India Pale Lager),300ml,"€ 6,17 per litre"
Nillis Alcoholvrij Trappistenbier,"€ 2,10",Netherlands,3.04,Bierbrouwerij De Koningshoeven,6%,Non-Alcoholic - Other,330ml,"€ 6,36 per litre"
Wink Wink,"€ 6,50",United States,3.82,Aslin Beer Company/ Vibrissa Beer - Front Royal Brewing Company,7%,IPA - American,473ml,"€ 13,74 per litre"
Flight Attendant Uniforms,"€ 6,00",Poland,3.71,Maltgarden,5.6%,Sour - Smoothie / Pastry,500ml,"€ 12,00 per litre"
CANTILLON Iris,"€ 32,00",Belgium,4.25,Brasserie Cantillon,6.5%,Lambic - Traditional,Bottle 750ml,"€ 42,67 per litre"
Hopwater Citra,"€ 2,70",Belgium,4.25,Siren Craft Brew,6.5%,Lambic - Traditional,Can 440ml,"€ 6,14 per litre"
Hopwater Idaho 7,"€ 2,70",Belgium,4.25,Siren Craft Brew,6.5%,Lambic - Traditional,Can 440ml,"€ 6,14 per litre"
Blondie Demons,"€ 3,79",Netherlands,3.44,Happy Demons Craft Beer,6%,Blonde / Golden Ale - Other,330ml,"€ 11,48 per litre"
ROTT.Brulee,"€ 4,29",Netherlands,4.05,ROTT. Brouwers,10.5%,Stout - Imperial / Double Pastry,330ml,"€ 13,00 per litre"
Imagine Demons: Waves,"€ 4,29",Netherlands,3.37,Happy Demons Craft Beer,7.6%,Stout - Foreign / Export,330ml,"€ 13,00 per litre"
Timmermans Oude Gueuze,"€ 7,82",Belgium,3.79,Brewery John Martin & Brewery Timmermans,6.7%,Lambic - Gueuze,Bottle 750ml,"€ 10,43 per litre"
Timmermans Oude Kriek,"€ 3,69",Belgium,3.72,Brewery John Martin & Brewery Timmermans,6.7%,Lambic - Kriek,Bottle 375ml,"€ 9,84 per litre"
Timmermans Oude Schaarbeekse Kriek Griotteke,"€ 25,57",Belgium,3.72,Brewery John Martin & Brewery Timmermans,6.7%,Lambic - Kriek,Bottle 750ml,"€ 34,09 per litre"
Timmermans Brasserie de la Taupe Brewer's Desire 2017,"€ 11,90",Belgium,3.71,Brewery John Martin & Brewery Timmermans,7.5%,Brett Beer,Bottle 750ml,"€ 15,87 per litre"
Timmermans Lambic & Stout,"€ 6,49",Belgium,3.68,Brewery John Martin & Brewery Timmermans/ Guinness,6%,Stout - Belgian,Bottle 375ml,"€ 17,31 per litre"
Ashanti 2024,"€ 45,00",Belgium,4.31,Brasserie Cantillon,5.5%,Lambic - Other,Bottle 750ml,"€ 60,00 per litre"
Promotion,"€ 8,60",United States,3.94,Aslin Beer Company,6.5%,Sour - Fruited,Can 440ml,"€ 19,55 per litre"
Java The Stout,"€ 8,60",United States,3.92,Jackie O's Brewery,6.5%,Stout - Coffee,355ml,"€ 24,23 per litre"
Must Kuld Paper Mill,"€ 6,80",Estonia,3.79,Põhjala,7.8%,Porter - Coffee,330ml,"€ 20,61 per litre"
Tropicus,"€ 7,70",Norway,3.65,Amundsen Brewery,5%,Sour - Fruited,Can 440ml,"€ 17,50 per litre"
Cumulus Lupulus,"€ 7,70",Norway,3.57,Amundsen Brewery,5.3%,IPA - New England / Hazy,Can 440ml,"€ 17,50 per litre"
Auld Dubliner,"€ 6,00",United States,3.39,DC Brau Brewing Company,5%,Red Ale - American Amber / Red,355ml,"€ 16,90 per litre"
Umbrella Proof,"€ 7,70",Denmark,3.29,Gamma Brewing Company,8%,Sour - Fruited,Can 440ml,"€ 17,50 per litre"
Manaaki Manaaki,"€ 7,50",England,4.36,Little Monster Brewing Co,8%,IPA - Imperial / Double,Can 440ml,"€ 17,05 per litre"
Yul Yul,"€ 7,50",England,4.10,Little Monster Brewing Co,8%,IPA - Imperial / Double,Can 440ml,"€ 17,05 per litre"
In Persuit,"€ 6,80",England,3.93,Three Hills Brewing,6%,IPA - New England / Hazy,Can 440ml,"€ 15,45 per litre"
Of Juice,"€ 9,00",England,3.92,Three Hills Brewing,8%,IPA - Imperial / Double New England / Hazy,Can 440ml,"€ 20,45 per litre"
Small Steps,"€ 5,20",England,3.61,Three Hills Brewing,4%,IPA - Session,Can 440ml,"€ 11,82 per litre"
BRULO 7 Hop 7 Grain DDH IPA,"€ 3,50",Scotland,3.43,BRULO,4%,Non-Alcoholic - IPA,330ml,"€ 10,61 per litre"
Lust For Life DDH IPA,"€ 3,50",Scotland,3.41,BRULO,4%,Non-Alcoholic - IPA,330ml,"€ 10,61 per litre"
Candy Flip Cantaloupe,"€ 6,23",Hungary,3.82,Brew Your Mind,7%,IPA - Milkshake,Can 440ml,"€ 14,16 per litre"
Citra Extra Extra Juicy Bits (canned: 31-7-24),"€ 9,99",United States,4.35,WeldWerks Brewing Co.,8.6%,IPA - Imperial / Double New England / Hazy,473ml,"€ 21,12 per litre"
Maison Ferre Demi Sec Le Prefere de Marie Bio,"€ 8,95",France,3.44,La Maison Ferré,4.8%,Cider - Traditional / Apfelwein,Bottle 750ml,"€ 11,93 per litre"
Heemsteedsch Gerstenat 2023 Pale Ale,"€ 3,35",Netherlands,3.39,De Gekroonde Merlet,5.2%,Pale Ale - American,330ml,"€ 10,15 per litre"
Kenau Bier Blond,"€ 3,25",Netherlands,3.35,Hollandse Staatsbrouwerijen,6%,Blonde / Golden Ale - Other,330ml,"€ 9,85 per litre"
Hohenthanner Winterfestbier,"€ 2,29",Germany,3.33,Hohenthanner Schlossbrauerei,5.8%,Festbier,500ml,"€ 4,58 per litre"
Hohenthanner Weißbier Alkoholfrei,"€ 2,19",Germany,2.94,Hohenthanner Schlossbrauerei,0.5%,Non-Alcoholic - Wheat,500ml,"€ 4,38 per litre"
"Turkey Dressing Fruit Sour 0,44","€ 6,99",Germany,4.17,Sudden Death Brewing Co.,0.5%,Sour - Fruited,Can 440ml,"€ 15,89 per litre"
Blades Of Steel 2 DDH IPA,"€ 6,69",Germany,4.11,Sudden Death Brewing Co.,6.5%,IPA - New England / Hazy,Can 440ml,"€ 15,20 per litre"
Sudden Death x Adroit Theory Funeral Clown Fruit Sour,"€ 7,49",Germany,4.08,Sudden Death Brewing Co.,6.66%,Sour - Smoothie / Pastry,Can 440ml,"€ 17,02 per litre"
Hazedelic Daydream Triple DH DIPA,"€ 6,99",Germany,4.02,Sudden Death Brewing Co.,8%,IPA - Imperial / Double,Can 440ml,"€ 15,89 per litre"
Crystal Death DDH IPA,"€ 6,59",Germany,4.01,Sudden Death Brewing Co.,6.5%,IPA - New England / Hazy,Can 440ml,"€ 14,98 per litre"
Sudden Death x Frontaal The Mighty Nineties Rave Machine West Coast IPA,"€ 5,99",Germany,3.93,Sudden Death Brewing Co.,7.2%,IPA - American,Can 440ml,"€ 13,61 per litre"
Lübecker Kellerpils (Wet Hop Pilsener),"€ 5,99",Germany,3.80,Sudden Death Brewing Co.,4.8%,Pilsner - German,Can 440ml,"€ 13,61 per litre"
Ott Original Obaladara - 5 Liter Fass,"€ 18,00",United States,3.91,Sonder Brewing,8.1%,Stout - American,5000ml,"€ 3,60 per litre"
Andechs Weissbier Hell,"€ 2,60",Germany,3.71,Klosterbrauerei Andechs,5%,Wheat Beer - Hefeweizen,500ml,"€ 5,20 per litre"
Weissbier,"€ 2,80",Germany,3.67,Familienbrauerei Jacob,5.3%,Wheat Beer - Hefeweizen,500ml,"€ 5,60 per litre"
Franziskaner Royal,"€ 3,35",Germany,3.67,Spaten-Franziskaner-Löwenbräu-Gruppe,6%,Wheat Beer - Dunkelweizen,500ml,"€ 6,70 per litre"
Rothaus Hefeweizen,"€ 2,80",Germany,3.59,Badische Staatsbrauerei Rothaus,5.4%,Wheat Beer - Hefeweizen,500ml,"€ 5,60 per litre"
Engel Hefeweizen,"€ 2,95",Germany,3.52,Biermanufaktur ENGEL,5.2%,Wheat Beer - Hefeweizen,500ml,"€ 5,90 per litre"
Kellerbier,"€ 2,90",Germany,3.51,Hacker-Pschorr,5.5%,Kellerbier / Zwickelbier,500ml,"€ 5,80 per litre"
DSN TEN: Rye Specialty Cask #1 - Union Horse Rye,"€ 37,80",United States,4.28,Bottle Logic Brewing,14.75%,Stout - Imperial / Double,500ml,"€ 75,60 per litre"
DSN TEN: Rye Specialty Cask #3 - Rittenhouse Rye,"€ 37,80",United States,4.26,Bottle Logic Brewing,14.04%,Stout - Imperial / Double,500ml,"€ 75,60 per litre"
Midnight Maple,"€ 11,21",Poland,4.33,Browar Stu Mostów,13.5%,Stout - Imperial / Double Pastry,330ml,"€ 33,97 per litre"
Singularity WFP07,"€ 159,99",United States,4.51,Moksa Brewing Co,12.4%,Stout - Imperial / Double,330ml,"€ 33,97 per litre"
PM Dawn,"€ 19,95",United States,4.28,Trillium Brewing Company,9%,Stout - Imperial / Double Coffee,330ml,"€ 33,97 per litre"
O.W.K (2018),"€ 3.499,99",United States,4.93,Side Project Brewing,15%,Stout - Imperial / Double,330ml,"€ 33,97 per litre"
Chiemseer Hell,"€ 4,40",Germany,3.50,Auerbräu Rosenheimer Spezialitätenbrauerei,5%,Lager - Helles,500ml,"€ 8,80 per litre"
Flotzinger Hell Alcohol Free,"€ 2,70",Germany,?,Flötzinger Bräu,5%,Lager - Helles,330ml,"€ 8,18 per litre"
Mansueto 2023,"€ 13,00",Italy,4.36,CRAK Brewery,13%,Barleywine - English,Bottle 375ml,"€ 34,67 per litre"
DDF Caterpillar Cake,"€ 9,50",Scotland,4.34,Vault City Brewing,14.5%,Stout - Imperial / Double Pastry,330ml,"€ 28,79 per litre"
La Bière Des Clans 2.0,"€ 11,49",Canada,4.35,Messorem,8.6%,IPA - Imperial / Double New England / Hazy,473ml,"€ 24,29 per litre"
Triple Statim Finis,"€ 11,79",Canada,4.35,Messorem,10.6%,IPA - Triple,473ml,"€ 24,93 per litre"
Shark Punch Braaaaaaaains,"€ 11,69",United States,4.32,Drekker Brewing Company,6.5%,Sour - Smoothie / Pastry,473ml,"€ 24,71 per litre"
TDH PUNGE (Motueka And Nelson Sauvin),"€ 12,99",United States,4.32,Tired Hands Brewing Company,8.3%,IPA - Imperial / Double New England / Hazy,473ml,"€ 27,46 per litre"
Eviscerated Pathway of Beauty,"€ 11,99",United States,4.28,Tired Hands Brewing Company,8.6%,IPA - Imperial / Double,473ml,"€ 25,35 per litre"
Mandarin Alien Church,"€ 10,99",United States,3.83,Tired Hands Brewing Company,7%,IPA - New England / Hazy,473ml,"€ 23,23 per litre"
Otto (2024),"€ 68,99",United States,4.35,Perennial Artisan Ales,13.8%,Stout - Imperial / Double Pastry,Bottle 750ml,"€ 91,99 per litre"
Citra Extra Extra Juicy Bits,"€ 9,99",United States,4.35,WeldWerks Brewing Co.,8.6%,IPA - Imperial / Double New England / Hazy,473ml,"€ 21,12 per litre"
King Sue,"€ 9,99",United States,4.30,Toppling Goliath Brewing Co.,7.8%,IPA - Imperial / Double New England / Hazy,473ml,"€ 21,12 per litre"
Transmountain Diversion,"€ 9,99",United States,4.30,WeldWerks Brewing Co.,8.7%,IPA - Imperial / Double New England / Hazy,473ml,"€ 21,12 per litre"
Mosaic Mamba,"€ 10,49",United States,4.11,Toppling Goliath Brewing Co.,8.5%,IPA - Imperial / Double,473ml,"€ 22,18 per litre"
Triple Presto Change-o,"€ 11,99",United States,4.32,Hop Butcher For The World,10.5%,IPA - Triple New England / Hazy,473ml,"€ 25,35 per litre"
Lupulin Reserves,"€ 11,49",United States,4.22,Equilibrium Brewery,10.5%,IPA - Triple,473ml,"€ 24,29 per litre"
Onyx Fly,"€ 10,99",United States,4.19,Hop Butcher For The World,7.5%,IPA - Imperial / Double New England / Hazy,473ml,"€ 23,23 per litre"
Your Wish Is Hazy,"€ 10,99",United States,4.18,Hop Butcher For The World,8%,IPA - Imperial / Double New England / Hazy,473ml,"€ 23,23 per litre"
Ghost In the Laboratory (Batch 3),"€ 9,99",United States,4.08,Equilibrium Brewery,8.5%,IPA - Imperial / Double New England / Hazy,473ml,"€ 21,12 per litre"
Hidden Harmony,"€ 9,49",United States,4.01,Equilibrium Brewery,8%,IPA - Imperial / Double,473ml,"€ 20,06 per litre"
Stellar Evolution,"€ 9,49",United States,4.00,Equilibrium Brewery,8%,IPA - Imperial / Double,473ml,"€ 20,06 per litre"
Element: Hydrogen,"€ 9,49",United States,3.97,Equilibrium Brewery,8%,IPA - Imperial / Double,473ml,"€ 20,06 per litre"
Protostar,"€ 7,99",United States,3.93,Equilibrium Brewery,6%,IPA - American,473ml,"€ 16,89 per litre"
Borrowed Brilliance,"€ 11,99",United States,4.32,Timber Ales,12%,Stout - Imperial / Double,473ml,"€ 25,35 per litre"
Secret Heady Quarters,"€ 10,99",United States,4.30,DankHouse Brewing Company,10%,IPA - Triple New England / Hazy,473ml,"€ 23,23 per litre"
Solvem Probler,"€ 11,79",Canada,4.20,Wood Brothers Brewing Co.,8%,IPA - Imperial / Double New England / Hazy,473ml,"€ 24,93 per litre"
I Love The Smell Of Superdelic In The Morning,"€ 6,75",Czech Republic,4.03,Sibeeria,6.3%,IPA - New England / Hazy,500ml,"€ 13,50 per litre"
Infinite Ghost (2024),"€ 12,99",United States,4.40,Parish Brewing Co.,8%,IPA - Imperial / Double New England / Hazy,473ml,"€ 27,46 per litre"
Temporalis #0022,"€ 11,79",Canada,4.32,Messorem,10.3%,IPA - Triple New England / Hazy,473ml,"€ 24,93 per litre"
I Can't Afford To Be Here,"€ 10,99",Canada,4.23,Wood Brothers Brewing Co.,6.2%,IPA - New England / Hazy,473ml,"€ 23,23 per litre"
Spelling Expirt,"€ 10,99",Canada,4.14,Wood Brothers Brewing Co.,8%,IPA - Imperial / Double New England / Hazy,473ml,"€ 23,23 per litre"
Sauvignon Sipper,"€ 11,79",Canada,4.11,Wood Brothers Brewing Co.,8.4%,IPA - Imperial / Double New England / Hazy,473ml,"€ 24,93 per litre"
All the Citra In the World,"€ 11,99",United States,4.10,Spyglass Brewing Company,8.2%,IPA - Imperial / Double New England / Hazy,473ml,"€ 25,35 per litre"
Baby Ghost,"€ 9,49",United States,4.10,Parish Brewing Co.,5%,IPA - New England / Hazy,473ml,"€ 20,06 per litre"
Lupulin Labyrinth,"€ 10,99",Canada,4.07,Wood Brothers Brewing Co.,6.1%,IPA - New England / Hazy,473ml,"€ 23,23 per litre"
Galactic Gusher,"€ 11,79",Canada,4.07,Wood Brothers Brewing Co.,8%,IPA - Imperial / Double New England / Hazy,473ml,"€ 24,93 per litre"
Ridgeline,"€ 7,40",Norway,4.18,Salikatt Bryggeri,10%,IPA - Triple New England / Hazy,Can 440ml,"€ 16,82 per litre"
Fluid Mechanics,"€ 6,90",Norway,4.14,Salikatt Bryggeri,8%,IPA - Imperial / Double New England / Hazy,Can 440ml,"€ 15,68 per litre"
Daemon Engine,"€ 7,75",England,4.05,Azvex Brewing Company,8.2%,IPA - Imperial / Double,Can 440ml,"€ 17,61 per litre"
Cymatic Sand,"€ 6,50",England,3.91,Azvex Brewing Company,6.5%,IPA - New England / Hazy,Can 440ml,"€ 14,77 per litre"
Evil Haze,"€ 8,99",United States,4.06,Beer Zombies Brewing Co.,9.67%,IPA - Imperial / Double New England / Hazy,473ml,"€ 19,01 per litre"
Zombie Mania,"€ 8,99",United States,4.02,Beer Zombies Brewing Co.,10.5%,IPA - Triple New England / Hazy,473ml,"€ 19,01 per litre"
A Nightmare On Haze Street,"€ 8,99",United States,3.83,Beer Zombies Brewing Co.,8.6%,IPA - Imperial / Double New England / Hazy,473ml,"€ 19,01 per litre"
G13 Dank Double,"€ 3,99",United States,3.76,SweetWater Brewing Company,9%,IPA - Imperial / Double New England / Hazy,473ml,"€ 19,01 per litre"
Tropical High,"€ 3,69",United States,3.73,SweetWater Brewing Company,6.2%,IPA - New England / Hazy,473ml,"€ 19,01 per litre"
Churro Stand,"€ 6,99",United States,3.69,Castellum Ciders,5.5%,Cider - Sweet,473ml,"€ 19,01 per litre"
420 Mango Crush,"€ 3,69",United States,3.64,SweetWater Brewing Company,4.8%,Pale Ale - Fruited,473ml,"€ 19,01 per litre"
Shiner Bock,"€ 5,49",United States,3.50,Spoetzl Brewery,4.4%,Bock - Single / Traditional,355ml,"€ 15,46 per litre"
Gummies Tropical,"€ 3,99",United States,3.14,SweetWater Brewing Company,9.5%,IPA - Imperial / Double,355ml,"€ 15,46 per litre"
Gummies Fruit Punch,"€ 3,99",United States,2.89,SweetWater Brewing Company,9.5%,IPA - Imperial / Double,,
Fiend Without A Face (Ghost FIEND),"€ 10,49",United States,4.23,Adroit Theory,10.2%,IPA - Triple New England / Hazy,473ml,"€ 22,18 per litre"
Colonization (Ghost Colonization),"€ 10,49",United States,4.23,Adroit Theory,10.2%,IPA - Triple New England / Hazy,473ml,"€ 22,18 per litre"
All That I Have Learned (Ghost 1587),"€ 13,49",United States,4.21,Adroit Theory,16.6%,Stout - Russian Imperial,473ml,"€ 28,52 per litre"
RIOT (Ghost RIOT),"€ 10,49",United States,4.19,Adroit Theory,10%,IPA - Triple New England / Hazy,473ml,"€ 22,18 per litre"
Djinn (Ghost DJINN),"€ 12,99",United States,4.08,Adroit Theory,12%,Stout - Russian Imperial,473ml,"€ 27,46 per litre"
Imagination Atrophy (Ghost 1193),"€ 10,49",United States,3.89,Adroit Theory,8%,Stout - Milk / Sweet,473ml,"€ 22,18 per litre"
De Koperen Kat Delftse Donderslag,"€ 3,50",Netherlands,3.29,Delft City Brewery De Koperen Kat,7%,Bock - Single / Traditional,330ml,"€ 10,61 per litre"
On & On Part 3 / Half Acre,"€ 22,99",United States,4.32,Revolution Brewing Company,16.6%,Stout - Other,330ml,"€ 10,61 per litre"
Red Velvet Cake Stout,"€ 8,99",United States,3.81,WeldWerks Brewing Co.,7%,Stout - Pastry,330ml,"€ 10,61 per litre"
Tropical Gose,"€ 3,30",Poland,3.89,Browar Stu Mostów,3.5%,Sour - Fruited Gose,Bottle 500ml,"€ 6,60 per litre"
Smauk,"€ 10,00",Germany,3.89,Kemker Kultuur (Brauerei J. Kemker),7%,Sour - Other,Bottle 375ml,"€ 26,67 per litre"
Yorkshire Stingo,"€ 6,50",England,3.82,Samuel Smith,8%,Strong Ale - English,550ml,"€ 11,82 per litre"
Cuvee Clarisse Wild Weasel Whisky Infused,"€ 3,05",Belgium,3.75,Brouwerij Wilderen,10.2%,Belgian Strong Dark Ale,330ml,"€ 9,24 per litre"
Moinette Biologique,"€ 6,95",Belgium,3.61,Brasserie Dupont,7.5%,Farmhouse Ale - Saison,Bottle 750ml,"€ 9,27 per litre"
Hercule Stout,"€ 3,60",Belgium,3.58,Brasserie des Légendes,9%,Stout - Belgian,330ml,"€ 10,91 per litre"
Adriaen Brouwer Tripel,"€ 2,40",Belgium,3.58,Brouwerij Roman,9%,Belgian Tripel,330ml,"€ 10,91 per litre"
Ename Tripel,"€ 2,55",Belgium,3.55,Brouwerij Roman,8.5%,Belgian Tripel,330ml,"€ 7,73 per litre"
Quadrupel 10,"€ 2,95",Belgium,3.51,Fort Lapin Brewery,10%,Belgian Quadrupel,330ml,"€ 8,94 per litre"
Witkap Pater Tripel,"€ 2,55",Belgium,3.48,Brouwerij Slaghmuylder,7.5%,Belgian Tripel,330ml,"€ 7,73 per litre"
Steenuilke,"€ 6,95",Belgium,3.46,Brouwerij De Ryck,6.5%,Spiced / Herbed Beer,Bottle 750ml,"€ 9,27 per litre"
Tripel,"€ 2,90",Netherlands,3.38,Brouwerij De 7 Deugden,7.5%,Belgian Tripel,330ml,"€ 8,79 per litre"
Barbar Rouge,"€ 2,65",Belgium,3.35,Brasserie Lefebvre,8%,Honey Beer,330ml,"€ 8,03 per litre"
Stout en Moedig,"€ 3,05",Netherlands,3.30,Brouwerij De 7 Deugden,7.5%,Stout - Coffee,330ml,"€ 9,24 per litre"
Yule Juice,"€ 6,60",Denmark,3.73,Amager Bryghus,6.5%,IPA - New England / Hazy,Can 440ml,"€ 15,00 per litre"
Secret Santa,"€ 7,30",Denmark,3.45,Amager Bryghus,10.5%,Belgian Quadrupel,Can 440ml,"€ 16,59 per litre"
Hefe Weizen,"€ 2,90",Germany,3.70,Brauerei Zehendner,5.5%,Wheat Beer - Hefeweizen,500ml,"€ 5,80 per litre"
Wagner Weisse,"€ 1,90",Germany,3.51,Brauerei Wagner Merkendorf,5.3%,Wheat Beer - Hefeweizen,500ml,"€ 3,80 per litre"
Bock Hell,"€ 2,60",Germany,3.46,Brauerei Wagner Merkendorf,7.5%,Bock - Single / Traditional,500ml,"€ 5,20 per litre"
Lagerbier ungespundet,"€ 2,00",Germany,3.36,Brauerei Wagner Merkendorf,5.3%,Kellerbier / Zwickelbier,500ml,"€ 4,00 per litre"
aU Ungespundet Naturtrüb,"€ 3,49",Germany,3.58,Mahr's Bräu,5.2%,Kellerbier / Zwickelbier,500ml,"€ 6,98 per litre"
Helles,"€ 3,49",Germany,3.52,Mahr's Bräu,4.9%,Lager - Helles,500ml,"€ 6,98 per litre"
E.T.A. Hoffmann,"€ 3,49",Germany,3.51,Mahr's Bräu,5%,Lager - Munich Dunkel,500ml,"€ 6,98 per litre"
Red Shirt Rodeo Riding,"€ 5,49",Netherlands,3.50,Uiltje Brewing Company,5.7%,IPA - Red,Can 440ml,"€ 12,48 per litre"
Pils,"€ 3,49",Germany,3.48,Mahr's Bräu,4.9%,Pilsner - German,500ml,"€ 6,98 per litre"
Helles Schlenkerla Lagerbier,"€ 3,49",Germany,3.48,"Schlenkerla (""Heller-Bräu"" Trum)",4.3%,Lager - Helles,500ml,"€ 6,98 per litre"
Zwergla,"€ 3,29",Germany,3.44,Privatbrauerei Fässla Bamberg,6%,Lager - Munich Dunkel,500ml,"€ 6,58 per litre"
Lagerbier,"€ 3,29",Germany,3.43,Privatbrauerei Fässla Bamberg,5.5%,Lager - Amber / Red,500ml,"€ 6,58 per litre"
Gold-Pils,"€ 3,29",Germany,3.39,Privatbrauerei Fässla Bamberg,5.5%,Pilsner - German,500ml,"€ 6,58 per litre"
Biscotti Afterparty,"€ 4,29",Netherlands,3.24,Uiltje Brewing Company,5.6%,Porter - Other,330ml,"€ 13,00 per litre"
Rackhouse: Vanilla Dreams,"€ 27,60",Norway,4.31,LERVIG,13.1%,Stout - Imperial / Double,Bottle 375ml,"€ 73,60 per litre"
Rackhouse: Paragon 2022,"€ 27,60",Norway,4.30,LERVIG,14.4%,Barleywine - Other,Bottle 375ml,"€ 73,60 per litre"
Eunomia,"€ 7,50",England,3.94,Tartarus Beers,6.1%,Porter - Coffee,Can 440ml,"€ 17,05 per litre"
King Rufus,"€ 10,10",Norway,3.77,LERVIG,15.6%,Barleywine - English,Can 330ml,"€ 30,61 per litre"
Eirene,"€ 7,50",England,3.76,Tartarus Beers,6.1%,Sour - Fruited,Can 440ml,"€ 17,05 per litre"
Lite Pilsner,"€ 4,70",Norway,2.93,LERVIG,4.5%,Gluten-Free,Can 500ml,"€ 9,40 per litre"
Dike,"€ 7,50",Norway,2.93,Tartarus,6.1%,Gluten-Free,Can 440ml,"€ 17,05 per litre"
Elmeleven I Want To Leave,"€ 7,95",Sweden,4.17,Elmeleven,4.7%,Sour - Smoothie / Pastry,Can 440ml,"€ 18,07 per litre"
Where the Hops Have No Name,"€ 3,95",Sweden,3.71,Brewski,7%,IPA - New England / Hazy,330ml,"€ 11,97 per litre"
For the Love of Hops 'Turquoise',"€ 5,75",Netherlands,3.70,Brouwerij Frontaal,5.5%,IPA - New England / Hazy,Can 440ml,"€ 13,07 per litre"
The Baron,"€ 5,90",England,3.97,DMC Brewery,5.5%,Hard Ginger Beer,Can 440ml,"€ 13,41 per litre"
Valley Life,"€ 6,30",England,3.64,Ideal Day,5%,Pale Ale - Belgian,Bottle 500ml,"€ 12,60 per litre"
Ideal Day Climbing Trees,"€ 6,00",England,3.13,Partizan Brewing,4.8%,Farmhouse Ale - Saison,Bottle 500ml,"€ 12,00 per litre"
Dubbelbock,"€ 3,10",Netherlands,3.56,Brouwerij Artemis,8.5%,Bock - Doppelbock,330ml,"€ 9,39 per litre"
Houtgerijpte Rook Dubbelbock,"€ 3,00",Netherlands,3.44,Duits & Lauret,7.5%,Bock - Doppelbock,330ml,"€ 9,09 per litre"
Chocolate Fudge Brownie Stout,"€ 7,49",England,3.86,Northern Monk,8.4%,Stout - Imperial / Double Pastry,Can 440ml,"€ 17,02 per litre"
Patrons Project 18.07 // Sandy Kerr // North Sea Sessions // Pipeline Brewing,"€ 6,49",England,3.85,Northern Monk,5%,Pale Ale - New Zealand,Can 440ml,"€ 14,75 per litre"
"Fresh From // Hop Focus // Pacific Sunrise, Belma, Strata","€ 6,29",England,3.76,Northern Monk,5.3%,IPA - American,Can 440ml,"€ 14,30 per litre"
Patrons Project 43.03 // Great Northern Grub // Jamie Nash // Trifle Ale,"€ 6,99",England,3.63,Northern Monk,6%,Pale Ale - Fruited,Can 440ml,"€ 15,89 per litre"
Deus Brut des Flandres,"€ 18,95",Belgium,3.88,Brouwerij Bosteels,11.5%,Bière de Champagne / Bière Brut,Bottle 750ml,"€ 25,27 per litre"
Double Haze,"€ 3,40",Netherlands,3.72,Brouwerij Kees,8.5%,IPA - Imperial / Double New England / Hazy,330ml,"€ 10,30 per litre"
Becher Bock,"€ 2,20",Germany,3.61,Becher Bräu,7.5%,Bock - Single / Traditional,500ml,"€ 4,40 per litre"
Günther Bockbier Dunkel,"€ 2,00",Germany,3.60,Günther-Bräu,7.5%,Bock - Single / Traditional,500ml,"€ 4,00 per litre"
Manns Bräu - Schankbier,"€ 2,20",Germany,3.07,Manns Bräu,2.8%,Table Beer,500ml,"€ 4,40 per litre"
Altbairisch Dunkel,"€ 2,19",Germany,3.70,Ayinger Privatbrauerei,5%,Lager - Munich Dunkel,500ml,"€ 4,38 per litre"
Jahrhundert Bier,"€ 2,19",Germany,3.58,Ayinger Privatbrauerei,5.5%,Lager - Dortmunder / Export,500ml,"€ 4,38 per litre"
Hamburger Deich,"€ 2,90",Germany,3.76,BillBrew,5%,Lager - Helles,500ml,"€ 5,80 per litre"
Henrici Bock,"€ 2,20",Germany,3.50,Schlossbrauerei Reckendorf,7%,Bock - Single / Traditional,500ml,"€ 4,40 per litre"
Oude Geuze Brett Elle,"€ 11,00",Belgium,4.01,Lambiek Fabriek,5.5%,Lambic - Gueuze,Bottle 750ml,"€ 14,67 per litre"
Balcones Edition 2024  Imperial Milkstout,"€ 6,25",Netherlands,3.92,Brouwerij de Molen,11.7%,Stout - Imperial / Double,330ml,"€ 18,94 per litre"
Deer Hunter BA (2024),"€ 6,60",Netherlands,4.21,Brouwerij Frontaal,10.5%,Stout - Russian Imperial,330ml,"€ 20,00 per litre"
Life Is Perception,"€ 11,50",Romania,4.19,Blackout Brewing,10.5%,Stout - Imperial / Double,330ml,"€ 34,85 per litre"
Weller BA Prey On Society,"€ 10,50",Romania,4.17,Blackout Brewing,12%,Barleywine - Other,330ml,"€ 31,82 per litre"
World Is Decay,"€ 11,50",Romania,4.11,Blackout Brewing,11%,Stout - Imperial / Double,330ml,"€ 34,85 per litre"
Northern Monk / Moersleutel Patrons Project 38.04 Adrian Baxter Sloth,"€ 7,50",England,4.01,Northern Monk,8.4%,Stout - Imperial / Double Pastry,Can 440ml,"€ 17,05 per litre"
Deer Hunter (2024),"€ 5,23",Netherlands,3.98,Brouwerij Frontaal,10%,Stout - Russian Imperial,330ml,"€ 15,85 per litre"
Stereotrip,"€ 7,50",Romania,3.96,Blackout Brewing,8%,IPA - Imperial / Double New England / Hazy,Can 440ml,"€ 17,05 per litre"
Spruce It Up,"€ 5,95",England,3.95,Vocation Brewery,7.4%,Stout - Other,Can 440ml,"€ 13,52 per litre"
Chocolate Fudge Brownie,"€ 7,50",England,3.90,Northern Monk,8.4%,Stout - Milk / Sweet,Can 440ml,"€ 17,05 per litre"
For The Love Of Hops Indigo,"€ 6,61",Netherlands,3.80,Brouwerij Frontaal,9.5%,IPA - Triple,Can 440ml,"€ 15,02 per litre"
Double Up on Xmas,"€ 7,10",Denmark,3.79,Amager Bryghus,9%,IPA - Imperial / Double New England / Hazy,Can 440ml,"€ 16,14 per litre"
Northern Monk / Amy Hastings Faith In Futures,"€ 7,10",England,3.77,Northern Monk,6.5%,IPA - New England / Hazy,Can 440ml,"€ 16,14 per litre"
Reindeer Fuel 2024,"€ 7,20",Denmark,3.77,Amager Bryghus,10%,Barleywine - Other,Can 440ml,"€ 16,36 per litre"
California Christmas,"€ 7,20",Denmark,3.73,Amager Bryghus,11%,Stout - Imperial / Double Pastry,Can 440ml,"€ 16,36 per litre"
For The Love Of Hops Turquoise,"€ 5,46",Netherlands,3.70,Brouwerij Frontaal,5.5%,IPA - New England / Hazy,Can 440ml,"€ 12,41 per litre"
Insel Quadriga Imperial Brut,"€ 17,50",Germany,3.61,Rügener Insel-Brauerei,10.5%,Bière de Champagne / Bière Brut,Bottle 750ml,"€ 23,33 per litre"
Frontaal / Oldtimers Drop Bock,"€ 4,66",Netherlands,3.61,Brouwerij Frontaal,7.5%,Bock - Doppelbock,330ml,"€ 14,12 per litre"
Can't Catch Me,"€ 6,75",England,3.57,Vocation Brewery,8.4%,Stout - Other,Can 440ml,"€ 15,34 per litre"
Kompaan Battle Royale Ale Bait,"€ 5,20",Netherlands,3.51,KOMPAAN Dutch Craft Beer Company,4%,IPA - Session,Can 440ml,"€ 11,82 per litre"
Kompaan Iron Heart,"€ 4,95",Netherlands,3.44,KOMPAAN Dutch Craft Beer Company,6.2%,Farmhouse Ale - Saison,Can 440ml,"€ 11,25 per litre"
Herfstbock,"€ 2,25",Netherlands,3.30,Gulpener Bierbrouwerij,6.5%,Bock - Single / Traditional,300ml,"€ 7,50 per litre"
Brasserie Gôde Gôde Brut Methode Originale,"€ 29,95",Netherlands,3.30,Brasserie Gode,11.5%,Cadeau Tip,Bottle 750ml,"€ 39,93 per litre"
Frontaal / Arpus Lidmašīnas,"€ 6,18",Netherlands,3.30,Frontaal,10%,Stout,Can 440ml,"€ 14,05 per litre"
Fizz the Season,"€ 6,75",Netherlands,3.30,Vocation,7%,IPA,Can 440ml,"€ 15,34 per litre"
Hugin Imperial Coffee Stout Tennessee Whiskey Barrel,"€ 13,50",Norway,4.24,RYGR Brygghús,12.5%,Stout - Imperial / Double Coffee,330ml,"€ 40,91 per litre"
"Grande Réserve Fermentée En Barriques - Chêne Français, Chêne Américain, Brandy (02/2024)","€ 14,95",Belgium,4.12,Bières de Chimay,10.5%,Belgian Strong Dark Ale,Bottle 375ml,"€ 39,87 per litre"
Flint,"€ 33,00",Netherlands,4.21,Tommie Sjef,7.9%,Wild Ale - Other,Bottle 750ml,"€ 44,00 per litre"
Dream Nelson Sauvin,"€ 6,00",Belgium,3.78,Brasserie Surréaliste,6.5%,IPA - American,Can 440ml,"€ 13,64 per litre"
Hopjuliska,"€ 2,90",Hungary,3.57,UGAR Brewery,6%,Pale Ale - American,330ml,"€ 8,79 per litre"
First Palmistry,"€ 6,10",Hungary,3.46,FIRST Craft Beer,10.5%,Stout - Imperial / Double,330ml,"€ 18,48 per litre"
Superside OLIM-PIA,"€ 2,90",Hungary,3.34,Yeast Side,6%,Stout - Milk / Sweet,500ml,"€ 5,80 per litre"
Shake Smores,"€ 8,40",Scotland,4.04,Vault City Brewing,6.2%,Sour - Smoothie / Pastry,Can 440ml,"€ 19,09 per litre"
"Grande Réserve Fermentée En Barriques - Chêne Français, Chêne Américain, Brandy (02/2024)","€ 26,95",Belgium,4.12,Bières de Chimay,10.5%,Belgian Strong Dark Ale,Bottle 750ml,"€ 35,93 per litre"
Only Noodles Michael,"€ 7,40",England,2.75,Brew York,4.5%,Pale Ale - Fruited,Can 440ml,"€ 16,82 per litre"
Stereotrip,"€ 6,95",Romania,3.96,Blackout Brewing,8%,IPA - Imperial / Double New England / Hazy,Can 440ml,"€ 15,80 per litre"
Cloudscape,"€ 6,95",Norway,3.94,Salikatt Bryggeri,7%,IPA - New England / Hazy,Can 440ml,"€ 15,80 per litre"
Cymatic Sand,"€ 6,50",England,3.91,Azvex Brewing Company,6.5%,IPA - New England / Hazy,Can 440ml,"€ 14,77 per litre"
Can I Lick It?,"€ 4,50",Netherlands,3.74,Cockroach Brew,8.5%,IPA - Imperial / Double New England / Hazy,Can 440ml,"€ 10,23 per litre"
Yule Juice,"€ 5,95",Denmark,3.73,Amager Bryghus,6.5%,IPA - New England / Hazy,Can 440ml,"€ 13,52 per litre"
Soulfly - Prophecy of the Hops,"€ 4,95",Austria,3.70,Brauhaus Bevog,4.3%,IPA - Session,500ml,"€ 9,90 per litre"
Ecorce 2024,"€ 7,50",France,4.22,Sacrilège,8.4%,Sour - Flanders Oud Bruin,330ml,"€ 22,73 per litre"
All Sure Things,"€ 10,00",Wales,4.15,Polly's Brew Co.,10%,IPA - Triple New England / Hazy,Can 440ml,"€ 22,73 per litre"
Iris 2024,"€ 30,00",Belgium,4.14,Brasserie Cantillon,6.5%,Lambic - Traditional,Bottle 750ml,"€ 40,00 per litre"
Framboise,"€ 6,80",France,4.08,Sacrilège,5.5%,Wild Ale - Other,330ml,"€ 20,61 per litre"
La Combe 2024,"€ 6,50",France,4.03,Sacrilège,5.8%,Grape Ale - Other,330ml,"€ 19,70 per litre"
Cuvée Bourgeon 2024,"€ 6,50",France,4.02,Sacrilège,6.5%,Grape Ale - Other,330ml,"€ 19,70 per litre"
Social Battery (Norm collaboration),"€ 8,60",Romania,4.02,Hop Hooligans,8%,IPA - Imperial / Double New England / Hazy,500ml,"€ 17,20 per litre"
Stress Less,"€ 5,95",Romania,3.97,Hop Hooligans,6%,IPA - New England / Hazy,500ml,"€ 11,90 per litre"
Cuvée Courson 2024,"€ 6,50",France,3.96,Sacrilège,5.5%,Grape Ale - Other,330ml,"€ 19,70 per litre"
Emergency Meeting (Maktoob collaboration),"€ 5,95",Romania,3.90,Hop Hooligans,6%,IPA - New England / Hazy,500ml,"€ 11,90 per litre"
Peche,"€ 6,80",France,3.89,Sacrilège,5.3%,Sour - Fruited,330ml,"€ 20,61 per litre"
Flora Fauna Air Water,"€ 7,80",Wales,3.87,Polly's Brew Co.,6%,Sour - Fruited Gose,Can 440ml,"€ 17,73 per litre"
Bookworm (Cărtureşti collaboration),"€ 5,50",Romania,3.86,Hop Hooligans,6%,Lager - Other,500ml,"€ 11,00 per litre"
Buried In Riches,"€ 5,95",Romania,3.85,Hop Hooligans,6%,IPA - New England / Hazy,500ml,"€ 11,90 per litre"
Resin Hell,"€ 6,50",Romania,3.80,Hop Hooligans,6%,IPA - American,500ml,"€ 13,00 per litre"
Abricot,"€ 6,80",France,3.79,Sacrilège,5.4%,Wild Ale - Other,330ml,"€ 20,61 per litre"
Shock Therapy v54,"€ 5,95",Romania,3.65,Hop Hooligans,6.5%,IPA - American,500ml,"€ 11,90 per litre"
Saison Antoine,"€ 5,00",France,3.55,Sacrilège,5.4%,Farmhouse Ale - Saison,330ml,"€ 15,15 per litre"
Wriggle,"€ 17,40",United States,4.09,Monkish Brewing Co.,10.1%,IPA - Triple New England / Hazy,473ml,"€ 36,79 per litre"
Made of Stone,"€ 10,80",Scotland,4.13,Overtone Brewing Co,10%,Stout - Imperial / Double,Can 440ml,"€ 24,55 per litre"
Shuffle,"€ 4,40",Scotland,3.60,Overtone Brewing Co,4.5%,Pale Ale - Other,Can 440ml,"€ 10,00 per litre"
Ankou - Whiskey BA (Silver Series),"€ 10,49",Estonia,4.36,Pühaste Brewery,14.5%,Stout - Imperial / Double,330ml,"€ 31,79 per litre"
HERE COMES THE GERÔNIMO,"€ 6,99",Brazil,4.18,Salvador Brewing Co.,8%,IPA - Imperial / Double New England / Hazy,Can 440ml,"€ 15,89 per litre"
All the Beatiful Things,"€ 6,99",Brazil,4.17,Cervejaria Escafandrista,8%,IPA - Imperial / Double New England / Hazy,Can 440ml,"€ 15,89 per litre"
MIROBOLANTE,"€ 14,99",France,3.90,Brasserie La Malpolon,6%,Wild Ale - Other,Can 440ml,"€ 15,89 per litre"
2014 - 10 Years of Brewski,"€ 4,69",Sweden,3.88,Brewski,6%,Sour - Fruited Berliner Weisse,330ml,"€ 14,21 per litre"
Fetingen,"€ 3,99",Sweden,3.81,Brewski,8%,IPA - Imperial / Double New England / Hazy,330ml,"€ 12,09 per litre"
T-Horse,"€ 3,69",Sweden,3.79,Brewski,8.5%,IPA - Imperial / Double New England / Hazy,330ml,"€ 11,18 per litre"
Spontan Elderflower (Sureau),"€ 29,99",Switzerland,3.75,Brasserie L'Apaisée,6.2%,Wild Ale - Other,330ml,"€ 11,18 per litre"
Where the Hops Have No Name,"€ 3,79",Sweden,3.71,Brewski,7%,IPA - New England / Hazy,330ml,"€ 11,48 per litre"
Dark Lord de Muerte,"€ 129,99",United States,4.33,3 Floyds Brewing,15%,Stout - Russian Imperial,330ml,"€ 11,48 per litre"
Oats on Oats on Oats 11th Anniversary,"€ 5,60",United States,4.03,Kings & Daughters Brewery/ Siren Craft Brew,8%,IPA - Imperial / Double New England / Hazy,Can 440ml,"€ 12,73 per litre"
Lampa,"€ 3,60",Poland,3.68,Browar Cztery Ściany,5.4%,Sour - Fruited,Can 500ml,"€ 7,20 per litre"
Nitro Three Philosophers,"€ 9,99",United States,4.00,Brewery Ommegang,9.7%,Belgian Quadrupel,Can 500ml,"€ 7,20 per litre"
Super Kriek (Vintage),"€ 8,99",United States,3.98,Brewery Ommegang,7%,Wild Ale - American,Can 500ml,"€ 7,20 per litre"
Gnommegang / d'Achouffe,"€ 8,99",Belgium,3.82,Brasserie d'Achouffe/ Brewery Ommegang,9.5%,Belgian Strong Golden Ale,Can 500ml,"€ 7,20 per litre"
Dream Patch / Liefmans,"€ 8,99",United States,3.58,Brewery Ommegang,6.5%,Sour - Fruited,Can 500ml,"€ 7,20 per litre"
Münchner Hell,"€ 2,39",Germany,3.42,Hacker-Pschorr,5%,Lager - Helles,500ml,"€ 4,78 per litre"
Mindpower,"€ 6,60",England,3.82,Cloudwater Brew Co.,6%,IPA - New England / Hazy,Can 440ml,"€ 15,00 per litre"
Aecht Schlenkerla Rauchbier Urbock,"€ 4,36",Germany,3.74,"Schlenkerla (""Heller-Bräu"" Trum)",6.5%,Rauchbier,500ml,"€ 8,72 per litre"
Aecht Schlenkerla Rauchbier Weizen,"€ 3,54",Germany,3.55,"Schlenkerla (""Heller-Bräu"" Trum)",5.2%,Rauchbier,500ml,"€ 7,08 per litre"
Aecht Schlenkerla Rauchbier Märzen,"€ 3,83",Germany,3.48,"Schlenkerla (""Heller-Bräu"" Trum)",5.1%,Rauchbier,500ml,"€ 7,66 per litre"
Red Shirt Rodeo Riding,"€ 5,90",Netherlands,3.50,Uiltje Brewing Company,5.7%,IPA - Red,Can 440ml,"€ 13,41 per litre"
Druif Muscat Bleu (season 19|20) Blend No. 47,"€ 36,95",Belgium,4.23,Brouwerij 3 Fonteinen,8%,Lambic - Fruit,Bottle 750ml,"€ 49,27 per litre"
Druif Dornfelder (season 19|20) Blend No. 30,"€ 36,95",Belgium,4.22,Brouwerij 3 Fonteinen,9%,Lambic - Fruit,Bottle 750ml,"€ 49,27 per litre"
Cornucopia Carbenet (2022/2023),"€ 69,99",Belgium,4.18,Antidoot - Wilde Fermenten,8.2%,Cider - Other Fruit,Bottle 750ml,"€ 49,27 per litre"
Raspoetin 2022,"€ 59,99",Belgium,4.15,Bofkont,6%,Lambic - Other,Bottle 750ml,"€ 49,27 per litre"
Civil Disobedience #26,"€ 89,99",United States,4.40,Hill Farmstead Brewery,6%,Farmhouse Ale - Saison,,
Sunrise (2021),"€ 64,99",Belgium,4.32,Bofkont,6%,Lambic - Fruit,,
Ashanti (2024),"€ 74,99",Belgium,4.31,Brasserie Cantillon,5.5%,Lambic - Other,,
Muskaat (2020),"€ 69,99",Belgium,4.24,Bofkont,6%,Lambic - Fruit,,
Woop Woop (2019),"€ 64,99",Belgium,4.23,Antidoot - Wilde Fermenten,6.5%,Sour - Other,,
Raspoetin 2021,"€ 59,99",Belgium,4.19,Bofkont,6%,Lambic - Fruit,,
Bloedrood 2020,"€ 64,99",Belgium,4.19,Bofkont,6%,Lambic - Fruit,,
Naked In The Afternoon,"€ 62,99",Belgium,4.17,Antidoot - Wilde Fermenten,6.5%,Sour - Fruited,,
Artemisia Absinthium (2020),"€ 62,99",Belgium,4.16,Antidoot - Wilde Fermenten,6.5%,Sour - Other,,
Pet Bière Merlot (2020),"€ 69,99",Belgium,4.10,Bofkont,6%,Lambic - Fruit,,
Breugem Handdruk,"€ 3,50",Netherlands,3.54,Breugem Bier,10.3%,Belgian Quadrupel,330ml,"€ 10,61 per litre"
Mongy Noël,"€ 3,60",France,3.54,Brasserie Cambier,8%,Winter Ale,330ml,"€ 10,91 per litre"
Transient,"€ 6,99",England,3.94,Northern Monk,7%,IPA - New England / Hazy,Can 440ml,"€ 15,89 per litre"
Calamansi Gose,"€ 4,90",Romania,3.82,OneTwo,4%,Sour - Fruited Gose,Can 440ml,"€ 11,14 per litre"
Giant Raspberry Vanilla Lollipop (x Merakai),"€ 10,00",Scotland,4.10,Vault City Brewing,8%,Sour - Smoothie / Pastry,Can 440ml,"€ 22,73 per litre"
Whispering,"€ 7,60",England,4.04,Track Brewing Company,6%,IPA - New England / Hazy,Can 440ml,"€ 17,27 per litre"
Jam Roly Poly,"€ 5,70",Scotland,4.03,Vault City Brewing,4.3%,Sour - Smoothie / Pastry,Can 440ml,"€ 12,95 per litre"
Resemblance,"€ 7,60",England,3.99,Track Brewing Company,6.5%,IPA - New England / Hazy,Can 440ml,"€ 17,27 per litre"
Love Spreads (x The Malt Miller),"€ 6,20",England,3.94,Track Brewing Company,5%,Pale Ale - New England / Hazy,Can 440ml,"€ 14,09 per litre"
Raspberry Dark Chocolate Coconut Cluster,"€ 8,10",Scotland,3.85,Vault City Brewing,6%,Sour - Smoothie / Pastry,Can 440ml,"€ 18,41 per litre"
Starlit,"€ 8,10",England,3.82,Track Brewing Company,7.2%,IPA - American,Can 440ml,"€ 18,41 per litre"
Dream Shaper,"€ 6,20",England,3.89,Track Brewing Company,4%,Pale Ale - New England / Hazy,Can 440ml,"€ 14,09 per litre"
First Wave,"€ 6,20",England,3.87,Track Brewing Company,5%,Pale Ale - New England / Hazy,Can 440ml,"€ 14,09 per litre"
Deep Space Death Trap (x Torso),"€ 5,60",England,3.85,Black Iris Brewery,4%,Pale Ale - Other,Can 440ml,"€ 14,09 per litre"
Come Together (Block Party Collab w/ BarthHaas),"€ 6,20",England,3.79,Track Brewing Company,4.5%,Pale Ale - New England / Hazy,Can 440ml,"€ 14,09 per litre"
Omnipollos Tokyo,"€ 4,40",Sweden,3.59,Omnipollo,5.4%,IPA - Other,330ml,"€ 13,33 per litre"
Schofferhofer Zitrone,"€ 2,50",Germany,3.22,Radeberger Gruppe,2.5%,Shandy / Radler,330ml,"€ 7,58 per litre"
Zeeuwse Bierselectie Zeeuws Bluuvertje,"€ 3,25",Netherlands,2.94,Bierbrouwerij Vermeersen,8.5%,Pilsner - Czech / Bohemian,330ml,"€ 7,58 per litre"
Deer Hunter,"€ 4,19",Netherlands,3.98,Brouwerij Frontaal,13.4%,Stout - Russian Imperial,330ml,"€ 12,70 per litre"
Zwarte Ziel 2023,"€ 6,99",Netherlands,3.96,Jopen,10.2%,Porter - Imperial / Double,330ml,"€ 21,18 per litre"
De Rentmeester,"€ 4,29",Netherlands,3.78,Brouwerij Maallust,10%,Barleywine - Other,330ml,"€ 13,00 per litre"
Meesterstuk 2024,"€ 10,99",Netherlands,3.70,Jopen,11.11%,Porter - Imperial / Double,Bottle 750ml,"€ 14,65 per litre"
Meesterstuk 2024,"€ 6,49",Netherlands,3.70,Jopen,11.11%,Porter - Imperial / Double,Bottle 750ml,"€ 14,65 per litre"
Handdruk,"€ 3,99",Netherlands,3.54,Breugem Bier,10.3%,Belgian Quadrupel,330ml,"€ 12,09 per litre"
Spaansch Benauwd,"€ 3,99",Netherlands,3.48,Brouwerij 1573/ Brouwerij Hoop,10%,Barleywine - American,330ml,"€ 12,09 per litre"
Imperial Stout,"€ 4,20",England,3.73,Samuel Smith,7%,Stout - Russian Imperial,355ml,"€ 11,83 per litre"
Don Limone,"€ 3,90",Germany,3.59,Munich Brew Mafia,5.3%,Pilsner - German,330ml,"€ 11,82 per litre"
Das Kriminelle Helle,"€ 2,90",Germany,3.54,Munich Brew Mafia,5%,Lager - Helles,500ml,"€ 5,80 per litre"
MPU IPA,"€ 3,90",Germany,3.05,Munich Brew Mafia,0.4%,Non-Alcoholic - IPA,330ml,"€ 11,82 per litre"
"Saison Dupont 0,75l","€ 6,90",Belgium,3.68,Brasserie Dupont,6.5%,Farmhouse Ale - Saison,Bottle 750ml,"€ 9,20 per litre"
Zwickl Plus,"€ 2,90",Germany,3.53,Munich Brew Mafia,4.8%,Kellerbier / Zwickelbier,500ml,"€ 5,80 per litre"
WILD#27 Grodziskie Smoked Pears,"€ 8,20",Poland,4.16,Browar Stu Mostów,3.8%,Grodziskie / Grätzer,Bottle 375ml,"€ 21,87 per litre"
Fine Cider,"€ 5,00",England,3.82,Oliver's Cider & Perry,6.3%,Cider - Perry / Poiré,Can 330ml,"€ 15,15 per litre"
Guilty Pleasures,"€ 5,00",England,3.63,Oliver's Cider & Perry,6.3%,Cider - Dry,Can 330ml,"€ 15,15 per litre"
Five Friends,"€ 5,50",England,3.54,Oliver's Cider & Perry,6.8%,Cider - Dry,Bottle 330ml,"€ 16,67 per litre"
Pilsner,"€ 3,20",Norway,3.16,LERVIG,4.7%,Pilsner - Other,Bottle 330ml,"€ 16,67 per litre"
Mating Season,"€ 8,60",Poland,3.68,Browar Stu Mostów,7%,Sour - Smoothie / Pastry,Can 440ml,"€ 19,55 per litre"
Chariot of Helios,"€ 9,30",England,4.03,Azvex Brewing Company,8%,IPA - Imperial / Double New England / Hazy,Can 440ml,"€ 21,14 per litre"
Quantum Foam,"€ 7,10",England,3.88,Azvex Brewing Company,6.2%,IPA - New England / Hazy,Can 440ml,"€ 16,14 per litre"
It's Showtime,"€ 6,20",England,3.78,Brew York,6%,Sour - Fruited,Can 440ml,"€ 14,09 per litre"
Only Noodles Michael,"€ 5,40",England,2.75,Brew York,4.5%,Pale Ale - Fruited,Can 440ml,"€ 12,27 per litre"
Cherry Blackout,"€ 6,60",England,4.01,Electric Bear Brewing Co,8%,Stout - Other,Can 440ml,"€ 15,00 per litre"
Party Woods,"€ 6,00",Wales,3.89,Polly's Brew Co.,5.2%,Pale Ale - New England / Hazy,Can 440ml,"€ 13,64 per litre"
Cosmo Forest,"€ 6,30",Wales,3.89,Polly's Brew Co.,6%,IPA - New England / Hazy,Can 440ml,"€ 14,32 per litre"
Mocha The Weekend,"€ 6,00",England,3.89,Electric Bear Brewing Co,6.5%,Stout - Coffee,Can 440ml,"€ 13,64 per litre"
Connecting Anything,"€ 6,00",Wales,3.88,Polly's Brew Co.,5%,Pale Ale - New England / Hazy,Can 440ml,"€ 13,64 per litre"
Club Floral,"€ 6,60",Wales,3.87,Polly's Brew Co.,6.5%,IPA - New England / Hazy,Can 440ml,"€ 15,00 per litre"
Quijote,"€ 14,53",Hungary,3.99,FIRST Craft Beer,10.5%,Stout - Imperial / Double,Bottle 375ml,"€ 38,75 per litre"
Belisama,"€ 14,53",Hungary,3.91,FIRST Craft Beer,9%,Stout - Imperial / Double,Bottle 375ml,"€ 38,75 per litre"
Hairu,"€ 14,53",Hungary,3.00,FIRST Craft Beer,9%,Sour - Fruited,Bottle 375ml,"€ 38,75 per litre"
Sancho,"€ 14,53",Hungary,?,FIRST Craft Beer,10.5%,Stout - Imperial / Double,Bottle 375ml,"€ 38,75 per litre"
Funeral Clown 2024,"€ 7,49",Germany,4.23,Sudden Death Brewing Co.,5%,Sour - Smoothie / Pastry,Can 440ml,"€ 17,02 per litre"
Crystal Death,"€ 6,59",Germany,4.01,Sudden Death Brewing Co.,6.5%,IPA - New England / Hazy,Can 440ml,"€ 14,98 per litre"
Lübecker Kellerpils Fresh Hop,"€ 5,99",Germany,3.80,Sudden Death Brewing Co.,4.8%,Pilsner - German,Can 440ml,"€ 13,61 per litre"
Dulcinea,"€ 14,53",Hungary,3.93,FIRST Craft Beer,10.5%,Stout - Imperial / Double,Bottle 375ml,"€ 38,75 per litre"
La Catrina,"€ 6,00",England,3.83,DMC Brewery,4.8%,Pumpkin / Yam Beer,Can 440ml,"€ 13,64 per litre"
H-Hour 003,"€ 6,40",England,3.83,Bayonet Brewing,6.8%,IPA - New England / Hazy,Can 440ml,"€ 14,55 per litre"
Pull Up A Sandbag,"€ 5,70",England,3.80,Bayonet Brewing,5.2%,Wheat Beer - Fruited,Can 440ml,"€ 12,95 per litre"
Breugem Warme Groet,"€ 2,95",Netherlands,3.30,Breugem Bier,6.6%,Belgian Dubbel,330ml,"€ 8,94 per litre"
I Am A Barley Girl,"€ 6,99",Netherlands,3.97,Jopen,11%,Barleywine - Other,330ml,"€ 21,18 per litre"
Fou Foune 2024,"€ 35,00",Belgium,4.34,Brasserie Cantillon,6%,Lambic - Fruit,Bottle 750ml,"€ 46,67 per litre"
Ashanti  (Including Ashanti and Fou Foune 2024) - 5x,"€ 120,00",Belgium,4.34,Cantillon,6%,Lambic - Fruit,5-pack,"Total price: € 120,00"
"Enthusiasts MEGA  (Including Ashanti and Fou Foune 2024, Iris, Sang Bleu, Lamvinus) - 9x","€ 235,00",Belgium,4.34,Cantillon,6%,Lambic - Fruit,9-pack,"Total price: € 235,00"
Tea Time Terror Raspberry (Flavored Malt Beverage),"€ 7,99",United States,4.07,Abomination Brewing Company,8%,Flavored Malt Beverage,473ml,"€ 16,89 per litre"
Tohubohu,"€ 45,99",United States,4.39,Private Press Brewing,15.4%,Belgian Quadrupel,500ml,"€ 91,98 per litre"
Citra Extra Extra Juicy Bits,"€ 10,49",United States,4.35,WeldWerks Brewing Co.,8.6%,IPA - Imperial / Double New England / Hazy,473ml,"€ 22,18 per litre"
Key Bump (2024),"€ 10,99",United States,4.34,Hoof Hearted Brewing,10.5%,IPA - Triple New England / Hazy,473ml,"€ 23,23 per litre"
Stimulus Package,"€ 11,49",United States,4.34,District 96 Beer Factory/ Equilibrium Brewery,8%,IPA - Imperial / Double New England / Hazy,473ml,"€ 24,29 per litre"
Triple Presto Change-o,"€ 12,49",United States,4.32,Hop Butcher For The World,10.5%,IPA - Triple New England / Hazy,473ml,"€ 26,41 per litre"
"Kokomo Drift (Citra, Mosaic, And Motueka Hops) 2024","€ 9,99",United States,4.30,Hoof Hearted Brewing,8.5%,IPA - Imperial / Double New England / Hazy,473ml,"€ 21,12 per litre"
Transmountain Diversion,"€ 10,49",United States,4.30,WeldWerks Brewing Co.,8.7%,IPA - Imperial / Double New England / Hazy,473ml,"€ 22,18 per litre"
HYPA #2,"€ 10,79",Canada,4.27,Brasserie du Bas-Canada,6.5%,IPA - American,473ml,"€ 22,81 per litre"
Méliades,"€ 10,79",Canada,4.27,Brasserie du Bas-Canada,6.5%,IPA - American,473ml,"€ 22,81 per litre"
Dock 89 - Pacifica & Motueka,"€ 10,99",Canada,4.25,Le Ketch,6.5%,IPA - New England / Hazy,473ml,"€ 23,23 per litre"
Brume Du Littoral - Aout 2024,"€ 11,99",Canada,4.22,Le Ketch,8%,IPA - Imperial / Double New England / Hazy,473ml,"€ 25,35 per litre"
"Dock 88 - Pacifica, Nelson Sauvin, Motueka & Cascade NZ","€ 11,29",Canada,4.21,Le Ketch,6.5%,IPA - New England / Hazy,473ml,"€ 23,87 per litre"
AK [Martyr Edition] Ghost MARTYR,"€ 10,99",United States,4.19,Adroit Theory,10%,IPA - Triple New England / Hazy,473ml,"€ 23,23 per litre"
Your Wish Is Hazy,"€ 10,49",United States,4.18,Hop Butcher For The World,8%,IPA - Imperial / Double New England / Hazy,473ml,"€ 22,18 per litre"
Rise of the Snake,"€ 10,99",United States,4.12,District 96 Beer Factory,8.5%,IPA - Imperial / Double New England / Hazy,473ml,"€ 23,23 per litre"
"Pork Roll, Egg & Cheese SPK","€ 11,29",United States,4.01,Knotted Root Brewing Company,9.5%,IPA - Triple New England / Hazy,473ml,"€ 23,87 per litre"
VamPirate II: Space Blood,"€ 9,29",United States,3.97,WeldWerks Brewing Co.,6.8%,IPA - New England / Hazy,473ml,"€ 19,64 per litre"
Chrystalls Reserve,"€ 7,29",United States,3.91,Perennial Artisan Ales,5%,Lager - Other,473ml,"€ 15,41 per litre"
Hurry On Daylight,"€ 7,49",United States,3.80,Perennial Artisan Ales,6.2%,IPA - New England / Hazy,473ml,"€ 15,84 per litre"
Warmouth V13,"€ 3,79",Netherlands,3.80,De Kromme Haring,6.3%,IPA - New England / Hazy,330ml,"€ 11,48 per litre"
Super Juicebox Megamix Turbo,"€ 6,99",France,3.92,Mogwaï Beer Company,4.5%,Sour - Smoothie / Pastry,Can 440ml,"€ 15,89 per litre"
Divine Comédie – Amarone Édition,"€ 7,49",France,3.89,Mogwaï Beer Company,10%,Stout - Imperial / Double,330ml,"€ 22,70 per litre"
Divine Comédie – Madère Edition,"€ 7,49",France,3.86,Mogwaï Beer Company,10%,Stout - Imperial / Double,330ml,"€ 22,70 per litre"
Strawberry Fields Forever,"€ 6,99",France,3.77,Mogwaï Beer Company,6%,Stout - Milk / Sweet,330ml,"€ 22,70 per litre"
Walk Among Us,"€ 6,90",England,4.00,Black Iris Brewery,6.5%,IPA - New England / Hazy,Can 440ml,"€ 15,68 per litre"
Divine Elements,"€ 5,40",England,3.87,Black Iris Brewery,6%,IPA - American,Can 440ml,"€ 12,27 per litre"
Endless Summer,"€ 5,20",England,3.68,Black Iris Brewery,4.5%,IPA - Session,Can 440ml,"€ 11,82 per litre"
An 5 / Year 5 (canned: 01-08-24),"€ 11,50",Canada,4.43,Messorem,8%,IPA - Imperial / Double New England / Hazy,473ml,"€ 24,31 per litre"
Triple Tombe (canned: 27-08-24),"€ 11,50",Canada,4.40,Messorem,10%,IPA - Triple,473ml,"€ 24,31 per litre"
Magick Nectar 2024,"€ 46,75",United States,4.40,3 Sons Brewing Co.,15%,Stout - Imperial / Double,500ml,"€ 93,50 per litre"
Dock 53 100% Peacharine (canned:20-08-24),"€ 11,15",Canada,4.39,Le Ketch,6.5%,IPA - New England / Hazy,473ml,"€ 23,57 per litre"
Stimulus Package,"€ 11,15",United States,4.34,District 96 Beer Factory/ Equilibrium Brewery,8%,IPA - Imperial / Double New England / Hazy,473ml,"€ 23,57 per litre"
Borrowed Brilliance,"€ 11,15",United States,4.32,Timber Ales,12%,Stout - Imperial / Double,473ml,"€ 23,57 per litre"
Blended With Lumber #3,"€ 11,50",United States,4.32,Timber Ales,13.4%,Stout - Imperial / Double,355ml,"€ 32,39 per litre"
Triple Bloodbath,"€ 12,25",Canada,4.32,Third Moon Brewing Company,10.5%,IPA - Triple New England / Hazy,473ml,"€ 25,90 per litre"
Fictive (canned: 13-09-24),"€ 11,50",Canada,4.31,Brasserie du Bas-Canada,8.2%,IPA - Imperial / Double,473ml,"€ 24,31 per litre"
Fundamental Observation 2024,"€ 36,95",United States,4.31,Bottle Logic Brewing,14%,Stout - Imperial / Double,500ml,"€ 73,90 per litre"
Secret Heady Quarters (canned:30-08-24),"€ 10,80",United States,4.30,DankHouse Brewing Company,10%,IPA - Triple New England / Hazy,473ml,"€ 22,83 per litre"
Dock 89,"€ 11,15",Canada,4.25,Le Ketch,6.5%,IPA - New England / Hazy,473ml,"€ 23,57 per litre"
Colonization,"€ 10,40",United States,4.23,Adroit Theory,10.2%,IPA - Triple New England / Hazy,473ml,"€ 21,99 per litre"
Flash Point 2024,"€ 36,95",United States,4.21,Bottle Logic Brewing,12.5%,Barleywine - English,500ml,"€ 73,90 per litre"
Dock 88 (canned: 07-08-24),"€ 11,15",Canada,4.21,Le Ketch,6.5%,IPA - New England / Hazy,473ml,"€ 23,57 per litre"
Kai Tangata,"€ 11,15",United States,4.18,Nightmare Brewing Company,8.6%,IPA - New England / Hazy,473ml,"€ 23,57 per litre"
Quintuple Continuous Blood,"€ 12,95",Canada,4.17,Third Moon Brewing Company,13.5%,IPA - Other,473ml,"€ 27,38 per litre"
Brume Du Littoral (canned: 21-08-24),"€ 11,50",Canada,4.14,Le Ketch,8%,IPA - Imperial / Double New England / Hazy,473ml,"€ 24,31 per litre"
Rise Of The Snake,"€ 11,15",United States,4.12,District 96 Beer Factory,8.5%,IPA - Imperial / Double New England / Hazy,473ml,"€ 23,57 per litre"
Starker Löwe,"€ 2,50",Germany,3.60,Zum Löwenbräu Adelsdorf - Neuhaus/Aisch,8.2%,Bock - Doppelbock,500ml,"€ 5,00 per litre"
Bockbier Hell,"€ 2,50",Germany,3.54,Günther-Bräu,7.5%,Bock - Hell / Maibock / Lentebock,500ml,"€ 5,00 per litre"
Mongy Triple,"€ 3,59",France,3.60,Brasserie Cambier,8%,Belgian Tripel,500ml,"€ 5,00 per litre"
Mongy Blonde,"€ 3,49",France,3.47,Brasserie Cambier,6.2%,Belgian Blonde,500ml,"€ 5,00 per litre"
Barrel Aged Coco Van,"€ 35,95",United States,4.48,Hubbard's Cave,12%,Stout - Imperial / Double,Bottle 750ml,"€ 47,93 per litre"
Divine Failure,"€ 10,80",United States,4.41,The Veil Brewing Co.,9%,IPA - Imperial / Double New England / Hazy,473ml,"€ 22,83 per litre"
Otto 2024,"€ 59,95",United States,4.35,Perennial Artisan Ales,13.8%,Stout - Imperial / Double Pastry,Bottle 750ml,"€ 79,93 per litre"
Shark Punch Braaaaaaaains (canned: 24-07-24),"€ 11,50",United States,4.32,Drekker Brewing Company,6.5%,Sour - Smoothie / Pastry,473ml,"€ 24,31 per litre"
Triple Presto Change-o,"€ 11,90",United States,4.32,Hop Butcher For The World,10.5%,IPA - Triple New England / Hazy,473ml,"€ 25,16 per litre"
Key Bump (canned: 26-08-24),"€ 10,45",United States,4.32,Hoof Hearted Brewing,10.5%,IPA - Triple,473ml,"€ 22,09 per litre"
Kokomo Drift (canned: 05-08-24),"€ 9,75",United States,4.27,Hoof Hearted Brewing,8.5%,IPA - Imperial / Double New England / Hazy,473ml,"€ 20,61 per litre"
MEGA: Center Of Attention (canned: 22-7-24),"€ 10,80",United States,4.27,Modestman Brewing LLC,8.5%,IPA - Imperial / Double New England / Hazy,473ml,"€ 22,83 per litre"
Bad Moon Rising 2024 (canned: 24-07-24),"€ 11,50",Canada,4.23,Third Moon Brewing Company,8%,IPA - Imperial / Double New England / Hazy,473ml,"€ 24,31 per litre"
Lupulin Reserves,"€ 11,15",United States,4.22,Equilibrium Brewery,10.5%,IPA - Triple,473ml,"€ 23,57 per litre"
Destroy,"€ 10,80",United States,4.21,The Veil Brewing Co.,8%,IPA - Imperial / Double New England / Hazy,473ml,"€ 22,83 per litre"
Oh My God,"€ 10,80",United States,4.20,Modestman Brewing LLC,8.5%,IPA - Imperial / Double New England / Hazy,473ml,"€ 22,83 per litre"
Ghost In The Laboratory (canned: 22-08-24),"€ 9,99",United States,4.18,Equilibrium Brewery,8.5%,IPA - Imperial / Double New England / Hazy,473ml,"€ 21,12 per litre"
Mosaic Mamba (canned: 12-8-24),"€ 10,40",United States,4.11,Toppling Goliath Brewing Co.,8.5%,IPA - Imperial / Double,473ml,"€ 21,99 per litre"
"Pork Roll, Egg & Cheese SPK","€ 11,15",United States,4.01,Knotted Root Brewing Company,9.5%,IPA - Triple New England / Hazy,473ml,"€ 23,57 per litre"
Your Wish Is Hazy,"€ 10,80",,,Hop Butcher Of The World,,,473ml,"€ 22,83 per litre"
Haze of Base,"€ 5,49",France,3.91,Mogwaï Beer Company,6.2%,IPA - New England / Hazy,Can 440ml,"€ 12,48 per litre"
Mongy Noel,"€ 3,99",France,3.54,Brasserie Cambier,8%,Winter Ale,330ml,"€ 12,09 per litre"
Bamberger Braunbier,"€ 2,00",Germany,3.49,Klosterbräu Bamberg,5.5%,Historical Beer - Other,500ml,"€ 4,00 per litre"
Reveries Of… Nelson Sauvin,"€ 7,29",Finland,3.93,Factory Brewing,7.2%,IPA - New England / Hazy,Can 440ml,"€ 16,57 per litre"
Fuerst Wiacek Space Jelly DDH IPA (),"€ 6,99",Germany,3.98,FUERST WIACEK,6.8%,IPA - American,Can 440ml,"€ 15,89 per litre"
Wacken Liquid Metal IPA,"€ 4,69",Germany,3.71,Beer of the Gods - Wacken Brauerei,5.3%,IPA - American,Can 440ml,"€ 10,66 per litre"
Wacken Mimirs Hopfenweissheit - Hopfengestopftes Weizen,"€ 2,89",Germany,3.52,Beer of the Gods - Wacken Brauerei,5.1%,Wheat Beer - Hopfenweisse,330ml,"€ 8,76 per litre"
Wacken Crafty Loki Nordic Pale Ale,"€ 3,29",Germany,3.37,Beer of the Gods - Wacken Brauerei,5.7%,Pale Ale - Other,330ml,"€ 9,97 per litre"
Wacken Walkürenschluck Nordic Strong Ale,"€ 3,89",Germany,3.30,Beer of the Gods - Wacken Brauerei,7.8%,IPA - Imperial / Double,330ml,"€ 11,79 per litre"
Wacken Mjölnir Nordic DH Lager,"€ 4,69",Germany,3.26,Beer of the Gods - Wacken Brauerei,5.3%,Pilsner - German,Can 440ml,"€ 10,66 per litre"
Wacken Mjölnir Nordic Lager,"€ 3,29",Germany,3.26,Beer of the Gods - Wacken Brauerei,5.3%,Pilsner - German,330ml,"€ 9,97 per litre"
Wacken Tyr Warrior IPA,"€ 4,19",Germany,3.19,Beer of the Gods - Wacken Brauerei,8.3%,IPA - Imperial / Double,330ml,"€ 12,70 per litre"
Wacken Baldur Nordic Märzen,"€ 2,69",Germany,3.18,Beer of the Gods - Wacken Brauerei,5.5%,Märzen,330ml,"€ 8,15 per litre"
Wacken Sleipnir Schnelles Helles,"€ 2,59",Germany,3.15,Beer of the Gods - Wacken Brauerei,4.8%,Lager - Helles,330ml,"€ 7,85 per litre"
Wacken Hymir Imperial Stout,"€ 3,89",Germany,3.11,Beer of the Gods - Wacken Brauerei,8.5%,Stout - Imperial / Double,330ml,"€ 11,79 per litre"
Wacken Yggdrasil Nordic Red Ale,"€ 2,69",Germany,3.10,Beer of the Gods - Wacken Brauerei,5.3%,Red Ale - Irish,330ml,"€ 8,15 per litre"
Wacken Heimdalls Willkomm Trunk aus Bier und Met,"€ 3,29",Germany,2.99,Beer of the Gods - Wacken Brauerei,6.5%,Mead - Braggot,330ml,"€ 9,97 per litre"
Wacken Berserker Blut Trunk aus Bier und Kirschwein,"€ 3,29",Germany,2.92,Beer of the Gods - Wacken Brauerei,7.5%,Fruit Beer,330ml,"€ 9,97 per litre"
Wacken Surtr Smoked Porter,"€ 3,29",Germany,2.85,Beer of the Gods - Wacken Brauerei,6.2%,Porter - Smoked,330ml,"€ 9,97 per litre"
Fuerst Wiacek x Cloudwater Boombox DDH DIPA,"€ 7,29",,,,,,Can 440ml,"€ 16,57 per litre"
Brouwerij de Bie Winter Bie,"€ 3,15",Belgium,3.34,Brouwerij De Bie,8%,Winter Warmer,330ml,"€ 9,55 per litre"
Big Mama Stout,"€ 3,80",Belgium,3.59,NovaBirra,8%,Stout - American,330ml,"€ 11,52 per litre"
Are You Not Entertained?,"€ 4,95",Slovenia,3.54,Lobik,6.5%,IPA - New England / Hazy,330ml,"€ 15,00 per litre"
Imperial Stout,"€ 3,90",Belgium,3.54,Brouwerij Broers,10%,Stout - Russian Imperial,330ml,"€ 11,82 per litre"
The Goat,"€ 3,95",Netherlands,3.39,Brouwerij Kees,6.5%,Bock - Single / Traditional,330ml,"€ 11,97 per litre"
Bok,"€ 3,40",Netherlands,3.28,Kaapse Brouwers,6.5%,Bock - Single / Traditional,330ml,"€ 10,30 per litre"
Luide Lijster,"€ 3,75",Netherlands,3.13,Bird Brewery,4.7%,Porter - Other,330ml,"€ 11,36 per litre"
Cascade Green Sweater Double IPA,"€ 5,55",Netherlands,3.75,Uiltje Brewing Company,8%,IPA - Imperial / Double,Can 330ml,"€ 16,82 per litre"
Secousse,"€ 11,60",Canada,4.40,Brasserie du Bas-Canada,10%,IPA - Triple,473ml,"€ 24,52 per litre"
August DIPA 2024 (canned: 24-07-24),"€ 11,50",Canada,4.35,Badlands Brewing Company,8.2%,IPA - Imperial / Double,473ml,"€ 24,31 per litre"
Double Dry Hopped Tiberius (Canned: 01-08-24),"€ 11,50",Canada,4.33,Brasserie du Bas-Canada,8.2%,IPA - Imperial / Double,473ml,"€ 24,31 per litre"
Progressive Dialogue,"€ 5,99",Finland,3.98,Factory Brewing,8.5%,IPA - Imperial / Double,Can 440ml,"€ 13,61 per litre"
Progressive Dialogue |  DEAL!,"€ 35,96",Finland,3.98,Factory Brewing,8.5%,IPA - Imperial / Double,6-pack,"Total price: € 35,96"
Reveries Of… Nelson Sauvin |  DEAL!,"€ 32,81",Finland,3.93,Factory Brewing,7.2%,IPA - New England / Hazy,6-pack,"Total price: € 32,81"
Whirly Brain (2024),"€ 6,99",Germany,4.08,FUERST WIACEK,8%,IPA - Imperial / Double New England / Hazy,Can 440ml,"€ 15,89 per litre"
Long Tooth (2024),"€ 6,49",Germany,4.03,FUERST WIACEK,6.8%,IPA - New England / Hazy,Can 440ml,"€ 14,75 per litre"
Wind-Up Bird (2024),"€ 6,49",Germany,3.99,FUERST WIACEK,6.8%,IPA - New England / Hazy,Can 440ml,"€ 14,75 per litre"
Where the Hops Have No Name,"€ 3,99",Sweden,3.71,Brewski,7%,IPA - New England / Hazy,330ml,"€ 12,09 per litre"
Bling Bling Barley Wine '23,"€ 4,49",Netherlands,3.58,Maximus Brouwerij,10%,Barleywine - American,330ml,"€ 13,61 per litre"
Freddy – Bloodlust West Coast Ipa,"€ 3,49",Hungary,3.53,Mad Scientist,6.6%,IPA - Fruited,Can 440ml,"€ 7,93 per litre"
Pub Ale,"€ 2,79",Sweden,3.22,Brewski,3.8%,Traditional Ale,330ml,"€ 8,45 per litre"
Cake Break,"€ 7,49",Sweden,3.22,Moersleutel Craft Brewery,12%,Imperial Pastry Stout,Can 440ml,"€ 17,02 per litre"
Craver's Cave,"€ 3,90",Romania,4.03,Bereta Brewing Co.,6.1%,IPA - New England / Hazy,Can 440ml,"€ 8,86 per litre"
Maman (2024),"€ 69,95",United States,4.46,Perennial Artisan Ales,13.1%,Stout - Imperial / Double,Bottle 750ml,"€ 93,27 per litre"
The Vegan,"€ 19,95",United States,4.43,Fidens Brewing Co,8.5%,IPA - Imperial / Double New England / Hazy,473ml,"€ 42,18 per litre"
Eugene's Axe,"€ 19,95",United States,4.43,Fidens Brewing Co,8.5%,IPA - Imperial / Double New England / Hazy,473ml,"€ 42,18 per litre"
The Butcher,"€ 19,95",United States,4.43,Fidens Brewing Co,8.5%,IPA - Imperial / Double New England / Hazy,473ml,"€ 42,18 per litre"
Pineapple Dole Whip,"€ 12,50",United States,4.42,Spanish Marie Brewery,5%,Sour - Smoothie / Pastry,473ml,"€ 26,43 per litre"
Tohubohu,"€ 47,50",United States,4.39,Private Press Brewing,15.4%,Belgian Quadrupel,500ml,"€ 95,00 per litre"
Schmoojee Blackberry S'mores,"€ 12,50",United States,4.35,Imprint Beer Co.,6.5%,Sour - Smoothie / Pastry,473ml,"€ 26,43 per litre"
Hop Butcher Triple Presto Change-o,"€ 11,95",United States,4.32,Hop Butcher For The World,10.5%,IPA - Triple New England / Hazy,473ml,"€ 25,26 per litre"
Key Bump,"€ 10,50",United States,4.32,Hoof Hearted Brewing,10.5%,IPA - Triple,473ml,"€ 22,20 per litre"
Hummingbird,"€ 53,50",United States,4.30,Millpond Brewing,14%,Stout - Imperial / Double,500ml,"€ 107,00 per litre"
South of Eleven 666,"€ 10,95",United States,4.27,Hoof Hearted Brewing,10.2%,IPA - Triple,473ml,"€ 23,15 per litre"
Kokomo Drift,"€ 9,95",United States,4.27,Hoof Hearted Brewing,8.5%,IPA - Imperial / Double New England / Hazy,473ml,"€ 21,04 per litre"
Lupulin Reserves,"€ 10,95",United States,4.22,Equilibrium Brewery,10.5%,IPA - Triple,473ml,"€ 23,15 per litre"
Hop Butcher Onyx Fly,"€ 10,75",United States,4.19,Hop Butcher For The World,7.5%,IPA - Imperial / Double New England / Hazy,473ml,"€ 22,73 per litre"
Hop Butcher Your Wish Is Hazy,"€ 10,75",United States,4.18,Hop Butcher For The World,8%,IPA - Imperial / Double New England / Hazy,473ml,"€ 22,73 per litre"
Fluff,"€ 10,50",United States,4.17,DankHouse Brewing Company,8.5%,IPA - Imperial / Double New England / Hazy,473ml,"€ 22,20 per litre"
AK [Martyr Warrior] (Ghost 1100),"€ 10,50",United States,4.14,Adroit Theory,10%,IPA - Triple New England / Hazy,473ml,"€ 22,20 per litre"
Ghost In the Laboratory (Batch 3),"€ 9,95",United States,4.08,Equilibrium Brewery,8.5%,IPA - Imperial / Double New England / Hazy,473ml,"€ 21,04 per litre"
Willibald Love Machine,"€ 9,95",Canada,4.06,Willibald Farm Brewery,8.2%,IPA - Imperial / Double New England / Hazy,473ml,"€ 21,04 per litre"
"Pork Roll, Egg & Cheese SPK","€ 10,95",United States,4.01,Knotted Root Brewing Company,9.5%,IPA - Triple New England / Hazy,473ml,"€ 23,15 per litre"
Citra Extra Extra Juicy Bits,"€ 9,99",United States,4.35,WeldWerks Brewing Co.,8.6%,IPA - Imperial / Double New England / Hazy,Can 470ml,"€ 21,26 per litre"
Shark Punch Braaaaaaaains,"€ 11,39",United States,4.32,Drekker Brewing Company,6.5%,Sour - Smoothie / Pastry,Can 470ml,"€ 24,23 per litre"
Fictive,"€ 11,49",Canada,4.31,Brasserie du Bas-Canada,8.2%,IPA - Imperial / Double,Can 470ml,"€ 24,45 per litre"
Secret Heady Quarters,"€ 10,69",United States,4.30,DankHouse Brewing Company,10%,IPA - Triple New England / Hazy,Can 470ml,"€ 22,74 per litre"
Big Bad Bells,"€ 10,99",Canada,4.29,Badlands Brewing Company,6.5%,IPA - American,Can 470ml,"€ 23,38 per litre"
Optical Delusions,"€ 11,49",United States,4.28,Spyglass Brewing Company,8.3%,IPA - Imperial / Double New England / Hazy,Can 470ml,"€ 24,45 per litre"
Dock 89 - Pacifica & Motueka,"€ 10,99",Canada,4.25,Le Ketch,6.5%,IPA - New England / Hazy,Can 470ml,"€ 23,38 per litre"
Colonization (Ghost Colonization),"€ 9,99",United States,4.23,Adroit Theory,10.2%,IPA - Triple New England / Hazy,Can 470ml,"€ 21,26 per litre"
Schmoojee Orange Peach Mango,"€ 12,39",United States,4.23,Imprint Beer Co.,6.5%,Sour - Smoothie / Pastry,Can 470ml,"€ 26,36 per litre"
Too Far Outta Sight,"€ 10,29",United States,4.23,The Veil Brewing Co.,8.5%,IPA - Imperial / Double New England / Hazy,Can 470ml,"€ 21,89 per litre"
Destroy,"€ 10,69",United States,4.21,The Veil Brewing Co.,8%,IPA - Imperial / Double New England / Hazy,Can 470ml,"€ 22,74 per litre"
Flawed Gods (2024),"€ 10,89",Canada,4.18,Third Moon Brewing Company,8%,IPA - Imperial / Double New England / Hazy,Can 470ml,"€ 23,17 per litre"
Your Wish Is Hazy,"€ 10,69",United States,4.18,Hop Butcher For The World,8%,IPA - Imperial / Double New England / Hazy,Can 470ml,"€ 22,74 per litre"
Fluff,"€ 9,99",United States,4.17,DankHouse Brewing Company,8.5%,IPA - Imperial / Double New England / Hazy,Can 470ml,"€ 21,26 per litre"
AK [Martyr Warrior],"€ 9,99",United States,4.14,Adroit Theory,10%,IPA - Triple New England / Hazy,Can 470ml,"€ 21,26 per litre"
Animal Face : Raccoon,"€ 8,99",Canada,4.13,Messorem,6%,Sour - Smoothie / Pastry,Can 470ml,"€ 19,13 per litre"
Rise of the Snake,"€ 10,99",United States,4.12,District 96 Beer Factory,8.5%,IPA - Imperial / Double New England / Hazy,Can 470ml,"€ 23,38 per litre"
Mosaic Mamba,"€ 10,39",United States,4.11,Toppling Goliath Brewing Co.,8.5%,IPA - Imperial / Double,Can 470ml,"€ 22,11 per litre"
Skeleton Bot,"€ 7,99",Canada,4.06,Messorem,5%,Lager - Other,Can 470ml,"€ 17,00 per litre"
"Ça C'est Pas Nous, C'est Eux","€ 8,99",Canada,3.96,Messorem,7%,IPA - American,Can 470ml,"€ 19,13 per litre"
Bunch of Cool Cats,"€ 7,99",Canada,3.80,Messorem,5.5%,Sour - Fruited Gose,Can 470ml,"€ 17,00 per litre"
Ratio of Exchange,"€ 16,80",Denmark,3.85,To Øl,6.8%,Wild Ale - Other,Bottle 750ml,"€ 22,40 per litre"
The Goose Is Loose,"€ 5,00",Denmark,3.76,To Øl,4.2%,Sour - Fruited Gose,Can 440ml,"€ 11,36 per litre"
Wywar 15 Years in Hell,"€ 5,35",Slovakia,3.73,Holíčsky pivovar Wywar,6.2%,IPA - American,Bottle 750ml,"€ 7,13 per litre"
Lime x Mango x Passionfruit x Pineapple x Coconut x Vanilla Smoothie Sour Ale,"€ 7,70",Latvia,4.26,Ārpus Brewing Co.,5.5%,Sour - Smoothie / Pastry,Can 440ml,"€ 17,50 per litre"
Mango x Apricot x Pineapple x Cherry x Coconut x Vanilla Smoothie Sour Ale (Dankhouse USA collab),"€ 7,70",Latvia,4.24,Ārpus Brewing Co.,5%,Sour - Smoothie / Pastry,Can 440ml,"€ 17,50 per litre"
Pineapple x Lime x Coconut x Vanilla Smoothie Sour Ale,"€ 7,70",Latvia,4.24,Ārpus Brewing Co.,4.5%,Sour - Smoothie / Pastry,Can 440ml,"€ 17,50 per litre"
TDH Waimea x Riwaka DIPA,"€ 6,90",Latvia,3.96,Ārpus Brewing Co.,8%,IPA - Imperial / Double New England / Hazy,Can 440ml,"€ 15,68 per litre"
TDH Rakau x Galaxy DIPA,"€ 6,90",Latvia,3.93,Ārpus Brewing Co.,8%,IPA - Imperial / Double New England / Hazy,Can 440ml,"€ 15,68 per litre"
TDH Hops x Art #24 IPA,"€ 6,50",Latvia,3.89,Ārpus Brewing Co.,6.5%,IPA - New England / Hazy,Can 440ml,"€ 14,77 per litre"
TDH Motueka x Peacharine IPA,"€ 6,50",Latvia,3.88,Ārpus Brewing Co.,6.5%,IPA - New England / Hazy,Can 440ml,"€ 14,77 per litre"
DDH Hopchest DIPA,"€ 6,50",Latvia,3.87,Ārpus Brewing Co.,7.5%,IPA - Imperial / Double New England / Hazy,Can 440ml,"€ 14,77 per litre"
TDH Ella x Enigma IPA,"€ 6,50",Latvia,3.85,Ārpus Brewing Co.,6.5%,IPA - New England / Hazy,Can 440ml,"€ 14,77 per litre"
DDH Hopheart IPA,"€ 6,00",Latvia,3.80,Ārpus Brewing Co.,6.2%,IPA - New England / Hazy,Can 440ml,"€ 13,64 per litre"
Tilquin Oude Pinot Gris à L'Ancienne  + Gueuze a L'Ancienne,"€ 34,90",Belgium,4.30,Gueuzerie Tilquin,8.4%,Lambic - Fruit,1125ml,"€ 31,02 per litre"
Tilquin Oude Riesling à L'Ancienne  + Gueuze a L'Ancienne,"€ 34,90",Belgium,4.24,Gueuzerie Tilquin,7.7%,Lambic - Fruit,1125ml,"€ 31,02 per litre"
Tilquin Oude Gewurzt à L'Ancienne  + Gueuze a L'Ancienne,"€ 29,90",Belgium,4.22,Gueuzerie Tilquin,8.4%,Lambic - Fruit,1125ml,"€ 26,58 per litre"
Tilquin Oude Pinot Meunier à l'Ancienne  + Gueuze à L'Ancienne,"€ 29,99",Belgium,4.15,Gueuzerie Tilquin,7.9%,Lambic - Fruit,1125ml,"€ 26,66 per litre"
Tilquin Oude Sureau à L'Ancienne  + Gueuze a L'Ancienne,"€ 29,90",Belgium,4.10,Gueuzerie Tilquin,6.5%,Lambic - Fruit,1125ml,"€ 26,58 per litre"
Fuerst Wiacek Parklife,"€ 4,99",Germany,3.93,FUERST WIACEK,6.8%,IPA - American,Can 440ml,"€ 11,34 per litre"
Wittorfer Le Truc 17,"€ 3,69",Germany,3.68,Wittorfer Brauerei Neumünster,6%,Pale Ale - Belgian,330ml,"€ 11,18 per litre"
Wittorfer Handspatz,"€ 3,69",Germany,3.62,Wittorfer Brauerei Neumünster,5.5%,Sour - Fruited,330ml,"€ 11,18 per litre"
Wittorfer Una Clara,"€ 2,99",Germany,3.51,Wittorfer Brauerei Neumünster,5%,Lager - Mexican,330ml,"€ 9,06 per litre"
Lervig - alkoholfreies Craft Beer Paket,"€ 32,99",Norway,3.51,LERVIG,4%,IPA - Session,2970ml,"€ 11,11 per litre"
Klaar Rosalinde 2020,"€ 14,99",Germany,?,klaar - fruchtfermente,4.5%,Cider - Other Fruit,Bottle 750ml,"€ 19,99 per litre"
Ruimschoots,"€ 3,60",Netherlands,3.63,Gudzekop,9.5%,Belgian Quadrupel,330ml,"€ 10,91 per litre"
Volle Laag [Fryske Dúmkes],"€ 3,40",Netherlands,3.59,Gudzekop,8.5%,Belgian Tripel,330ml,"€ 10,30 per litre"
Opsteker,"€ 3,10",Netherlands,3.46,Gudzekop,6.4%,Belgian Blonde,330ml,"€ 9,39 per litre"
Overzees,"€ 3,20",Netherlands,3.46,Gudzekop,6%,Pale Ale - American,330ml,"€ 9,70 per litre"
3 Fonteinen - De Cam Millennium Geuze – LIMITED EDITION,"€ 737,60",Belgium,4.71,Brouwerij 3 Fonteinen,7%,Lambic - Gueuze,Bottle 750ml,"€ 983,47 per litre"
Odilon Mirabel-Lambiek 2023 - – LIMITED EDITION,"€ 11,41",Belgium,3.68,Geuzestekerij Odilon,7%,Lambic - Fruit,Bottle 375ml,"€ 30,43 per litre"
Odilon Mirabel-Lambiek 2023 - – LIMITED EDITION,"€ 21,40",Belgium,3.68,Geuzestekerij Odilon,7%,Lambic - Fruit,Bottle 750ml,"€ 28,53 per litre"
Fuerst Wiacek ATE,"€ 7,29",Germany,4.19,FUERST WIACEK,8%,IPA - Imperial / Double New England / Hazy,Can 440ml,"€ 16,57 per litre"
Nelson,"€ 3,69",United States,4.05,Alpine Beer Company,7%,IPA - Rye,355ml,"€ 10,39 per litre"
Duet,"€ 3,69",United States,3.95,Alpine Beer Company,7%,IPA - American,355ml,"€ 10,39 per litre"
Windows Up,"€ 3,69",United States,3.90,Alpine Beer Company,7%,IPA - American,335ml,"€ 11,01 per litre"
Imperial West Coast IPA,"€ 3,69",United States,3.81,Green Flash Brewing Company,8.9%,IPA - Imperial / Double,335ml,"€ 11,01 per litre"
Hazy West Coast IPA,"€ 3,69",United States,3.76,Green Flash Brewing Company,6.5%,IPA - New England / Hazy,335ml,"€ 11,01 per litre"
Ridge Runner,"€ 3,69",United States,3.76,Breckenridge Brewery,7.4%,IPA - American,335ml,"€ 11,01 per litre"
Palisade Peach Wheat,"€ 3,49",United States,3.75,Breckenridge Brewery,5.3%,Wheat Beer - Fruited,335ml,"€ 11,01 per litre"
Voodoo Ranger Tropic Force,"€ 4,99",United States,3.72,New Belgium Brewing Company,9.5%,IPA - Imperial / Double,335ml,"€ 11,01 per litre"
Voodoo Ranger Peach Force,"€ 4,99",United States,3.70,New Belgium Brewing Company,9.5%,IPA - Fruited,335ml,"€ 11,01 per litre"
Juice Drop,"€ 3,49",United States,3.67,Breckenridge Brewery,7%,IPA - New England / Hazy,335ml,"€ 11,01 per litre"
Mountain Beach,"€ 3,49",United States,3.66,Breckenridge Brewery,4.5%,Sour - Fruited,335ml,"€ 11,01 per litre"
Avalanche,"€ 3,49",United States,3.51,Breckenridge Brewery,5%,Red Ale - American Amber / Red,335ml,"€ 11,01 per litre"
Voodoo Ranger Hardcharged Tea - Lemon,"€ 4,99",United States,3.50,New Belgium Brewing Company,7%,Flavored Malt Beverage,335ml,"€ 11,01 per litre"
Hop Sour,"€ 4,99",United States,3.50,Hop Lark,7%,Flavored Malt Beverage,335ml,"€ 11,01 per litre"
Really Really Hoppy,"€ 4,99",,,Hoplark,,,,
Extinction Is Forever!: Slow Loris,"€ 7,10",Austria,3.99,Brauhaus Bevog,6.3%,IPA - New England / Hazy,500ml,"€ 14,20 per litre"
Pilsner,"€ 3,10",Austria,3.45,Brauhaus Bevog,4.2%,Pilsner - German,330ml,"€ 9,39 per litre"
Will It Float #8,"€ 7,95",Netherlands,4.18,White Dog Brewery,6%,Sour - Smoothie / Pastry,Can 440ml,"€ 18,07 per litre"
All the Beatiful Things,"€ 7,90",Brazil,4.17,Cervejaria Escafandrista,8%,IPA - Imperial / Double New England / Hazy,Can 440ml,"€ 17,95 per litre"
Blueprint (Enigma),"€ 7,40",Netherlands,4.13,Folkingebrew,8.5%,IPA - Imperial / Double New England / Hazy,Can 440ml,"€ 16,82 per litre"
Blueprint (Galaxy),"€ 7,40",Netherlands,4.12,Folkingebrew,8.5%,IPA - Imperial / Double New England / Hazy,Can 440ml,"€ 16,82 per litre"
Cryo Overture,"€ 7,70",Netherlands,4.09,Folkingebrew,10%,IPA - Triple New England / Hazy,Can 440ml,"€ 17,50 per litre"
1H Du Malt,"€ 4,50",France,4.02,Brasserie La Malpolon,11.6%,Stout - Imperial / Double,330ml,"€ 13,64 per litre"
Booster Spirit,"€ 6,90",France,4.01,Prizm Brewing Co.,6%,IPA - New England / Hazy,Can 440ml,"€ 15,68 per litre"
Cake Break,"€ 8,10",Netherlands,3.97,Moersleutel Craft Brewery,10%,Stout - Pastry,Can 440ml,"€ 18,41 per litre"
Black & Tan BA Heaven Hill Bourbon,"€ 7,30",Netherlands,3.97,Berghoeve Brouwerij,10%,Black & Tan,330ml,"€ 22,12 per litre"
24H Du Malt,"€ 5,20",France,3.97,Brasserie La Malpolon,10%,Stout - Imperial / Double,330ml,"€ 15,76 per litre"
Sjokooo BA Wild Turkey Bourbon VAT#77,"€ 7,30",Netherlands,3.74,Berghoeve Brouwerij,10%,Belgian Quadrupel,330ml,"€ 22,12 per litre"
Where the Hops Have No Name,"€ 4,20",Sweden,3.71,Brewski,7%,IPA - New England / Hazy,330ml,"€ 12,73 per litre"
For the Love of Hops 'Turquoise',"€ 6,10",Netherlands,3.70,Brouwerij Frontaal,5.5%,IPA - New England / Hazy,Can 440ml,"€ 13,86 per litre"
Jason - Crystal Lake Hoppy Helles,"€ 4,40",Hungary,3.46,Mad Scientist,4.13%,Lager - Helles,330ml,"€ 13,33 per litre"
Will It Float #9,"€ 7,99",Netherlands,4.18,White Dog Brewery,6%,Sour - Smoothie / Pastry,Can 440ml,"€ 18,16 per litre"
Les Rocheuses,"€ 6,49",United States,4.13,Outer Range Brewing Co.,6.2%,IPA - American,Can 440ml,"€ 14,75 per litre"
9C,"€ 6,79",United States,4.06,Outer Range Brewing Co.,9%,IPA - Imperial / Double New England / Hazy,Can 440ml,"€ 15,43 per litre"
Twist,"€ 6,79",Spain,4.02,Garage Beer Co.,7.2%,IPA - New England / Hazy,Can 440ml,"€ 15,43 per litre"
LACURA 24,"€ 6,99",Spain,4.01,Garage Beer Co.,7%,IPA - New England / Hazy,Can 440ml,"€ 15,89 per litre"
Jolt,"€ 6,79",Spain,3.96,Garage Beer Co.,6.2%,IPA - New England / Hazy,Can 440ml,"€ 15,43 per litre"
Super Juicebox Megamix Turbo,"€ 7,49",France,3.92,Mogwaï Beer Company,4.5%,Sour - Smoothie / Pastry,Can 440ml,"€ 17,02 per litre"
Haze of Base,"€ 6,29",France,3.91,Mogwaï Beer Company,6.2%,IPA - New England / Hazy,Can 440ml,"€ 14,30 per litre"
Juicebox,"€ 6,99",Netherlands,3.88,White Dog Brewery,5.4%,IPA - New England / Hazy,Can 440ml,"€ 15,89 per litre"
Wisp,"€ 5,49",United States,3.46,Outer Range Brewing Co.,4.1%,Belgian Blonde,Can 440ml,"€ 12,48 per litre"
Giant Lollipop,"€ 11,10",Scotland,4.10,Vault City Brewing,8%,Sour - Smoothie / Pastry,Can 440ml,"€ 25,23 per litre"
Westmalle Tripel Vintage 2019,"€ 9,95",Belgium,3.81,Brouwerij der Trappisten van Westmalle,9.5%,Belgian Tripel,Bottle 750ml,"€ 13,27 per litre"
Solitary Sock – IPA,"€ 6,25",Germany,3.93,FUERST WIACEK,6.2%,IPA - New England / Hazy,Can 440ml,"€ 14,20 per litre"
lACEd In Space,"€ 10,99",United States,4.29,Other Half Brewing Co.,8.5%,IPA - Imperial / Double New England / Hazy,Can 470ml,"€ 23,38 per litre"
Ezelenbok,"€ 3,50",Netherlands,3.52,Tesselaar Familiebrouwerij Diks,7.5%,Bock - Doppelbock,330ml,"€ 10,61 per litre"
You Can't Quit Me Baby,"€ 3,80",Netherlands,3.44,Baxbier,7%,Bock - Doppelbock,330ml,"€ 11,52 per litre"
Beverly Pils,"€ 3,30",Germany,3.54,Mashsee Brauerei,4.7%,Pilsner - German,330ml,"€ 10,00 per litre"
Festbier,"€ 1,90",Germany,3.45,Brauerei Meister,5.5%,Festbier,500ml,"€ 3,80 per litre"
Oma Lene,"€ 3,90",Germany,3.31,Mashsee Brauerei,6.6%,Winter Ale,330ml,"€ 11,82 per litre"
Bergamot Crusher,"€ 9,00",Scotland,3.87,Holy Goat Brewing,5.6%,Sour - Fruited,Bottle 375ml,"€ 24,00 per litre"
Gus Knows!,"€ 7,10",England,4.10,Verdant Brewing Co,6.5%,IPA - New England / Hazy,Can 440ml,"€ 16,14 per litre"
Double Black Mash 2023 Rye Whiskey Barrel Aged Version,"€ 30,20",Denmark,4.28,Amager Bryghus,14.9%,Stout - Imperial / Double,Bottle 750ml,"€ 40,27 per litre"
Double Black Mash 2023 Original Version,"€ 23,50",Denmark,4.18,Amager Bryghus,12%,Stout - Imperial / Double,Bottle 750ml,"€ 31,33 per litre"
Opening Theme,"€ 7,29",England,4.04,Left Handed Giant Brewing,6.5%,IPA - New England / Hazy,Can 440ml,"€ 16,57 per litre"
Stacking Boxes,"€ 6,79",England,3.95,Left Handed Giant Brewing,5.5%,Pale Ale - New England / Hazy,Can 440ml,"€ 15,43 per litre"
Dream House IPA,"€ 6,99",England,3.85,Left Handed Giant Brewing,5.9%,Pale Ale - New England / Hazy,Can 440ml,"€ 15,89 per litre"
Beyond This Place,"€ 7,29",England,3.81,Left Handed Giant Brewing,6.8%,IPA - American,Can 440ml,"€ 16,57 per litre"
La Bière Bock,"€ 2,85",Belgium,3.36,Brouwerij De Dochter van de Korenaar,7%,Bock - Weizenbock,330ml,"€ 8,64 per litre"
Brasserie Goudale Grand Cru,"€ 2,75",France,3.62,Brasserie Goudale - Les Brasseurs de Gayant,7.9%,Farmhouse Ale - Bière de Garde,330ml,"€ 8,64 per litre"
Święty Spokój,"€ 2,60",Poland,3.52,Browar Za Miastem,6.5%,IPA - American,Bottle 500ml,"€ 5,20 per litre"
Cichy Wieczór,"€ 2,50",Poland,3.43,Browar Za Miastem,5.8%,Roggenbier,Bottle 500ml,"€ 5,00 per litre"
Własne Sprawy,"€ 2,50",Poland,3.40,Browar Za Miastem,5.6%,Pale Ale - American,Bottle 500ml,"€ 5,00 per litre"
La Trappe Quadrupel,"€ 2,10",Netherlands,3.91,Bierbrouwerij De Koningshoeven,10%,Belgian Quadrupel,330ml,"€ 6,36 per litre"
Gimme Danger Glutenvrij / Glutenfree,"€ 4,60",Estonia,3.70,Põhjala,10.5%,Gluten-Free,330ml,"€ 13,94 per litre"
St. Bernardus Prior 8,"€ 2,30",Belgium,3.70,Brouwerij St.Bernardus,8%,Belgian Dubbel,330ml,"€ 6,97 per litre"
Triple D'Anvers,"€ 2,95",Belgium,3.64,Brouwerij De Koninck,8%,Belgian Tripel,330ml,"€ 8,94 per litre"
La Trappe Witte Trappist,"€ 2,25",Netherlands,3.60,Bierbrouwerij De Koningshoeven,5.5%,Wheat Beer - Witbier / Blanche,330ml,"€ 6,82 per litre"
Malheur 8,"€ 2,90",Belgium,3.51,Brouwerij Malheur,8%,Belgian Strong Golden Ale,330ml,"€ 8,79 per litre"
Moeder Overste,"€ 2,85",Belgium,3.48,Brasserie Lefebvre,8%,Belgian Tripel,330ml,"€ 8,64 per litre"
Budweiser Budvar,"€ 1,80",Czech Republic,3.30,Budějovický Budvar,5%,Pilsner - Czech / Bohemian,330ml,"€ 5,45 per litre"
Floreffe Double,"€ 2,50",Belgium,3.23,Brasserie Lefebvre,10%,Belgian Dubbel,330ml,"€ 7,58 per litre"
La Trappe Epos,"€ 1,99",Netherlands,3.18,Bierbrouwerij De Koningshoeven,10%,Non-Alcoholic - Pale Ale,330ml,"€ 6,03 per litre"
Jamaica,"€ 10,00",Spain,3.78,Cyclic Beer Farm,5.5%,Sour - Fruited Berliner Weisse,Bottle 750ml,"€ 13,33 per litre"
Quart Peche,"€ 3,99",France,3.94,Brasserie La Malpolon,4.5%,Wheat Beer - Fruited,330ml,"€ 12,09 per litre"
Sécateur (Grape Ale),"€ 5,70",France,3.88,Brasserie La Malpolon,7.8%,Grape Ale - Other,330ml,"€ 17,27 per litre"
Le Champ Des Possibles (Specialty Grain),"€ 9,25",Switzerland,3.72,Brasserie L'Apaisée,4.6%,Specialty Grain,Can 440ml,"€ 21,02 per litre"
Here's Johnny,"€ 7,20",England,3.78,Brew York,5%,Sour - Fruited,Can 440ml,"€ 16,36 per litre"
It's Showtime,"€ 8,40",England,3.78,Brew York,6%,Sour - Fruited,Can 440ml,"€ 19,09 per litre"
Blue Jay,"€ 4,30",England,2.83,Brew York,0.5%,Non-Alcoholic - Lager,Can 440ml,"€ 9,77 per litre"
PATRONS PROJECT 38.04 // ADRIAN BAXTER // SLOTH // MOERSLEUTEL,"€ 7,25",England,4.01,Northern Monk,8.4%,Stout - Imperial / Double Pastry,Can 440ml,"€ 16,48 per litre"
DREAMS 2023,"€ 17,50",Austria,4.39,Brauhaus Bevog,19.6%,Freeze-Distilled Beer,330ml,"€ 53,03 per litre"
Here Comes The Geronimo,"€ 7,25",Brazil,4.18,Salvador Brewing Co.,8%,IPA - Imperial / Double New England / Hazy,Can 440ml,"€ 16,48 per litre"
Bourbon Bok,"€ 5,25",Netherlands,3.73,Brouwerij Noordt,8%,Bock - Doppelbock,330ml,"€ 15,91 per litre"
Hop Soda,"€ 1,45",Hungary,3.69,MONYO Brewing Co./ Uradalmi Brewery,6.1%,IPA - American,330ml,"€ 4,39 per litre"
Pain Perdu (Kvass),"€ 20,00",Switzerland,3.87,Brasserie L'Apaisée,6.1%,Kvass,Bottle 750ml,"€ 26,67 per litre"
Sima x Hoptails SimplePoint!,"€ 6,30",Hungary,3.95,HopTails Brewery,7%,Sour - Fruited,330ml,"€ 19,09 per litre"
Buccaneer,"€ 15,00",Croatia,4.37,Pulfer Brewery,10.2%,Stout - Imperial / Double Pastry,330ml,"€ 45,45 per litre"
Sörmanufaktúra Misty 2024,"€ 4,70",Hungary,3.80,Uradalmi Brewery,6%,IPA - New England / Hazy,330ml,"€ 14,24 per litre"
Sörmanufaktúra Rusty 2024,"€ 4,70",Hungary,3.70,Uradalmi Brewery,5.9%,IPA - New England / Hazy,330ml,"€ 14,24 per litre"
Sörmanufaktúra Infinity 2024,"€ 4,30",Hungary,3.57,Uradalmi Brewery,5%,Pale Ale - New England / Hazy,330ml,"€ 13,03 per litre"
Óarany,"€ 3,20",Hungary,3.39,Szent András Sörfőzde,4.9%,Lager - Vienna,500ml,"€ 6,40 per litre"
Sol Fruited Wild Ale x Dear Hill Brewing,"€ 10,20",Denmark,3.98,Observatoriet,6%,Wild Ale - Other,Bottle 375ml,"€ 27,20 per litre"
Fuerst Wiacek Space Jelly,"€ 6,99",Germany,3.98,FUERST WIACEK,6.8%,IPA - American,Can 440ml,"€ 15,89 per litre"
Oude Geuze Platinum Blend (season 21|22) Blend No. 59,"€ 32,95",Belgium,4.30,Brouwerij 3 Fonteinen,5.7%,Lambic - Gueuze,Bottle 750ml,"€ 43,93 per litre"
Rhubarb Lambiek,"€ 22,95",Belgium,3.90,Oud Beersel,6.5%,Lambic - Fruit,Bottle 750ml,"€ 30,60 per litre"
Oude Geuze Vieille,"€ 6,50",Belgium,3.77,Oud Beersel,6.5%,Lambic - Gueuze,Bottle 375ml,"€ 17,33 per litre"
Comfort Ahead,"€ 7,29",Wales,3.99,Polly's Brew Co.,6.5%,IPA - New England / Hazy,Can 440ml,"€ 16,57 per litre"
Can't Catch Me,"€ 5,99",England,3.57,Vocation Brewery,8.4%,Stout - Other,Can 440ml,"€ 13,61 per litre"
Przecier #5,"€ 3,90",Poland,3.46,Przetwórnia Chmielu,6%,Sour - Fruited,Can 500ml,"€ 7,80 per litre"
Gouden Carolus Whiskey Infused,"€ 4,50",Belgium,4.00,Brouwerij Het Anker,11.7%,Belgian Strong Dark Ale,330ml,"€ 13,64 per litre"
Kriek Mariage Parfait,"€ 9,90",Belgium,3.83,Brouwerij Boon,8%,Lambic - Kriek,Bottle 375ml,"€ 26,40 per litre"
Punk IPA,"€ 56,26",Scotland,3.71,BrewDog,5.2%,IPA - American,24-pack,"Total price: € 56,26"
Punk IPA,"€ 54,47",Scotland,3.71,BrewDog,5.2%,IPA - American,24-pack,"Total price: € 54,47"
Punk IPA,"€ 61,02",Scotland,3.71,BrewDog,5.2%,IPA - American,24-pack,"Total price: € 61,02"
Punk IPA,"€ 51,84",Scotland,3.71,BrewDog,5.2%,IPA - American,24-pack,"Total price: € 51,84"
Punk IPA,"€ 50,09",Scotland,3.71,BrewDog,5.2%,IPA - American,24-pack,"Total price: € 50,09"
Punk IPA,"€ 63,89",Scotland,3.71,BrewDog,5.2%,IPA - American,24-pack,"Total price: € 63,89"
Punk IPA,"€ 49,55",Scotland,3.71,BrewDog,5.2%,IPA - American,24-pack,"Total price: € 49,55"
Punk IPA,"€ 53,12",Scotland,3.71,BrewDog,5.2%,IPA - American,24-pack,"Total price: € 53,12"
Punk IPA,"€ 56,50",Scotland,3.71,BrewDog,5.2%,IPA - American,24-pack,"Total price: € 56,50"
Punk IPA,"€ 2,90",Scotland,3.71,BrewDog,5.2%,IPA - American,Can 440ml,"€ 6,59 per litre"
Elvis Juice,"€ 54,15",Scotland,3.69,BrewDog,6.5%,IPA - Fruited,24-pack,"Total price: € 54,15"
Elvis Juice,"€ 53,44",Scotland,3.69,BrewDog,6.5%,IPA - Fruited,24-pack,"Total price: € 53,44"
Elvis Juice,"€ 58,64",Scotland,3.69,BrewDog,6.5%,IPA - Fruited,24-pack,"Total price: € 58,64"
Elvis Juice,"€ 51,71",Scotland,3.69,BrewDog,6.5%,IPA - Fruited,24-pack,"Total price: € 51,71"
Elvis Juice,"€ 60,94",Scotland,3.69,BrewDog,6.5%,IPA - Fruited,24-pack,"Total price: € 60,94"
Elvis Juice,"€ 60,65",Scotland,3.69,BrewDog,6.5%,IPA - Fruited,24-pack,"Total price: € 60,65"
Elvis Juice,"€ 49,01",Scotland,3.69,BrewDog,6.5%,IPA - Fruited,24-pack,"Total price: € 49,01"
Elvis Juice,"€ 53,31",Scotland,3.69,BrewDog,6.5%,IPA - Fruited,24-pack,"Total price: € 53,31"
Elvis Juice,"€ 55,00",Scotland,3.69,BrewDog,6.5%,IPA - Fruited,24-pack,"Total price: € 55,00"
Elvis Juice,"€ 2,90",Scotland,3.69,BrewDog,6.5%,IPA - Fruited,330ml,"€ 8,79 per litre"
BLACK HEART,"€ 3,50",Scotland,3.47,BrewDog,4.1%,Stout - Irish Dry,Can 440ml,"€ 7,95 per litre"
Hop Art,"€ 3,90",Netherlands,3.41,vandeStreek bier,5%,IPA - American,330ml,"€ 11,82 per litre"
Weissbier Resi Helles Weissbier,"€ 2,80",Germany,3.34,Privatbrauerei Hösl,5.3%,Wheat Beer - Hefeweizen,500ml,"€ 5,60 per litre"
Weissbier Resi - Leichtes Weissbier,"€ 2,50",Germany,3.30,Der Hirschbräu - Privatbrauerei Höss,4.7%,Wheat Beer - Hefeweizen,500ml,"€ 5,00 per litre"
Weissbier Resi Dunkles Weissbier,"€ 2,80",Germany,3.21,Privatbrauerei Hösl,5.1%,Wheat Beer - Dunkelweizen,500ml,"€ 5,60 per litre"
Communbräu Winterzoigl,"€ 2,50",Germany,3.16,Privatbrauerei Hösl,5.9%,Historical Beer - Zoigl,500ml,"€ 5,00 per litre"
Abt Andreas Dunkel,"€ 1,90",Germany,3.15,Privatbrauerei Hösl,4.9%,Lager - Dark,500ml,"€ 3,80 per litre"
Zünftiges Wirtshausbier,"€ 1,90",Germany,3.15,Privatbrauerei Hösl,5.2%,Kellerbier / Zwickelbier,500ml,"€ 3,80 per litre"
Whiskey-Weisse,"€ 2,90",Germany,2.82,Privatbrauerei Hösl,5.6%,Wheat Beer - Hefeweizen,500ml,"€ 5,80 per litre"
Winter Wizard,"€ 7,39",Denmark,3.78,Amager Bryghus,12%,Stout - Imperial / Double Pastry,500ml,"€ 5,80 per litre"
Yule Juice,"€ 6,49",Denmark,3.73,Amager Bryghus,6.5%,IPA - New England / Hazy,500ml,"€ 5,80 per litre"
Winter In Bangalore,"€ 5,99",Denmark,3.66,Amager Bryghus,6%,IPA - American,500ml,"€ 5,80 per litre"
Reindeer Fuel 2024,"€ 7,29",Denmark,3.61,Amager Bryghus,10%,Barleywine - Other,,
Opgebokt!,"€ 3,89",Netherlands,3.53,Van Moll,7.5%,Bock - Doppelbock,330ml,"€ 11,79 per litre"
All Sure Things,"€ 8,49",Wales,4.15,Polly's Brew Co.,10%,IPA - Triple New England / Hazy,Can 440ml,"€ 19,30 per litre"
A Modern Classic,"€ 6,39",Wales,3.81,Polly's Brew Co.,5.9%,Stout - American,Can 440ml,"€ 14,52 per litre"
Schübel Kellerbock,"€ 2,10",Germany,3.32,Schübel Bräu,7.2%,Bock - Single / Traditional,500ml,"€ 4,20 per litre"
Gutenberg Bock – Bockbier ( MHD 03.08.2021),"€ 3,75",Germany,3.59,KUEHN KUNZ ROSEN,8.5%,Bock - Doppelbock,330ml,"€ 11,36 per litre"
CHOCOLATE FUDGE BROWNIE // STOUT,"€ 7,39",England,3.86,Northern Monk,8.4%,Stout - Imperial / Double Pastry,Can 440ml,"€ 16,80 per litre"
FAITH IN FUTURES // AMY HASTINGS // DDH HAZY IPA,"€ 6,99",England,3.80,Northern Monk,6.5%,IPA - New England / Hazy,Can 440ml,"€ 15,89 per litre"
Double Up On Xmas,"€ 6,99",Denmark,3.79,Amager Bryghus,9%,IPA - Imperial / Double New England / Hazy,Can 440ml,"€ 15,89 per litre"
California Christmas,"€ 7,29",Denmark,3.73,Amager Bryghus,11%,Stout - Imperial / Double Pastry,Can 440ml,"€ 16,57 per litre"
Weihenstephaner Helles,"€ 2,39",Germany,3.67,Bayerische Staatsbrauerei Weihenstephan,4.8%,Lager - Helles,500ml,"€ 4,78 per litre"
Weihenstephaner Original Helles,"€ 2,39",Germany,3.61,Bayerische Staatsbrauerei Weihenstephan,5.1%,Lager - Helles,500ml,"€ 4,78 per litre"
Hopf Helle Weiße,"€ 2,39",Germany,3.60,Weißbierbrauerei Hopf,5.5%,Wheat Beer - Hefeweizen,500ml,"€ 4,78 per litre"
Weltenburger Kloster Barock Dunkel,"€ 2,49",Germany,3.52,Klosterbrauerei Weltenburg,4.7%,Lager - Munich Dunkel,500ml,"€ 4,98 per litre"
Weissbier Frühschoppen Hoibe,"€ 2,24",Germany,3.52,Sappl Bräu,5.3%,Wheat Beer - Hefeweizen,500ml,"€ 4,48 per litre"
Weltenburger Kloster Anno 1050 Märzen,"€ 2,39",Germany,3.51,Klosterbrauerei Weltenburg,5.5%,Märzen,500ml,"€ 4,78 per litre"
Oat White IPA,"€ 2,29",Germany,3.50,Ratsherrn Brauerei,6.5%,IPA - White / Wheat,330ml,"€ 6,94 per litre"
Schönramer Bayrisch Pale Ale,"€ 2,89",Germany,3.49,Private Landbrauerei Schönram,5.5%,Pale Ale - American,330ml,"€ 8,76 per litre"
Schönramer Pils,"€ 2,39",Germany,3.48,Private Landbrauerei Schönram,5%,Pilsner - German,330ml,"€ 7,24 per litre"
Weltenburger Kloster Hell,"€ 2,49",Germany,3.45,Klosterbrauerei Weltenburg,5.6%,Lager - Helles,500ml,"€ 4,98 per litre"
Wildwuchs X-TRA Imperial Dark Ale BIO,"€ 4,09",Germany,3.14,Wildwuchs Brauwerk Hamburg,8%,Dark Ale,330ml,"€ 12,39 per litre"
Weihenstephaner Weissbier Alkoholfrei,"€ 2,49",Germany,2.83,Bayerische Staatsbrauerei Weihenstephan,0.5%,Non-Alcoholic - Wheat,500ml,"€ 4,98 per litre"
Twisted Transistor Triple IPA,"€ 6,99",Germany,4.09,FrauGruber Brewing,10.2%,IPA - Triple New England / Hazy,Can 440ml,"€ 15,89 per litre"
Press Button For Funk IPA,"€ 6,29",Germany,3.91,FrauGruber Brewing,6.5%,IPA - New England / Hazy,Can 440ml,"€ 14,30 per litre"
New Dogs New Tricks Imperial IPA,"€ 6,49",Germany,3.84,FrauGruber Brewing,8.4%,IPA - Imperial / Double New England / Hazy,Can 440ml,"€ 14,75 per litre"
Welcome Home From Prison Mom Imperial West Coast IPA,"€ 6,29",Germany,3.80,FrauGruber Brewing,8.6%,IPA - Imperial / Double,Can 440ml,"€ 14,30 per litre"
Liquid Refreshment DH Kellerbier,"€ 4,29",Germany,3.75,FrauGruber Brewing,4.9%,Kellerbier / Zwickelbier,Can 440ml,"€ 9,75 per litre"
60/60 Chance DIPA,"€ 6,49",Germany,3.72,FrauGruber Brewing,8%,IPA - Imperial / Double New England / Hazy,Can 440ml,"€ 14,75 per litre"
Imported Goods DH Weissbier,"€ 4,29",Germany,3.66,FrauGruber Brewing,5.1%,Wheat Beer - Other,Can 440ml,"€ 9,75 per litre"
It's A Wrap Brewing Phase One Pale Ale,"€ 4,09",Germany,3.56,IT'S A WRAP Brewing Company GbR,5%,Pale Ale - Other,330ml,"€ 12,39 per litre"
It's A Wrap Brewing French Flag Pilsner,"€ 3,59",Germany,3.56,IT'S A WRAP Brewing Company GbR,4.8%,Pilsner - German,330ml,"€ 10,88 per litre"
Struise XXX Rye Reserva Bourbon Barrel Aged 2022,"€ 4,92",Belgium,4.01,De Struise Brouwers,10%,Rye Wine,330ml,"€ 14,91 per litre"
Double Up On Xmas DIPA,"€ 7,80",Denmark,3.79,Amager Bryghus,9%,IPA - Imperial / Double New England / Hazy,Can 440ml,"€ 17,73 per litre"
Reindeer Fuel 2024 Barley Wine,"€ 7,60",Denmark,3.77,Amager Bryghus,10%,Barleywine - Other,Can 440ml,"€ 17,27 per litre"
Julebryg 2024 Scottish Export Ale,"€ 5,10",Denmark,3.33,Amager Bryghus,6%,Scottish Export Ale,Can 440ml,"€ 11,59 per litre"
Fluid Mechanics DIPA,"€ 8,90",Norway,4.14,Salikatt Bryggeri,8%,IPA - Imperial / Double New England / Hazy,Can 440ml,"€ 20,23 per litre"
Cloudscape IPA,"€ 8,60",Norway,3.94,Salikatt Bryggeri,7%,IPA - New England / Hazy,Can 440ml,"€ 19,55 per litre"
Firebox IPA,"€ 8,40",Norway,3.82,Salikatt Bryggeri,6%,IPA - American,Can 440ml,"€ 19,09 per litre"
Secret Santa,"€ 7,19",Denmark,3.45,Amager Bryghus,10.5%,Belgian Quadrupel,Can 440ml,"€ 19,09 per litre"
Julebryg 2024,"€ 5,39",Denmark,3.33,Amager Bryghus,6%,Scottish Export Ale,Can 440ml,"€ 12,25 per litre"
Chiemsee Dark - Black Lager,"€ 2,90",Germany,3.53,Camba Bavaria,5.6%,Schwarzbier,Can 440ml,"€ 6,59 per litre"
Stokers Stout,"€ 3,30",Scotland,3.17,Jump Ship Brewing Ltd,0.5%,Non-Alcoholic - Porter / Stout,Can 330ml,"€ 10,00 per litre"
Growing Pains,"€ 31,20",Scotland,3.17,New Theory,12%,Non-Alcoholic - Porter / Stout,Bottle 750ml,"€ 41,60 per litre"
Love Bite,"€ 27,60",Scotland,3.17,New Theory,12%,Non-Alcoholic - Porter / Stout,Bottle 750ml,"€ 36,80 per litre"
Pot Luck,"€ 27,60",Scotland,3.17,New Theory,11.5%,Non-Alcoholic - Porter / Stout,Bottle 750ml,"€ 36,80 per litre"
Selfish Games Aurora Haze,"€ 5,29",Hungary,3.66,HORIZONT Brewing,6.6%,IPA - New England / Hazy,Can 440ml,"€ 12,02 per litre"
Morning Joe,"€ 2,59",Hungary,3.60,HORIZONT Brewing,6%,Stout - Coffee,330ml,"€ 7,85 per litre"
Easy A,"€ 3,13",Hungary,3.50,HORIZONT Brewing,4.5%,Pale Ale - American,330ml,"€ 9,48 per litre"
Non Alcoholic Craft IPA,"€ 3,42",Hungary,3.33,HORIZONT Brewing,0.5%,Non-Alcoholic - IPA,330ml,"€ 10,36 per litre"
Non Alcoholic IPA Grapefruit,"€ 3,42",Hungary,3.33,HORIZONT Brewing,0.5%,Non-Alcoholic - IPA,330ml,"€ 10,36 per litre"
La Plonge,"€ 12,40",Canada,4.37,Brasserie du Bas-Canada,10%,IPA - Triple,330ml,"€ 10,36 per litre"
Voyage Au Centre De La Terre,"€ 11,30",Canada,4.31,Brasserie du Bas-Canada,8.2%,IPA - Imperial / Double,330ml,"€ 10,36 per litre"
Dank Hunt,"€ 10,60",United States,4.27,DankHouse Brewing Company,10%,IPA - Triple New England / Hazy,330ml,"€ 10,36 per litre"
HYPA #7,"€ 10,20",Canada,4.24,Brasserie du Bas-Canada,6.5%,IPA - American,330ml,"€ 10,36 per litre"
Airport Lounge,"€ 10,30",United States,4.22,DankHouse Brewing Company,8.5%,IPA - Imperial / Double New England / Hazy,330ml,"€ 10,36 per litre"
Alex Made MTV,"€ 10,30",United States,4.15,DankHouse Brewing Company,6%,Sour - Fruited,330ml,"€ 10,36 per litre"
PIM,"€ 8,99",Sweden,3.99,Omnipollo,5.6%,Pale Ale - New England / Hazy,Can 440ml,"€ 20,43 per litre"
Cinnamon Bun Plasterer,"€ 15,60",Netherlands,4.06,Moersleutel Craft Brewery,12%,Stout - Pastry,Can 440ml,"€ 35,45 per litre"
Almond Ganache Bulldozer,"€ 15,00",Netherlands,4.03,Moersleutel Craft Brewery,11%,Stout - Imperial / Double Pastry,Can 440ml,"€ 34,09 per litre"
Flow State,"€ 7,70",England,3.89,Burnt Mill Brewery,6%,IPA - New England / Hazy,Can 440ml,"€ 17,50 per litre"
Living Landscape,"€ 5,80",England,3.68,Burnt Mill Brewery,4.6%,Pale Ale - New England / Hazy,Can 440ml,"€ 13,18 per litre"
Jackstaff IPA,"€ 3,30",Scotland,3.23,Jump Ship Brewing Ltd,0.5%,Non-Alcoholic - IPA,Can 330ml,"€ 10,00 per litre"
JJJuiceee Project Peacharine,"€ 24,95",United States,4.39,Tree House Brewing Company,8.7%,IPA - New Zealand,473ml,"€ 52,75 per litre"
Super Juicebox Megamix Turbo,"€ 7,50",France,3.92,Mogwaï Beer Company,4.5%,Sour - Smoothie / Pastry,Can 440ml,"€ 17,05 per litre"
Warmouth V13,"€ 4,50",Netherlands,3.80,De Kromme Haring,6.3%,IPA - New England / Hazy,330ml,"€ 13,64 per litre"
Moersleutel Fruit Press,"€ 4,50",Netherlands,3.74,Moersleutel Craft Brewery,5%,IPA - New England / Hazy,Can 440ml,"€ 10,23 per litre"
Wiwaxia,"€ 3,50",Netherlands,3.48,De Kromme Haring,5.8%,Lager - Vienna,330ml,"€ 10,61 per litre"
Irrawaddy V4,"€ 4,50",Netherlands,?,De Kromme Haring,6.5%,IPA - Sour,330ml,"€ 13,64 per litre"
Doom & Funk,"€ 18,26",Hungary,3.75,MadX,5.5%,Wild Ale - American,Bottle 750ml,"€ 24,35 per litre"
Major & Funk,"€ 17,64",Hungary,3.67,MadX,5.5%,Wild Ale - American,Bottle 750ml,"€ 23,52 per litre"
Mad Light,"€ 3,11",Hungary,3.45,Mad Scientist,4.4%,IPA - Session,330ml,"€ 9,42 per litre"
I'm Selling Bananas,"€ 7,26",Hungary,4.13,Mad Scientist,6%,Sour - Smoothie / Pastry,Can 440ml,"€ 16,50 per litre"
DDH Madhouse Supreme,"€ 5,71",Hungary,3.69,Mad Scientist,5.5%,IPA - New England / Hazy,Can 440ml,"€ 12,98 per litre"
New York Mocaccino,"€ 4,57",Hungary,3.73,Mad Scientist,6.6%,Stout - Milk / Sweet,Can 440ml,"€ 10,39 per litre"
Liquid Cocaine,"€ 3,64",Hungary,3.78,Mad Scientist,9%,IPA - Imperial / Double,Can 440ml,"€ 8,27 per litre"
BPBW 2024 New Adjunct IPA,"€ 3,74",Hungary,3.65,BPBW Budapest Beer Week,5.5%,IPA - New England / Hazy,330ml,"€ 11,33 per litre"
Jason - Crystal Lake Hoppy Helles,"€ 3,74",Hungary,3.46,Mad Scientist,4.13%,Lager - Helles,330ml,"€ 11,33 per litre"
Grote Burgemeester,"€ 3,70",Netherlands,3.48,Seagull Brewing,8.5%,Belgian Tripel,330ml,"€ 11,21 per litre"
Visdief,"€ 3,70",Netherlands,3.28,Seagull Brewing,6.1%,Wheat Beer - Witbier / Blanche,330ml,"€ 11,21 per litre"
Weihenstephaner Hefeweissbier Dunkel,"€ 2,45",Germany,3.76,Bayerische Staatsbrauerei Weihenstephan,5.3%,Wheat Beer - Dunkelweizen,500ml,"€ 4,90 per litre"
Val-Dieu Tripel,"€ 5,95",Belgium,3.67,Brasserie de l'Abbaye du Val-Dieu,9%,Belgian Tripel,Bottle 750ml,"€ 7,93 per litre"
Weihenstephaner Kellerbier,"€ 2,50",Germany,3.66,Bayerische Staatsbrauerei Weihenstephan,5.6%,Kellerbier / Zwickelbier,500ml,"€ 5,00 per litre"
Texels Zeebries Blond,"€ 2,15",Netherlands,3.47,Texelse Bierbrouwerij,5%,Belgian Blonde,330ml,"€ 6,52 per litre"
Poperings Hommelbier,"€ 1,55",Belgium,3.45,Leroy Breweries,7.5%,Belgian Strong Golden Ale,Bottle 250ml,"€ 6,20 per litre"
Electric Messiah,"€ 5,10",England,3.88,Ascension Cider,4%,Cider - Other Fruit,Can 330ml,"€ 15,45 per litre"
Pilot,"€ 4,40",England,3.75,Ascension Cider,4.8%,Cider - Traditional / Apfelwein,Can 330ml,"€ 13,33 per litre"
Clwb Tropica NA,"€ 3,00",Wales,3.20,Tiny Rebel Brewing Co,0.5%,Non-Alcoholic - IPA,Can 330ml,"€ 9,09 per litre"
Hercule Stout,"€ 7,50",Belgium,3.58,Brasserie des Légendes,9%,Stout - Belgian,330ml,"€ 22,73 per litre"
Braincake,"€ 8,99",United States,4.17,Parish Brewing Co.,8.4%,IPA - Imperial / Double New England / Hazy,473ml,"€ 19,01 per litre"
Custom Sneakers,"€ 3,50",Poland,3.87,Maltgarden,6%,IPA - New England / Hazy,500ml,"€ 7,00 per litre"
Tap 6 Unser Aventinus,"€ 2,30",Germany,3.81,Schneider Weisse G. Schneider & Sohn,8.2%,Bock - Weizendoppelbock,500ml,"€ 4,60 per litre"
Oude Gueuze,"€ 6,90",Belgium,3.79,Brewery John Martin & Brewery Timmermans,6.7%,Lambic - Gueuze,Bottle 375ml,"€ 18,40 per litre"
Aventinus Eisbock,"€ 2,90",Germany,3.79,Schneider Weisse G. Schneider & Sohn,12%,Bock - Eisbock,330ml,"€ 8,79 per litre"
Tap 5 Meine Hopfenweisse,"€ 2,50",United States,3.78,Brooklyn Brewery/ Schneider Weisse G. Schneider & Sohn,8.2%,Wheat Beer - Hopfenweisse,500ml,"€ 5,00 per litre"
Tap 7 Mein Original,"€ 2,20",Germany,3.66,Schneider Weisse G. Schneider & Sohn,5.4%,Wheat Beer - Hefeweizen,500ml,"€ 4,40 per litre"
Lovebeer,"€ 2,20",Germany,3.50,Schneider Weisse G. Schneider & Sohn,4.9%,Wheat Beer - Hefeweizen,500ml,"€ 4,40 per litre"
Veldensteiner Zwickl,"€ 1,60",Germany,3.33,Kaiser Bräu,5.4%,Kellerbier / Zwickelbier,500ml,"€ 3,20 per litre"
Lucky Buddha,"€ 3,70",Germany,2.98,Hangzhou Qiandaohu Beer Co. (Cheerday Brewery - 千岛湖),4.8%,Lager - Pale,330ml,"€ 11,21 per litre"
Tap 3 Weisse Alkoholfrei,"€ 2,20",Germany,2.89,Schneider Weisse G. Schneider & Sohn,0.5%,Non-Alcoholic - Wheat,500ml,"€ 4,40 per litre"
Winter Wizard Imperial Stout,"€ 8,60",Denmark,3.78,Amager Bryghus,12%,Stout - Imperial / Double Pastry,Can 440ml,"€ 19,55 per litre"
Winter In Bangalore IPA,"€ 6,50",Denmark,3.66,Amager Bryghus,6%,IPA - American,Can 440ml,"€ 14,77 per litre"
Secret Santa 2024 Christmas Quadruple,"€ 7,60",Denmark,3.45,Amager Bryghus,10.5%,Belgian Quadrupel,Can 440ml,"€ 17,27 per litre"
Wind,"€ 6,99",Netherlands,4.07,Moersleutel Craft Brewery,12%,Belgian Quadrupel,Can 440ml,"€ 15,89 per litre"
Brewprofen,"€ 4,79",Bulgaria,3.98,Sofia Electric Brewing,5%,Sour - Fruited,330ml,"€ 14,52 per litre"
Cake Break,"€ 7,49",Netherlands,3.97,Moersleutel Craft Brewery,10%,Stout - Pastry,Can 440ml,"€ 17,02 per litre"
Roulette Hop Series: Elani,"€ 4,29",Estonia,3.87,Pühaste Brewery,6.9%,IPA - New England / Hazy,330ml,"€ 13,00 per litre"
Arctic Circles Part 3,"€ 5,49",Norway,3.80,Bådin,6.5%,IPA - New England / Hazy,Can 440ml,"€ 12,48 per litre"
Fruit Press,"€ 4,99",Netherlands,3.74,Moersleutel Craft Brewery,5%,IPA - New England / Hazy,Can 440ml,"€ 11,34 per litre"
CYCT: Friction,"€ 5,79",Netherlands,3.70,Moersleutel Craft Brewery,6%,IPA - Other,Can 440ml,"€ 13,16 per litre"
For the Love of Hops 'Turquoise',"€ 5,79",Netherlands,3.70,Brouwerij Frontaal,5.5%,IPA - New England / Hazy,Can 440ml,"€ 13,16 per litre"
Radiant Revel,"€ 4,29",Estonia,3.70,Pühaste Brewery,3%,Sour - Fruited,330ml,"€ 13,00 per litre"
Johannieter 2024,"€ 3,49",Netherlands,3.61,Jopen,9%,Bock - Doppelbock,330ml,"€ 10,58 per litre"
Oktoberfest After Sauna,"€ 3,99",Italy,3.49,CRAK Brewery,5.2%,Festbier,330ml,"€ 12,09 per litre"
Jason - Crystal Lake Hoppy Helles,"€ 3,99",Hungary,3.46,Mad Scientist,4.1%,Lager - Helles,330ml,"€ 12,09 per litre"
Happy Demons Imagine Demons - Waves,"€ 5,15",Netherlands,3.37,Happy Demons Craft Beer,7.5%,Stout - Foreign / Export,Can 440ml,"€ 11,70 per litre"
Bianca Pina Colada Lassi Gose,"€ 7,50",Sweden,3.86,Omnipollo,6%,Sour - Smoothie / Pastry,Can 440ml,"€ 17,05 per litre"
Chouffe N'ice,"€ 2,80",Belgium,3.66,Brasserie d'Achouffe,10%,Winter Ale,330ml,"€ 8,48 per litre"
LIFF Spot Light,"€ 2,85",Netherlands,2.94,Brouwerij Pronck,0.3%,Non-Alcoholic - IPA,330ml,"€ 8,64 per litre"
Siren Mavka 2024,"€ 5,89",England,4.17,Siren Craft Brew,10%,Stout - Imperial / Double Coffee,Can 440ml,"€ 13,39 per litre"
Siren Juicy Details,"€ 5,72",England,3.84,Siren Craft Brew,6%,IPA - New England / Hazy,Can 440ml,"€ 13,00 per litre"
Siren Delicious Things,"€ 4,77",England,3.82,Siren Craft Brew,6%,Sour - Fruited,Can 440ml,"€ 10,84 per litre"
Siren Eleven Finger Discount,"€ 5,73",England,3.79,Siren Craft Brew,7.4%,IPA - New Zealand,Can 440ml,"€ 13,02 per litre"
Siren Follow Me To The Fields,"€ 4,69",England,3.70,Siren Craft Brew,5.4%,Brown Ale - English,Can 440ml,"€ 10,66 per litre"
Siren Reverberate,"€ 5,44",England,3.63,Siren Craft Brew,5.7%,IPA - American,Can 440ml,"€ 12,36 per litre"
Siren Existential,"€ 4,69",England,3.62,Siren Craft Brew,4.8%,Pale Ale - XPA (Extra Pale),Can 440ml,"€ 10,66 per litre"
Siren Hypernova,"€ 4,13",England,3.43,Siren Craft Brew,3.8%,Pilsner - German,Can 440ml,"€ 9,39 per litre"
Nocturnum,"€ 3,70",Belgium,3.76,Delirium - Huyghe Brewery,8.5%,Belgian Strong Dark Ale,330ml,"€ 11,21 per litre"
Péche Cardamome Lambicus,"€ 3,50",Belgium,3.56,Brewery John Martin & Brewery Timmermans,4%,Lambic - Fruit,Bottle 250ml,"€ 14,00 per litre"
Framboise Hibiscus- Lambicus,"€ 3,50",Belgium,3.56,Brewery John Martin & Brewery Timmermans,4%,Lambic - Framboise,Bottle 250ml,"€ 14,00 per litre"
Bourgogne des Flandres- Roodbruin Bier,"€ 3,90",Belgium,3.52,Brewery John Martin & Brewery Timmermans,5%,Sour - Flanders Red Ale,330ml,"€ 11,82 per litre"
Watou - Tokyo,"€ 3,20",Belgium,3.48,Brouwerij St.Bernardus,6%,Wheat Beer - Witbier / Blanche,330ml,"€ 9,70 per litre"
Lambicus Blanche,"€ 3,50",Belgium,3.47,Brewery John Martin & Brewery Timmermans,4.5%,Lambic - Traditional,330ml,"€ 10,61 per litre"
Faro Lambicus,"€ 3,50",Belgium,3.45,Brewery John Martin & Brewery Timmermans,4%,Lambic - Faro,330ml,"€ 10,61 per litre"
Blanche de Namur,"€ 2,50",Belgium,3.40,Brasserie du Bocq,4.5%,Wheat Beer - Witbier / Blanche,Bottle 250ml,"€ 10,00 per litre"
Playground - Alkoholfreies IPA,"€ 3,90",Netherlands,3.33,vandeStreek bier,0.5%,Non-Alcoholic - IPA,330ml,"€ 11,82 per litre"
Widok,"€ 4,10",Poland,3.84,Browar Cztery Ściany,5.5%,Pale Ale - New England / Hazy,Can 500ml,"€ 8,20 per litre"
Powiew,"€ 3,90",Poland,3.83,Browar Cztery Ściany,5.6%,Pale Ale - New England / Hazy,Can 500ml,"€ 7,80 per litre"
Bez,"€ 3,50",Poland,3.80,Browar Cztery Ściany,0.5%,Non-Alcoholic - IPA,Can 500ml,"€ 7,00 per litre"
Skwer,"€ 4,20",Poland,3.72,Browar Cztery Ściany,5.7%,IPA - Session,Can 500ml,"€ 8,40 per litre"
Promenada,"€ 4,60",Poland,3.68,Browar Cztery Ściany,5.8%,Sour - Fruited,Can 500ml,"€ 9,20 per litre"
Meinel Weizenbock,"€ 2,20",Germany,3.64,Meinel Bräu,7%,Bock - Weizenbock,500ml,"€ 4,40 per litre"
Meinel Doppelbock,"€ 2,20",Germany,3.63,Meinel Bräu,8%,Bock - Doppelbock,500ml,"€ 4,40 per litre"
Kuchlbauer Turmweisse,"€ 1,90",Germany,3.59,Weissbierbrauer Kuchlbauer,5.9%,Wheat Beer - Hefeweizen,500ml,"€ 3,80 per litre"
Export Porter 1750,"€ 4,10",Netherlands,3.85,Brouwerij Kees,10.5%,Porter - Imperial / Double,Can 330ml,"€ 12,42 per litre"
Spaceman West Coast Fles,"€ 5,95",Italy,3.75,BrewFist,7%,IPA - American,330ml,"€ 18,03 per litre"
Heimdall Imperial Rye Bock,"€ 4,10",Netherlands,3.60,Walhalla Brouwerij & Proeflokaal,8.5%,Bock - Doppelbock,Can 330ml,"€ 12,42 per litre"
Opgebokt! Chocolate Doppelbock,"€ 4,00",Netherlands,3.42,Van Moll,7%,Bock - Doppelbock,Can 330ml,"€ 12,12 per litre"
Oehoe Donker Doppelbock,"€ 4,10",Netherlands,3.34,De Heidebrouwerij,7.5%,Bock - Doppelbock,Can 330ml,"€ 12,42 per litre"
IPA Alcoholvrij,"€ 2,95",Netherlands,3.28,Lowlander Beer,0.3%,Non-Alcoholic - IPA,330ml,"€ 8,94 per litre"
Wild Leven Bock,"€ 3,45",Netherlands,3.27,Hert Bier,6.5%,Bock - Single / Traditional,330ml,"€ 10,45 per litre"
Non-Alc Citrus Blonde Alcoholvrij Glutenvrij,"€ 2,70",Netherlands,3.08,Lowlander Beer,0.3%,Non-Alcoholic - Other,330ml,"€ 8,18 per litre"
Wit Alcoholvrij Blik SB,"€ 2,85",Netherlands,2.94,Lowlander Beer,0.3%,Non-Alcoholic - Wheat,330ml,"€ 8,64 per litre"
Rye On Rye,"€ 10,49",United States,4.13,Boulevard Brewing Co.,13.2%,Rye Beer,330ml,"€ 8,64 per litre"
Pseudo Sue,"€ 8,49",United States,4.11,Toppling Goliath Brewing Co.,5.8%,Pale Ale - American,330ml,"€ 8,64 per litre"
Dragon's Milk,"€ 8,99",United States,4.05,New Holland Brewing,11%,Stout - Imperial / Double,330ml,"€ 8,64 per litre"
Whiskey Barrel Stout,"€ 10,49",United States,4.04,Boulevard Brewing Co.,11.8%,Stout - Imperial / Double,335ml,"€ 31,31 per litre"
Bourbon Barrel Quad,"€ 10,49",United States,4.03,Boulevard Brewing Co.,12.2%,Belgian Quadrupel,335ml,"€ 31,31 per litre"
Two Hearted IPA,"€ 4,99",United States,3.94,Bell's Brewery,7%,IPA - American,355ml,"€ 14,06 per litre"
Radiant Haze / Radiant Beer,"€ 8,49",United States,3.92,Toppling Goliath Brewing Co.,7%,IPA - American,473ml,"€ 17,95 per litre"
Big Hearted IPA,"€ 4,99",United States,3.90,Bell's Brewery,9.5%,IPA - Imperial / Double,,
The Sixth Glass,"€ 7,49",United States,3.88,Boulevard Brewing Co.,10.2%,Belgian Quadrupel,335ml,"€ 22,36 per litre"
Dark Truth,"€ 7,49",United States,3.85,Boulevard Brewing Co.,9.7%,Stout - Imperial / Double,335ml,"€ 22,36 per litre"
Hazy Hearted IPA,"€ 4,99",United States,3.83,Bell's Brewery,7.5%,IPA - New England / Hazy,335ml,"€ 22,36 per litre"
Dank 7,"€ 6,29",United States,3.77,Boulevard Brewing Co.,7%,IPA - Belgian,335ml,"€ 22,36 per litre"
Change of Heart,"€ 4,99",United States,3.74,Bell's Brewery,7%,IPA - Black / Cascadian Dark Ale,335ml,"€ 22,36 per litre"
Triple Drop,"€ 4,49",Estonia,3.99,Pühaste Brewery,11%,IPA - Triple New England / Hazy,330ml,"€ 13,61 per litre"
Baby Sharks,"€ 4,69",England,3.93,Verdant Brewing Co,4.8%,Pale Ale - New England / Hazy,Can 440ml,"€ 10,66 per litre"
Duvel Tripel Hop Citra,"€ 3,00",Belgium,3.68,Duvel Moortgat,9.5%,IPA - Belgian,330ml,"€ 9,09 per litre"
Zeezuiper,"€ 2,30",Belgium,3.66,Scheldebrouwerij,8%,Belgian Tripel,330ml,"€ 6,97 per litre"
Hop Zij Met Ons,"€ 3,25",Netherlands,3.52,Jopen,6%,IPA - Other,330ml,"€ 9,85 per litre"
Ciney Blond,"€ 2,10",Belgium,3.44,Brouwerij Alken-Maes,7%,Belgian Blonde,Bottle 250ml,"€ 8,40 per litre"
Dale's American Double IPA,"€ 5,29",United States,3.77,Oskar Blues Brewery,9%,IPA - Imperial / Double,355ml,"€ 14,90 per litre"
Waldi Geröllheimer West Coast IPA,"€ 6,49",Germany,3.77,Lieber Waldi,6.8%,IPA - American,Can 440ml,"€ 14,75 per litre"
Lieber Waldi x White Dog Good Old Doggy Days Helles Simcoe,"€ 5,89",Germany,3.64,Lieber Waldi,5%,Lager - Helles,Can 440ml,"€ 13,39 per litre"
Schäffler Techtel Mechtel Centennial Ale,"€ 3,59",Germany,3.59,Schäffler Bräu,4.9%,Blonde / Golden Ale - Other,330ml,"€ 10,88 per litre"
All Sure Things,"€ 8,90",Wales,4.15,Polly's Brew Co.,10%,IPA - Triple New England / Hazy,Can 440ml,"€ 20,23 per litre"
PATRONS PROJECT 42.04 // BILLELIS // WANING EMBER // OUTER RANGE BREWING // DDH IPA,"€ 7,70",England,4.04,Northern Monk,7%,IPA - New England / Hazy,Can 440ml,"€ 17,50 per litre"
Comfort Ahead,"€ 8,30",Wales,3.99,Polly's Brew Co.,6.5%,IPA - New England / Hazy,Can 440ml,"€ 18,86 per litre"
Hell Could Freeze,"€ 8,10",Wales,3.93,Polly's Brew Co.,6.2%,IPA - New England / Hazy,Can 440ml,"€ 18,41 per litre"
Double Up On Xmas,"€ 7,10",Denmark,3.79,Amager Bryghus,9%,IPA - Imperial / Double New England / Hazy,Can 440ml,"€ 16,14 per litre"
Oude Geuze 2022 Blend 8,"€ 12,50",Belgium,4.06,Brouwerij 3 Fonteinen,6%,Lambic - Gueuze,Bottle 750ml,"€ 16,67 per litre"
Steezy DDH,"€ 7,50",United States,4.16,Outer Range Brewing Co.,7.2%,IPA - New England / Hazy,Can 440ml,"€ 17,05 per litre"
Tearing of Souls,"€ 7,45",Germany,4.16,Sudden Death Brewing Co.,8.5%,IPA - Imperial / Double,Can 440ml,"€ 16,93 per litre"
Kellerbier,"€ 2,49",Germany,3.51,Brauerei Hummel,4.9%,Kellerbier / Zwickelbier,500ml,"€ 4,98 per litre"
Bosvruchten Mede (2024),"€ 17,50",Netherlands,4.15,Mederij Marcus,10%,Mead - Melomel,500ml,"€ 35,00 per litre"
HYPER DRIFT,"€ 7,50",Spain,4.08,Garage Beer Co.,8.2%,IPA - Imperial / Double,Can 440ml,"€ 17,05 per litre"
Supreme Guard,"€ 7,95",Spain,4.07,Basqueland Brewing,10%,IPA - Triple,Can 440ml,"€ 18,07 per litre"
This Is An Eggcellent IPA,"€ 4,30",Netherlands,3.45,Brouwerij Kees,4.9%,IPA - American,330ml,"€ 13,03 per litre"
Barrel Aged Sticky Little Fingers,"€ 12,50",Norway,4.32,Amundsen Brewery,13%,Stout - Imperial / Double Pastry,Can 440ml,"€ 28,41 per litre"
Blackcurrant PBJ Time,"€ 16,95",Hungary,4.02,Mead Scientist,11%,Mead - Other,Bottle 375ml,"€ 45,20 per litre"
Press Button for Funk – IPA,"€ 6,25",Germany,3.91,FrauGruber Brewing,6.5%,IPA - New England / Hazy,Can 440ml,"€ 14,20 per litre"
Welcome Home from Prison Mom – Imperial West Coast,"€ 6,75",Germany,3.80,FrauGruber Brewing,8.6%,IPA - Imperial / Double,Can 440ml,"€ 15,34 per litre"
60 / 60 Chance – Double IPA,"€ 6,25",Germany,3.72,FrauGruber Brewing,8%,IPA - Imperial / Double New England / Hazy,Can 440ml,"€ 14,20 per litre"
Imported Goods – Kaltgehopftes Weissbier,"€ 3,95",Germany,3.66,FrauGruber Brewing,5.1%,Wheat Beer - Other,Can 440ml,"€ 8,98 per litre"
Twisted Transistor – Triple IPA,"€ 6,75",Germany,4.09,FrauGruber Brewing,10.2%,IPA - Triple New England / Hazy,Can 440ml,"€ 15,34 per litre"
Heart Full Of Soul – Triple IPA,"€ 6,75",Germany,4.06,FrauGruber Brewing,10.5%,IPA - Triple New England / Hazy,Can 440ml,"€ 15,34 per litre"
Bootie Cooler West Coast IPA – Collab Bevog,"€ 5,95",Germany,3.90,FrauGruber Brewing,7.2%,IPA - Other,Can 440ml,"€ 13,52 per litre"
New Dogs new Tricks – Imperial IPA,"€ 6,45",Germany,3.84,FrauGruber Brewing,8.4%,IPA - Imperial / Double New England / Hazy,Can 440ml,"€ 14,66 per litre"
Strawberry Splash -Barrel Aged Grape Ale,"€ 19,95",Germany,3.27,FrauGruber Brewing,6.5%,Grape Ale - Other,500ml,"€ 39,90 per litre"
S Curve IPA,"€ 11,30",United States,4.07,Hop Butcher For The World,7.5%,IPA - Imperial / Double New England / Hazy,473ml,"€ 23,89 per litre"
Prenzlauer 0 Non-Alcoholic Sour,"€ 3,90",Estonia,3.17,Põhjala,0.5%,Non-Alcoholic - Sour,330ml,"€ 11,82 per litre"
Omnipollo x Buxton Barrel Aged Original Maple Truffle Ice Cream Waffle,"€ 18,50",Sweden,4.33,Omnipollo,15%,Porter - Imperial / Double,330ml,"€ 56,06 per litre"
Hefe Weisse,"€ 3,05",Germany,3.68,Hacker-Pschorr,5.5%,Wheat Beer - Hefeweizen,500ml,"€ 6,10 per litre"
Brauhaus Tegernsee Tegernseer Hell,"€ 2,95",Germany,3.63,Herzoglich Bayerisches Brauhaus Tegernsee,4.8%,Lager - Helles,500ml,"€ 5,90 per litre"
Foncée Whiskey Infused,"€ 3,00",Belgium,3.51,Brouwerij De Poes,8.5%,Belgian Strong Dark Ale,330ml,"€ 9,09 per litre"
Hofbräu Pure,"€ 2,10",Germany,3.21,Staatliches Hofbräuhaus München,5.3%,Lager - Helles,330ml,"€ 6,36 per litre"
Kwaremont,"€ 3,25",Belgium,3.49,Brouwerij De Brabandere,6.6%,Belgian Blonde,330ml,"€ 9,85 per litre"
Blond,"€ 2,95",Netherlands,3.31,Grutte Pier Brouwerij,4.5%,Belgian Blonde,330ml,"€ 8,94 per litre"
Lupulus Tripel 75cl,"€ 12,95",Netherlands,3.31,vendor-unknown,4.5%,Belgian Blonde,Bottle 750ml,"€ 17,27 per litre"
Grupa G6+,"€ 3,00",Poland,3.91,Przetwórnia Chmielu,2.7%,Grodziskie / Grätzer,Can 500ml,"€ 6,00 per litre"
Trick or Treat?,"€ 3,80",Poland,3.71,Magic Road,5.2%,Sour - Smoothie / Pastry,Can 500ml,"€ 7,60 per litre"
Augsburger Herren Pils,"€ 1,79",Germany,3.31,Brauhaus Riegele,4.7%,Pilsner - German,330ml,"€ 5,42 per litre"
Amulet,"€ 9,10",United States,4.27,Hudson Valley Brewery,7%,IPA - Sour,473ml,"€ 19,24 per litre"
Floem / Norm Brewing Silk Screen,"€ 7,25",Netherlands,3.96,Floem,7.7%,IPA - Imperial / Double New England / Hazy,Can 440ml,"€ 16,48 per litre"
Maple Bänger,"€ 4,95",Estonia,3.92,Põhjala,12.5%,Stout - Imperial / Double,330ml,"€ 15,00 per litre"
Van Moll / 013 / 100 Watt Three Amigos Cachaca BA,"€ 17,95",Netherlands,3.79,Van Moll,9.5%,Belgian Strong Dark Ale,Bottle 750ml,"€ 23,93 per litre"
Naughty Napoleon,"€ 4,30",Belgium,3.69,Brouwerij 't Verzet,15%,Stout - Imperial / Double,Bottle 750ml,"€ 23,93 per litre"
Ravelijn,"€ 2,40",Belgium,3.54,Enigma,10.5%,Farmhouse Ale - Saison,330ml,"€ 7,27 per litre"
Taxandria Peaty Barrel,"€ 3,00",Belgium,3.15,Gallico,9%,Stout - Belgian,330ml,"€ 7,27 per litre"
Crowd Control 3000,"€ 5,24",Romania,4.14,Hop Hooligans,6%,IPA - Imperial / Double New England / Hazy,Can 500ml,"€ 10,48 per litre"
Pinta / Mount - Hazy Discovery Mount Maunganui,"€ 4,70",Poland,3.97,Browar PINTA,6.5%,IPA - New England / Hazy,Can 500ml,"€ 9,40 per litre"
Congress Street,"€ 12,30",United States,4.27,Trillium Brewing Company,7.2%,IPA - American,473ml,"€ 26,00 per litre"
Pillow Hat,"€ 8,10",United States,3.81,Hudson Valley Brewery,4%,IPA - Session,473ml,"€ 17,12 per litre"
Trucks & Buses Must Exit Left,"€ 10,90",United States,4.01,Trillium Brewing Company,5.5%,Pale Ale - American,473ml,"€ 23,04 per litre"
STAY BRUTAL,"€ 4,69",Netherlands,3.59,JELSTER,10%,Stout - Imperial / Double Pastry,330ml,"€ 14,21 per litre"
Trillium x Other Half x The Veil HDHC Like Like Whoa Whoa,"€ 16,30",United States,4.42,Trillium Brewing Company,9%,IPA - Imperial / Double,473ml,"€ 34,46 per litre"
Magnus 24 Edition Kriek,"€ 24,99",Germany,4.02,Brauhaus Riegele,14%,Bock - Hell / Maibock / Lentebock,330ml,"€ 75,73 per litre"
Magnus 24 Edition Kriek,"€ 49,99",Germany,4.02,Brauhaus Riegele,14%,Bock - Hell / Maibock / Lentebock,Bottle 750ml,"€ 66,65 per litre"
Karmeliet Triple,"€ 3,50",Belgium,3.99,Brouwerij Bosteels,8.4%,Belgian Tripel,330ml,"€ 10,61 per litre"
Playground - Alkoholfreies IPA,"€ 3,90",Netherlands,3.33,vandeStreek bier,0.5%,Non-Alcoholic - IPA,330ml,"€ 11,82 per litre"
OMG Hazy,"€ 4,29",United States,3.83,Maui Brewing Company,7%,IPA - New England / Hazy,330ml,"€ 11,82 per litre"
Big Swell,"€ 4,29",United States,3.69,Maui Brewing Company,6.8%,IPA - American,330ml,"€ 11,82 per litre"
2x4,"€ 7,99",United States,4.09,Melvin Brewing,9.9%,IPA - Imperial / Double,355ml,"€ 22,51 per litre"
The Walrus,"€ 7,99",United States,3.94,Roadhouse Brewing Company,8.3%,IPA - New England / Hazy,355ml,"€ 22,51 per litre"
IPA,"€ 5,69",United States,3.93,Melvin Brewing,7.5%,IPA - American,355ml,"€ 22,51 per litre"
Hopster Haze,"€ 12,49",United States,3.73,Sage Brews,6.6%,IPA - New England / Hazy,,
Pineapple Mana,"€ 4,29",United States,3.64,Maui Brewing Company,5.5%,Wheat Beer - Fruited,,
Fresh Coast,"€ 12,49",United States,3.61,Sage Brews,7.5%,IPA - American,,
Da Hawaii Life,"€ 4,29",United States,3.60,Maui Brewing Company,4.2%,Lager - American Light,,
ATE,"€ 7,40",Germany,4.19,FUERST WIACEK,8%,IPA - Imperial / Double New England / Hazy,Can 440ml,"€ 16,82 per litre"
Pending Perception,"€ 29,50",United States,4.19,Sante Adairius Rustic Ales,6.5%,Farmhouse Ale - Saison,Bottle 750ml,"€ 39,33 per litre"
Shadows Of The Moon,"€ 14,00",England,4.14,Cloudwater Brew Co.,6.4%,Wild Ale - Other,Bottle 375ml,"€ 37,33 per litre"
Cantillon: Rosé de Gambrinus 2024,"€ 11,75",Belgium,4.27,Brasserie Cantillon,5%,Lambic - Framboise,Bottle 375ml,"€ 31,33 per litre"
Oude Geuze,"€ 2,90",Belgium,3.37,Brouwerij Boon,7%,Lambic - Gueuze,Bottle 375ml,"€ 7,73 per litre"
The scream,"€ 5,50",Spain,3.98,Caleya,6.5%,IPA - New England / Hazy,Can 440ml,"€ 12,50 per litre"
I shot the sheriff,"€ 4,70",Spain,3.84,Caleya,6.3%,IPA - American,Can 440ml,"€ 12,50 per litre"
Body Snatchers,"€ 4,70",Spain,3.81,Caleya,6.6%,IPA - American,Can 440ml,"€ 12,50 per litre"
Make my day,"€ 6,00",Spain,3.80,Caleya,7.7%,IPA - Imperial / Double,Can 440ml,"€ 13,64 per litre"
Alpha Centauri,"€ 5,49",United States,3.88,Hop Valley Brewing Company,9%,IPA - Imperial / Double,Can 440ml,"€ 13,64 per litre"
Dead 'N' Dead,"€ 6,99",United States,3.86,Rogue Ales,9.5%,Bock - Hell / Maibock / Lentebock,Can 440ml,"€ 13,64 per litre"
Pumpkin Patch Ale,"€ 6,69",United States,3.76,Rogue Ales,6.1%,Pumpkin / Yam Beer,Can 440ml,"€ 13,64 per litre"
Tropical Fresh,"€ 4,99",United States,3.73,Deschutes Brewery,6.5%,IPA - American,Can 440ml,"€ 13,64 per litre"
Stash Bandicoot,"€ 5,49",United States,3.66,Hop Valley Brewing Company,8%,IPA - Imperial / Double New England / Hazy,Can 440ml,"€ 13,64 per litre"
Dead Guy Pilsner,"€ 3,99",United States,3.58,Rogue Ales,5%,Pilsner - Other,Can 440ml,"€ 13,64 per litre"
Dead Guy Pilsner,"€ 14,99",United States,3.58,Rogue Ales,5%,Pilsner - Other,,
Dead Guy Pilsner,"€ 28,99",United States,3.58,Rogue Ales,5%,Pilsner - Other,,
Dead Guy Pilsner,"€ 42,99",United States,3.58,Rogue Ales,5%,Pilsner - Other,,
Berry Blonde,"€ 4,49",United States,3.42,Rogue Ales,4.7%,Blonde / Golden Ale - American,,
Brouwerij de Bie Zatte Bie,"€ 3,50",Belgium,3.33,Brouwerij De Bie,9%,Belgian Strong Dark Ale,330ml,"€ 10,61 per litre"
DM (Blend #1),"€ 765,00",United States,4.82,Side Project Brewing,15%,Stout - Imperial / Double,330ml,"€ 10,61 per litre"
Dream Shaper,"€ 5,40",England,3.89,Track Brewing Company,4%,Pale Ale - New England / Hazy,Can 440ml,"€ 12,27 per litre"
Juicy Details,"€ 5,40",England,3.84,Siren Craft Brew,6%,IPA - New England / Hazy,Can 440ml,"€ 12,27 per litre"
Starlit,"€ 6,30",England,3.82,Track Brewing Company,7.2%,IPA - American,Can 440ml,"€ 14,32 per litre"
Aufsesser Bock Hell,"€ 2,00",Germany,3.44,Privatbrauerei Rothenbach,7.2%,Bock - Hell / Maibock / Lentebock,500ml,"€ 4,00 per litre"
Chouffe Alkoholfrei,"€ 3,59",Belgium,3.82,Brasserie d'Achouffe,8%,Belgian Strong Golden Ale,330ml,"€ 10,88 per litre"
Hazy Blues Juicy IPA,"€ 5,29",United States,3.78,Oskar Blues Brewery,7%,IPA - New England / Hazy,355ml,"€ 14,90 per litre"
St. Austell Tribute Pale Ale,"€ 4,49",England,3.46,St Austell Brewery,4.2%,Pale Ale - English,500ml,"€ 8,98 per litre"
Fruitesse On The Rocks Fruitbeer,"€ 2,69",Belgium,3.37,Brouwerij Liefmans,3.8%,Fruit Beer,Bottle 250ml,"€ 10,76 per litre"
Fuerst Wiacek x Muted Horn ATE DDH DIPA,"€ 7,29",Belgium,3.37,,3.8%,Fruit Beer,Can 440ml,"€ 16,57 per litre"
Implosion Fruited,"€ 4,00",Denmark,3.07,To Øl,0.3%,Non-Alcoholic - Other,330ml,"€ 12,12 per litre"
Back Already?,"€ 8,50",Sweden,3.95,Stigbergets Bryggeri,12%,Stout - Imperial / Double Milk,Can 440ml,"€ 19,32 per litre"
Dark Flow – Barrel Aged Imperial Stout ( 9 Monate im Caol Illa Wiskey Fass ),"€ 9,75",Germany,3.65,KUEHN KUNZ ROSEN,11%,Stout - Imperial / Double,330ml,"€ 29,55 per litre"
Setje Deluxe,"€ 3,45",Netherlands,3.76,Briljant Brouwhuis,6.3%,Belgian Blonde,330ml,"€ 10,45 per litre"
What's Eating Gilbert Saison,"€ 3,45",Netherlands,3.51,Briljant Brouwhuis,6.5%,Farmhouse Ale - Saison,330ml,"€ 10,45 per litre"
Hannes De Vijfhoeker Pale Ale,"€ 3,20",Netherlands,3.48,Briljant Brouwhuis,5.5%,Pale Ale - American,330ml,"€ 9,70 per litre"
XXX-Bitter Belgian IPA,"€ 9,65",Belgium,3.47,Brouwerij De Ranke,6%,IPA - Belgian,Bottle 750ml,"€ 12,87 per litre"
The Great Northern BA Series 43,"€ 48,99",United States,4.51,Evil Twin Brewing NYC,15%,Stout - Imperial / Double,500ml,"€ 97,98 per litre"
Water Balloon Fighters (canned: 20-08-24),"€ 13,50",United States,4.43,Monkish Brewing Co.,8.4%,IPA - Imperial / Double New England / Hazy,473ml,"€ 28,54 per litre"
A Thousand Plateaus (canned: 31-07-24),"€ 14,99",United States,4.40,Root + Branch Brewing,8.5%,IPA - Imperial / Double New England / Hazy,473ml,"€ 31,69 per litre"
Liquid Flows (canned: 27-08-24),"€ 13,99",United States,4.37,Monkish Brewing Co.,8.5%,IPA - Imperial / Double New England / Hazy,473ml,"€ 29,58 per litre"
Barrel Aged Gavel Slammer,"€ 19,99",United States,4.32,Hoppin' Frog Brewery,16.5%,Dark Ale,473ml,"€ 42,26 per litre"
Monk Magic Dynasty (canned: 27-08-24),"€ 13,99",United States,4.32,Monkish Brewing Co.,8.6%,IPA - Imperial / Double New England / Hazy,473ml,"€ 29,58 per litre"
Intersections (canned: 14-08-24),"€ 13,99",United States,4.30,Monkish Brewing Co.,8.5%,IPA - Imperial / Double New England / Hazy,473ml,"€ 29,58 per litre"
Heaven Hill Barrel-Aged Pentuple 2023,"€ 11,70",United States,4.28,Hoppin' Frog Brewery,15.4%,Belgian Tripel,248ml,"€ 47,18 per litre"
Brandy Pentuple 2023,"€ 11,70",United States,4.26,Hoppin' Frog Brewery,15.4%,Belgian Tripel,248ml,"€ 47,18 per litre"
Descenes (canned: 14-08-24),"€ 14,75",United States,4.25,Root + Branch Brewing,6.5%,IPA - New England / Hazy,473ml,"€ 31,18 per litre"
Rocky Mountain Barrel-Aged B.O.R.I.S.,"€ 10,45",United States,4.23,Hoppin' Frog Brewery,9.4%,Stout - Russian Imperial,248ml,"€ 42,14 per litre"
Red Wine Barrel-Aged Pentuple 2023,"€ 11,70",United States,4.22,Hoppin' Frog Brewery,15.4%,Belgian Tripel,248ml,"€ 47,18 per litre"
Barrel Aged Outta Kilter Scotch-Style Red Ale,"€ 15,99",United States,3.92,Hoppin' Frog Brewery,8.2%,Scotch Ale / Wee Heavy,473ml,"€ 33,81 per litre"
Grisette,"€ 7,76",Spain,3.53,Cyclic Beer Farm,3.7%,Farmhouse Ale - Grisette,Bottle 750ml,"€ 10,35 per litre"
Oude Geuze VAT 31 Limited Edition,"€ 13,67",Belgium,3.99,Brouwerij Boon,8.5%,Lambic - Gueuze,Bottle 375ml,"€ 36,45 per litre"
Oude Gueuze,"€ 3,88",Belgium,3.34,Brouwerij Mort Subite,7%,Lambic - Gueuze,Bottle 375ml,"€ 10,35 per litre"
Shoque Le Boque BA Seagram,"€ 6,50",Netherlands,3.91,100 Watt Brewery,8.4%,Bock - Doppelbock,330ml,"€ 19,70 per litre"
(BUDAPEST DELIVERY ONLY!) Bright Lies,"€ 4,98",Hungary,4.01,Brew Your Mind,6.5%,IPA - New England / Hazy,Can 440ml,"€ 11,32 per litre"
Fruit Works Blueberry-Strawberry-Lime,"€ 6,23",Hungary,3.92,Brew Your Mind,5.7%,Sour - Fruited,Can 440ml,"€ 14,16 per litre"
Völgy Honey Lager,"€ 4,15",Hungary,3.62,Brew Your Mind,7%,Honey Beer,Can 440ml,"€ 9,43 per litre"
(BUDAPEST DELIVERY ONLY!) Yellow Haze,"€ 4,47",Hungary,3.82,Brew Your Mind,5.5%,Pale Ale - New England / Hazy,Can 440ml,"€ 10,16 per litre"
Dyk Skiep,"€ 3,30",Netherlands,2.53,Ramses Bier,4.8%,Wheat Beer - Hefeweizen,330ml,"€ 10,00 per litre"
Sacred Oath,"€ 14,00",Scotland,4.17,Otherworld Brewing,14.5%,Barleywine - Other,Can 440ml,"€ 31,82 per litre"
Caladrius,"€ 5,90",Scotland,3.71,Otherworld Brewing,6.2%,Wheat Beer - Witbier / Blanche,Can 440ml,"€ 13,41 per litre"
Einen Sitzen – DDH Double Neipa,"€ 6,95",Scotland,3.71,Bierboutique Konstanz,8.3%,DDH Double IPA,Can 440ml,"€ 15,80 per litre"
SimplePoint,"€ 5,19",Hungary,3.95,HopTails Brewery,7%,Sour - Fruited,330ml,"€ 15,73 per litre"
Rattle & Rum,"€ 3,00",Scotland,3.69,BrewDog,7.4%,Stout - English,Can 440ml,"€ 6,82 per litre"
Modern Times - Palace Of Paper Sacks - Nectarine Sour,"€ 24,00",United States,4.26,Modern Times Beer,7.8%,Wild Ale - American,Bottle 750ml,"€ 32,00 per litre"
Blond,"€ 3,99",Netherlands,3.31,Brother Beer,6%,Belgian Blonde,Bottle 750ml,"€ 32,00 per litre"
Teach the Peach,"€ 4,10",Poland,4.14,Browar Stu Mostów,5%,Sour - Smoothie / Pastry,Can 440ml,"€ 9,32 per litre"
Sour Time,"€ 5,10",Poland,4.04,Browar Stu Mostów,4.2%,IPA - Sour,Can 440ml,"€ 11,59 per litre"
Hazy Discovery – Mount Maunganui,"€ 4,20",Poland,3.97,Browar PINTA,6.5%,IPA - New England / Hazy,Can 500ml,"€ 8,40 per litre"
Hazy Discovery – Montpellier,"€ 4,10",Poland,3.96,Browar PINTA,6.5%,IPA - New England / Hazy,Can 500ml,"€ 8,20 per litre"
Balanced Glance - keg A,"€ 128,40",Poland,3.93,Browar Stu Mostów,6.2%,IPA - New England / Hazy,20000ml,"€ 6,42 per litre"
Plum Blond Sour Ale - keykeg,"€ 291,90",Belgium,3.84,Brouwerij Alvinne,5%,Sour - Other,20000ml,"€ 14,60 per litre"
Fig Leaves - keykeg,"€ 247,30",Belgium,3.80,Brouwerij Alvinne,5.5%,Sour - Other,20000ml,"€ 12,37 per litre"
Cucooler Than You Think - keg A,"€ 114,00",Poland,3.79,Browar Stu Mostów,4.5%,Sour - Fruited Gose,20000ml,"€ 5,70 per litre"
Alwa,"€ 6,70",Poland,3.73,Cydr Chyliczki,6.2%,Cider - Dry,Bottle 750ml,"€ 8,93 per litre"
Ostoja,"€ 3,30",Poland,3.67,Przetwórnia Chmielu,5%,Porter - English,Can 500ml,"€ 6,60 per litre"
Harfa,"€ 3,30",Poland,3.63,Przetwórnia Chmielu,4.5%,Stout - Irish Dry,Can 500ml,"€ 6,60 per litre"
Ciemność Widzę,"€ 3,30",Poland,3.63,Moczybroda,5.4%,Stout - Milk / Sweet,Bottle 500ml,"€ 6,60 per litre"
Nelson Session Sprau,"€ 3,40",Poland,3.58,ReCraft,4.5%,IPA - New England / Hazy,Can 500ml,"€ 6,80 per litre"
Superdelic Session Sprau,"€ 3,40",Poland,3.57,ReCraft,4.5%,IPA - New England / Hazy,Can 500ml,"€ 6,80 per litre"
Delight is Right - keg A,"€ 128,40",Poland,3.50,Browar Stu Mostów,5.6%,Cream Ale,20000ml,"€ 6,42 per litre"
Mini Maxi IPA,"€ 2,60",Poland,3.42,Browar PINTA,0.5%,Non-Alcoholic - IPA,Bottle 500ml,"€ 5,20 per litre"
Bezalkoholowe Citrus IPA,"€ 2,60",Poland,3.34,ReCraft,0.5%,Non-Alcoholic - IPA,Bottle 500ml,"€ 5,20 per litre"
Memento mori,"€ 7,50",France,4.17,The Chubby Brewing Company,10.5%,Stout - Russian Imperial,330ml,"€ 22,73 per litre"
Rusticus uva tempore,"€ 11,00",France,4.11,The Chubby Brewing Company,6.5%,Farmhouse Ale - Saison,Bottle 750ml,"€ 14,67 per litre"
Van Aert Gueuze Artisanale Barolo Foeder Aged,"€ 9,04",Belgium,4.05,Belgoo,6.2%,Lambic - Gueuze,Bottle 750ml,"€ 12,05 per litre"
Van Aert Gueuze Cassis,"€ 9,50",Belgium,3.90,Belgoo,7.2%,Lambic - Fruit,Bottle 750ml,"€ 12,67 per litre"
Gulden Draak Classic,"€ 2,35",Belgium,3.77,Brouwerij Van Steenberge,10.5%,Belgian Strong Dark Ale,330ml,"€ 7,12 per litre"
Gordon Oak Aged Blond / Triple Oak,"€ 3,25",Belgium,3.62,Brewery John Martin & Brewery Timmermans,8%,Belgian Tripel,330ml,"€ 9,85 per litre"
Val-Dieu Blonde,"€ 2,20",Belgium,3.45,Brasserie de l'Abbaye du Val-Dieu,6%,Belgian Blonde,330ml,"€ 6,67 per litre"
Verdant x Green Cheek 10Yrs,"€ 10,50",England,4.25,Verdant Brewing Co,8.4%,IPA - Imperial / Double New England / Hazy,Can 440ml,"€ 23,86 per litre"
Merc Bro,"€ 5,20",Northern Ireland,3.80,Bullhouse Brew Co,6.5%,IPA - New England / Hazy,500ml,"€ 10,40 per litre"
Rolling Papers,"€ 4,90",Northern Ireland,3.79,Bullhouse Brew Co,5.2%,IPA - New England / Hazy,500ml,"€ 9,80 per litre"
Strieper Prototype No15 Imperial March Stout,"€ 3,99",Netherlands,3.76,Strieper Craft Beer Company,9.7%,Stout - Imperial / Double,330ml,"€ 12,09 per litre"
Noot Aan De Man BA,"€ 5,50",Netherlands,3.53,100 Watt Brewery,9.7%,Brown Ale - Imperial / Double,330ml,"€ 16,67 per litre"
Strieper Prototype No16 Weizendoppelbock,"€ 3,60",Netherlands,3.36,Strieper Craft Beer Company,8%,Bock - Weizendoppelbock,330ml,"€ 10,91 per litre"
Kriek 2023,"€ 17,47",Belgium,4.28,Brasserie Cantillon,6%,Lambic - Kriek,Bottle 750ml,"€ 23,29 per litre"
Kriek 2024,"€ 16,07",Belgium,4.28,Brasserie Cantillon,6%,Lambic - Kriek,Bottle 750ml,"€ 21,43 per litre"
Kriek 2024,"€ 10,21",Belgium,4.28,Brasserie Cantillon,6%,Lambic - Kriek,Bottle 375ml,"€ 27,23 per litre"
Rose de Gambrinus 2024,"€ 16,73",Belgium,4.27,Brasserie Cantillon,5%,Lambic - Framboise,Bottle 750ml,"€ 22,31 per litre"
Rose de Gambrinus 2024,"€ 10,47",Belgium,4.27,Brasserie Cantillon,5%,Lambic - Framboise,Bottle 375ml,"€ 27,92 per litre"
Smoked Scottish Lager,"€ 5,30",Scotland,3.57,Otherworld Brewing,5.5%,Lager - Smoked,Can 440ml,"€ 12,05 per litre"
Tilquin Oude Pêche Jaune à l'ancienne 37.5,"€ 16,00",Belgium,4.13,Gueuzerie Tilquin,7%,Lambic - Fruit,Bottle 375ml,"€ 42,67 per litre"
Apple,"€ 2,10",Belgium,3.49,Brouwerij Lindemans,3.5%,Lambic - Fruit,Bottle 250ml,"€ 8,40 per litre"
Je Moeder,"€ 6,95",Netherlands,3.50,Vet & Lazy,8.5%,Belgian Tripel,Bottle 750ml,"€ 9,27 per litre"
Oktoberfest After Sauna,"€ 3,65",Italy,3.49,CRAK Brewery,5.2%,Festbier,330ml,"€ 11,06 per litre"
Bonaparty IPA,"€ 2,50",Belgium,3.46,Brouwerij Palm,5.5%,IPA - Belgian,330ml,"€ 7,58 per litre"
Irish Red,"€ 3,25",Ireland,3.30,O'Hara's Brewery,4.3%,Red Ale - Irish,500ml,"€ 6,50 per litre"
Trappistes Rochefort 8,"€ 5,80",Belgium,3.85,Abbaye Notre-Dame de Saint-Rémy,9.2%,Belgian Strong Dark Ale,330ml,"€ 17,58 per litre"
Houblon La Chouffe,"€ 4,60",Belgium,3.67,Brasserie d'Achouffe,9%,IPA - Belgian,330ml,"€ 13,94 per litre"
Houblon Mc Chouffe,"€ 4,60",Belgium,3.67,Brasserie d'Achouffe,9%,IPA - Belgian,330ml,"€ 13,94 per litre"
Endless Avenue,"€ 4,30",Hungary,3.58,Fehér Nyúl,6.3%,IPA - American,330ml,"€ 13,03 per litre"
Delirium Red,"€ 5,10",Belgium,3.58,Delirium - Huyghe Brewery,8%,Fruit Beer,330ml,"€ 15,45 per litre"
IPA,"€ 3,20",Hungary,3.57,Fehér Nyúl,6.5%,IPA - American,Can 330ml,"€ 9,70 per litre"
Tokyo Coffee,"€ 4,40",Hungary,3.53,Mad Scientist,6%,Sour - Berliner Weisse,330ml,"€ 13,33 per litre"
Piranha Tripel,"€ 2,45",Netherlands,3.53,Stadshaven Brouwerij,8.5%,Belgian Tripel,330ml,"€ 7,42 per litre"
St. Idesbald Golden Blond,"€ 3,30",Belgium,3.52,Delirium - Huyghe Brewery,9%,Belgian Tripel,330ml,"€ 10,00 per litre"
Beak x Queer Brewing Toots,"€ 10,20",England,4.17,Beak Brewery,8%,IPA - Imperial / Double New England / Hazy,Can 440ml,"€ 23,18 per litre"
White Oak IPA,"€ 6,90",Scotland,3.82,Otherworld Brewing,7.4%,IPA - Other,Can 440ml,"€ 15,68 per litre"
Smoked Old Fashioned,"€ 6,00",Scotland,3.58,Otherworld Brewing,5.9%,Smoked Beer,Can 440ml,"€ 13,64 per litre"
Summer Sapling,"€ 19,99",United States,4.01,Sante Adairius Rustic Ales,5.7%,Belgian Blonde,Bottle 750ml,"€ 26,65 per litre"
Warmouth V13,"€ 4,29",Netherlands,3.80,De Kromme Haring,6.3%,IPA - New England / Hazy,330ml,"€ 13,00 per litre"
Funky Saison - Lost In the Fishmarket,"€ 3,99",Netherlands,3.62,De Kromme Haring,4.8%,Farmhouse Ale - Saison,330ml,"€ 12,09 per litre"
Marrellomorpha (2024),"€ 3,99",Netherlands,3.61,De Kromme Haring,7%,Bock - Doppelbock,330ml,"€ 12,09 per litre"
Wiwaxia,"€ 3,49",Netherlands,3.48,De Kromme Haring,5.8%,Lager - Vienna,330ml,"€ 10,58 per litre"
Irrawaddy V4,"€ 4,29",Netherlands,?,De Kromme Haring,6.5%,IPA - Sour,330ml,"€ 13,00 per litre"
Noot Aan De Man BA Maple Syrup,"€ 6,00",Netherlands,3.76,100 Watt Brewery,10.5%,Brown Ale - Imperial / Double,330ml,"€ 18,18 per litre"
Siren Lumina,"€ 2,66",England,3.60,Siren Craft Brew,4.2%,IPA - Session,330ml,"€ 8,06 per litre"
Brotzeit Helles,"€ 1,90",Germany,3.38,Weiss Rössl Bräu,4.9%,Lager - Helles,500ml,"€ 3,80 per litre"
Schinner Urstoff,"€ 1,70",Germany,3.28,Bürgerbräu Schinner,4.9%,Lager - Helles,500ml,"€ 3,40 per litre"
Fluffy,"€ 3,39",Netherlands,3.30,Vet & Lazy,6.4%,IPA - Other,330ml,"€ 10,27 per litre"
Parade,"€ 8,29",England,3.97,Beak Brewery,6%,IPA - New England / Hazy,Can 440ml,"€ 18,84 per litre"
Drops,"€ 8,79",England,3.96,Beak Brewery,6.5%,IPA - New England / Hazy,Can 440ml,"€ 19,98 per litre"
Western Seaboard #1,"€ 8,99",England,3.90,Beak Brewery,6.8%,IPA - American,Can 440ml,"€ 20,43 per litre"
HUM,"€ 6,99",England,3.87,Beak Brewery,4.8%,Pale Ale - New England / Hazy,Can 440ml,"€ 15,89 per litre"
Stoopid: Black Forest Gateau Sour,"€ 7,80",Scotland,4.16,Vault City Brewing,6.5%,Sour - Smoothie / Pastry,Can 440ml,"€ 17,73 per litre"
"P.O.G. Passion Fruit, Orange & Guava Sour","€ 8,90",Scotland,4.11,Vault City Brewing,8%,Sour - Fruited,Can 440ml,"€ 20,23 per litre"
Pineapple Upside-Down Cake Sour,"€ 8,90",Scotland,4.07,Vault City Brewing,8%,Sour - Smoothie / Pastry,Can 440ml,"€ 20,23 per litre"
Orange Creamsicle Sour,"€ 6,80",Scotland,4.03,Vault City Brewing,4.8%,Sour - Smoothie / Pastry,Can 440ml,"€ 15,45 per litre"
TDH DOUBLE 5 DIPA x Cloudwater Brew Co.,"€ 8,80",Latvia,4.03,Ārpus Brewing Co.,8%,IPA - Imperial / Double New England / Hazy,Can 440ml,"€ 20,00 per litre"
TDH MOTUEKA x RIWAKA x GALAXY DIPA,"€ 8,80",Latvia,3.84,Ārpus Brewing Co.,6.5%,IPA - New England / Hazy,Can 440ml,"€ 20,00 per litre"
Apple Soor Session Sour,"€ 6,80",Scotland,3.82,Vault City Brewing,4.5%,Sour - Fruited,Can 440ml,"€ 15,45 per litre"
Dua Neipa,"€ 5,50",England,3.81,Electric Bear Brewing Co,6%,IPA - New England / Hazy,Can 440ml,"€ 12,50 per litre"
Another Ripple In Time,"€ 5,25",England,3.69,Electric Bear Brewing Co,6.5%,Sour - Smoothie / Pastry,Can 440ml,"€ 11,93 per litre"
BrewDog Hazy Jane New England IPA,"€ 2,99",United States,3.69,Great Dane Pub & Brewing Company,6%,IPA - New England / Hazy,Can 440ml,"€ 6,80 per litre"
Sugarloaf Juicy IPA,"€ 5,49",Ireland,3.62,Wicklow Wolf Brewing Company,4.3%,IPA - New England / Hazy,Can 440ml,"€ 12,48 per litre"
Fuchsteufelswuid Sour IPA,"€ 3,89",Germany,3.58,Hoppebräu,6.2%,IPA - Sour,330ml,"€ 11,79 per litre"
Hoppy Christmas Festliches IPA,"€ 3,49",Scotland,3.55,BrewDog,6%,IPA - American,Can 330ml,"€ 10,58 per litre"
Hiddenseer Pils,"€ 2,59",Germany,3.45,Rügener Insel-Brauerei,5.2%,Pilsner - German,500ml,"€ 5,18 per litre"
Insel-Brauerei German Coast Genuss 2x + Glas,"€ 14,99",Germany,3.45,Rügener Insel-Brauerei,7.5%,IPA - Imperial / Double,330ml,"€ 45,42 per litre"
Glühkriek,"€ 9,69",Belgium,3.45,Brouwerij Liefmans,6%,Fruit Beer,Bottle 750ml,"€ 12,92 per litre"
Wuidsau New England Pale Ale,"€ 3,89",Germany,3.44,Hoppebräu,5.6%,Red Ale - American Amber / Red,330ml,"€ 11,79 per litre"
Märzen,"€ 2,79",Germany,3.42,Hoppebräu,5.9%,Märzen,500ml,"€ 5,58 per litre"
Ruhige Kugel Alkoholfreies Mehrkornzwickl,"€ 2,79",Germany,3.37,Hoppebräu,0.4%,Non-Alcoholic - Lager,500ml,"€ 5,58 per litre"
BrewDog x Condor Ferien Lager,"€ 2,39",Scotland,3.30,BrewDog,4.5%,Pilsner - Other,330ml,"€ 7,24 per litre"
Wychwood Hobgoblin Session IPA,"€ 4,49",England,3.29,Marston's Brewery,3.4%,IPA - Session,500ml,"€ 8,98 per litre"
Fuerst Wiacek Wheelie DH West Coast Pale Ale,"€ 5,29",Germany,3.75,FUERST WIACEK,5.2%,Pale Ale - American,Can 440ml,"€ 12,02 per litre"
Buddelship x Sakiškės Elderflower IPA,"€ 4,89",Lithuania,3.56,Sakiškės Brewery// Sakiškių Alus,4.5%,IPA - New England / Hazy,330ml,"€ 14,82 per litre"
Lost Horizon Blaue Felder 24 Wild Ale With Blueberry & Honeysuckle,"€ 19,99",Germany,?,Lost Horizon Farm,6.5%,Wild Ale - Other,Bottle 750ml,"€ 26,65 per litre"
Omega,"€ 8,29",Sweden,4.17,Apex Brewing Company,8%,IPA - Imperial / Double New England / Hazy,Can 440ml,"€ 18,84 per litre"
Huppendorfer Weizenbock,"€ 2,60",Germany,3.73,Brauerei Gasthof Grasser,8%,Bock - Weizenbock,500ml,"€ 5,20 per litre"
Meinel Naturradler Zitrone,"€ 1,90",Germany,3.53,Meinel Bräu,2.4%,Shandy / Radler,330ml,"€ 5,76 per litre"
Leupser Dunkel,"€ 2,10",Germany,3.50,Brauerei Gradl,4.9%,Lager - Munich Dunkel,500ml,"€ 4,20 per litre"
Hübner Vollbier - 5 Liter Fass,"€ 17,50",Germany,3.36,Hübner Bräu Steinfeld,5%,Lager - Vienna,5000ml,"€ 3,50 per litre"
Hertl - Oma's Betthupferl,"€ 3,00",Germany,3.33,Braumanufaktur Hertl,6.5%,Bock - Single / Traditional,500ml,"€ 6,00 per litre"
"Hertl Himbeer Weisse 0,33 L","€ 5,00",Germany,3.11,Braumanufaktur Hertl,3.8%,Sour - Fruited Berliner Weisse,330ml,"€ 15,15 per litre"
Cardeña Quadrupel,"€ 4,80",Spain,3.60,Monasterio San Pedro de Cardeña,10%,Belgian Quadrupel,330ml,"€ 14,55 per litre"
Radio Minerva,"€ 2,85",Belgium,3.53,Antwerpse Brouw Compagnie,7%,Belgian Tripel,330ml,"€ 8,64 per litre"
Golden Tricky,"€ 2,85",Belgium,3.47,Brouwerij 't Verzet,7.5%,IPA - Belgian,330ml,"€ 8,64 per litre"
Super NoAH,"€ 2,45",Belgium,3.29,Brouwerij 't Verzet,4.9%,Belgian Blonde,330ml,"€ 7,42 per litre"
Delirium Black Edition,"€ 23,00",Belgium,4.17,Delirium - Huyghe Brewery,11.5%,Belgian Strong Dark Ale,Bottle 750ml,"€ 30,67 per litre"
Triporteur Full Moon 12,"€ 2,40",Belgium,3.76,BOMBrewery,10.2%,Belgian Quadrupel,330ml,"€ 7,27 per litre"
Triporteur from Heaven,"€ 1,95",Belgium,3.55,BOMBrewery,6.2%,Belgian Blonde,330ml,"€ 5,91 per litre"
Kutbier Blond Met Perzik,"€ 3,35",Netherlands,3.34,Brouwerij Boegbeeld,6.3%,Belgian Blonde,330ml,"€ 10,15 per litre"
Misthoorn,"€ 4,80",Netherlands,3.34,Nevel,6.3%,Belgian Blonde,330ml,"€ 10,15 per litre"
Bevog x Soulfly Prophecy of the Hops,"€ 4,55",Austria,3.70,Brauhaus Bevog,4.3%,IPA - Session,500ml,"€ 9,10 per litre"
Carpe Noctem,"€ 6,99",Germany,4.06,Sudden Death Brewing Co.,6.5%,IPA - New England / Hazy,Can 440ml,"€ 15,89 per litre"
Maniac Blond,"€ 6,00",Belgium,3.95,Brouwerij Vandijck,13.5%,Belgian Strong Golden Ale,Can 440ml,"€ 15,89 per litre"
Maniac Koper,"€ 6,00",Belgium,3.71,Brouwerij Vandijck,13.8%,Belgian Strong Dark Ale,Can 440ml,"€ 15,89 per litre"
Cellar Reserve (#001),"€ 449,99",United States,4.83,Pips Meadery,13%,Mead - Other,Can 440ml,"€ 15,89 per litre"
Good King Henry 2022,"€ 21,50",England,4.41,Old Chimneys Brewery,11%,Stout - Russian Imperial,330ml,"€ 65,15 per litre"
Double Breaking Bud,"€ 10,29",United States,3.97,Knee Deep Brewing Company,9%,IPA - Imperial / Double,330ml,"€ 65,15 per litre"
Breaking Bud,"€ 8,99",United States,3.89,Knee Deep Brewing Company,6.5%,IPA - American,473ml,"€ 19,01 per litre"
The Beast of Both Worlds,"€ 4,99",United States,3.82,Lagunitas Brewing Company,8%,IPA - Imperial / Double,473ml,"€ 19,01 per litre"
Lobos,"€ 5,99",United States,3.81,Fort Point Beer Company,6.9%,IPA - New England / Hazy,473ml,"€ 19,01 per litre"
A Little Sumpin' Sumpin' Ale,"€ 4,99",United States,3.78,Lagunitas Brewing Company,7.5%,IPA - White / Wheat,355ml,"€ 14,06 per litre"
Yuzu KSA Radler,"€ 9,99",United States,3.74,Fort Point Beer Company,4.3%,Shandy / Radler,355ml,"€ 14,06 per litre"
Animal,"€ 5,99",United States,3.72,Fort Point Beer Company,7.5%,IPA - American,355ml,"€ 14,06 per litre"
Brother David's Triple,"€ 4,99",United States,3.71,Anderson Valley Brewing Company,10%,Belgian Tripel,355ml,"€ 14,06 per litre"
Bourbon Barrel Stout,"€ 6,29",United States,3.71,Anderson Valley Brewing Company,6.9%,Stout - American,355ml,"€ 17,72 per litre"
Super Dry,"€ 8,49",United States,3.71,Fort Point Beer Company,6.4%,Cider - Dry,355ml,"€ 17,72 per litre"
IPA,"€ 4,99",United States,3.70,Lagunitas Brewing Company,6.2%,IPA - American,355ml,"€ 14,06 per litre"
Super Natural,"€ 8,49",United States,3.67,Fort Point Beer Company,6.4%,Cider - Rosé,355ml,"€ 14,06 per litre"
Villager,"€ 5,99",United States,3.64,Fort Point Beer Company,6.3%,IPA - American,,
Coastal Ale,"€ 3,99",United States,3.52,Anderson Valley Brewing Company,4.5%,Pale Ale - American,,
Boont Amber Ale,"€ 3,69",United States,3.51,Anderson Valley Brewing Company,5.8%,Red Ale - American Amber / Red,355ml,"€ 10,39 per litre"
Fallen Mist,"€ 6,10",United States,3.95,Superstition Meadery,6%,Cider - Herbed / Spiced / Hopped,355ml,"€ 17,18 per litre"
Todays Undertaking,"€ 6,00",England,3.97,Track Brewing Company,6.5%,IPA - American,Can 440ml,"€ 13,64 per litre"
"Triple Fruited Gose (Lychee, Raspberry & Apricot)","€ 8,60",England,3.88,North Brewing Co./ Wuhan No. 18 Brewing (拾捌精酿),5.5%,Sour - Fruited Gose,Can 440ml,"€ 19,55 per litre"
Balegdah,"€ 5,10",England,3.63,Pomona Island Brew Co.,6.5%,Sour - Fruited,Can 440ml,"€ 11,59 per litre"
Fruit Works - Raspberry + Blueberry + Blackberry,"€ 7,75",Hungary,4.01,Brew Your Mind,5.5%,Sour - Fruited,Can 440ml,"€ 17,61 per litre"
Session Yellow Haze,"€ 5,17",Hungary,3.89,Brew Your Mind,4.3%,Pale Ale - American,Can 440ml,"€ 11,75 per litre"
TOOTS X QUEER BREWING,"€ 9,00",England,4.17,Beak Brewery,8%,IPA - Imperial / Double New England / Hazy,Can 440ml,"€ 20,45 per litre"
Maximum Sunshine,"€ 7,70",England,4.07,Neon Raptor Brewing Co.,8%,IPA - Imperial / Double New England / Hazy,Can 440ml,"€ 17,50 per litre"
"Denim, Denim, Denim","€ 6,30",England,3.99,Neon Raptor Brewing Co.,6.2%,IPA - New England / Hazy,Can 440ml,"€ 14,32 per litre"
De Cam Geuze,"€ 6,94",Belgium,4.05,Geuzestekerij De Cam,6%,Lambic - Gueuze,Bottle 375ml,"€ 18,51 per litre"
De Cam Geuze,"€ 12,29",Belgium,4.05,Geuzestekerij De Cam,6%,Lambic - Gueuze,Bottle 750ml,"€ 16,39 per litre"
Big G,"€ 10,30",England,4.12,Two Flints Brewery,8.4%,IPA - Imperial / Double New England / Hazy,Can 440ml,"€ 23,41 per litre"
Fallen Mist,"€ 6,00",United States,3.95,Superstition Meadery,6%,Cider - Herbed / Spiced / Hopped,Can 355ml,"€ 16,90 per litre"
New And Improved,"€ 8,30",Sweden,3.93,Stigbergets Bryggeri,6.5%,IPA - New England / Hazy,Can 440ml,"€ 18,86 per litre"
Duchesse Chocolate Cherry,"€ 5,40",Belgium,3.90,Brouwerij Verhaeghe,6.8%,Sour - Flanders Red Ale,Bottle 330ml,"€ 16,36 per litre"
Crystal Sail,"€ 7,40",United States,3.89,Superstition Meadery,6%,Mead - Session / Short,Can 355ml,"€ 20,85 per litre"
Caramel Fudge Stout,"€ 8,80",Netherlands,3.88,Brouwerij Kees,11.5%,Stout - Imperial / Double,Can 330ml,"€ 26,67 per litre"
MegaloDawn,"€ 5,70",England,3.79,Staggeringly Good,4.8%,Stout - Coffee,Can 440ml,"€ 12,95 per litre"
Duvet Vous,"€ 5,30",England,3.74,New Bristol Brewery,4.8%,IPA - New England / Hazy,Can 440ml,"€ 12,05 per litre"
Orval,"€ 4,80",Belgium,3.68,Brasserie d'Orval,6.2%,Pale Ale - Belgian,Bottle 330ml,"€ 14,55 per litre"
Dunkel,"€ 5,10",Germany,3.60,Augustiner-Bräu München,5.6%,Lager - Munich Dunkel,Bottle 500ml,"€ 10,20 per litre"
Stigbergets / Apex - Bourbon BA Back Already,"€ 13,20",Sweden,4.25,Stigbergets Bryggeri,13%,Stout - Imperial / Double,Can 440ml,"€ 30,00 per litre"
Oude Mourvèdre Tilquin à l'Ancienne (2022-2023),"€ 30,00",Belgium,4.21,Gueuzerie Tilquin,7.7%,Lambic - Fruit,Bottle 750ml,"€ 40,00 per litre"
Lush Blossom Punch,"€ 9,60",Germany,4.20,Sudden Death Brewing Co.,5%,Sour - Smoothie / Pastry,Can 440ml,"€ 21,82 per litre"
Will It Float #8,"€ 9,00",Netherlands,4.18,White Dog Brewery,6%,Sour - Smoothie / Pastry,Can 440ml,"€ 20,45 per litre"
Oude Gueuze Tilquin à l'Ancienne - Cuvée Arthur (2022-2023),"€ 26,40",Belgium,4.15,Gueuzerie Tilquin,7%,Lambic - Gueuze,Bottle 750ml,"€ 35,20 per litre"
Stigbergets / Track - Mountains,"€ 13,20",Sweden,4.13,Stigbergets Bryggeri,13%,Stout - Imperial / Double Coffee,Can 440ml,"€ 30,00 per litre"
Take A Seat,"€ 11,20",England,4.09,Baron Brewing,8%,IPA - Imperial / Double New England / Hazy,Can 500ml,"€ 22,40 per litre"
Oude Abricot Tilquin à l'Ancienne (2023-2024),"€ 15,60",Belgium,4.07,Gueuzerie Tilquin,6.3%,Lambic - Fruit,Bottle 375ml,"€ 41,60 per litre"
Gueuze 40-60,"€ 10,80",Belgium,4.05,Gueuzerie Tilquin,6.8%,Lambic - Gueuze,Bottle 375ml,"€ 28,80 per litre"
Caramel Fudge Bourbon BA Heaven Hill,"€ 10,40",Netherlands,4.02,Brouwerij Kees,11.5%,Stout - Imperial / Double,Can 330ml,"€ 31,52 per litre"
Somewhere In Texas,"€ 9,60",Germany,4.02,Sudden Death Brewing Co.,5.5%,Sour - Fruited,Can 440ml,"€ 21,82 per litre"
Haze From The Crypt: Hell Champion,"€ 9,00",Germany,4.02,Sudden Death Brewing Co.,6.8%,IPA - New England / Hazy,Can 440ml,"€ 20,45 per litre"
Rivington / Northern Monk - Howling Like A Banshee,"€ 8,00",England,3.96,Rivington Brewing Co,4.5%,Pale Ale - New England / Hazy,Can 500ml,"€ 16,00 per litre"
Free Fall,"€ 8,10",England,3.92,Two Flints Brewery,7%,IPA - New Zealand,Can 440ml,"€ 18,41 per litre"
Easy As Pi,"€ 5,70",England,3.90,Phantom Brewing Co.,3.1%,Pale Ale - New England / Hazy,Can 440ml,"€ 12,95 per litre"
Rullquin,"€ 12,00",Belgium,3.84,Brasserie Artisanale de Rulles/ Gueuzerie Tilquin,7%,Sour - Other,Bottle 375ml,"€ 32,00 per litre"
Grindhouse,"€ 9,00",Germany,3.82,Sudden Death Brewing Co.,7%,IPA - American,Can 440ml,"€ 20,45 per litre"
Clanger,"€ 6,30",England,3.80,Baron Brewing,5.3%,Stout - Coffee,Can 500ml,"€ 12,60 per litre"
Fantasia,"€ 5,50",England,3.78,New Bristol Brewery,4%,Pale Ale - New England / Hazy,Can 440ml,"€ 12,50 per litre"
Walk In The Park,"€ 6,20",England,3.74,Baron Brewing,3.4%,Pale Ale - New England / Hazy,Can 500ml,"€ 12,40 per litre"
Passionfeber,"€ 6,00",Sweden,3.71,Brewski,6.5%,IPA - American,Can 330ml,"€ 18,18 per litre"
Favourite Friend,"€ 5,60",England,3.68,New Bristol Brewery,5%,Pale Ale - American,Can 440ml,"€ 12,73 per litre"
Caramel Fudge Appelstroop,"€ 9,50",Netherlands,3.64,Brouwerij Kees,11.5%,Stout - Imperial / Double Pastry,Can 330ml,"€ 28,79 per litre"
Baby Beaut,"€ 5,00",England,3.64,New Bristol Brewery,4%,Pale Ale - New Zealand,Can 440ml,"€ 11,36 per litre"
Czech Lager,"€ 5,10",England,3.64,UnBarred Brewery,4%,Lager - Other,Can 440ml,"€ 11,59 per litre"
Honey Expression #2,"€ 22,50",United States,4.08,Afterthought Brewing Company,5.2%,Farmhouse Ale - Bière de Garde,500ml,"€ 45,00 per litre"
X-mas Quad BA 2021,"€ 9,99",Denmark,3.91,To Øl,13.6%,Belgian Quadrupel,Bottle 375ml,"€ 26,64 per litre"
Where The Hops Have No Name,"€ 3,85",Sweden,3.71,Brewski,7%,IPA - New England / Hazy,330ml,"€ 11,67 per litre"
No Road Junction,"€ 8,59",Romania,4.01,Bereta Brewing Co.,11.3%,Stout - Imperial / Double,330ml,"€ 26,03 per litre"
Sticky,"€ 4,87",Spain,3.75,Gross,6.8%,IPA - American,Can 440ml,"€ 11,07 per litre"
Siren Short Story Long,"€ 4,73",England,3.64,Siren Craft Brew,5%,Pale Ale - American,Can 440ml,"€ 10,75 per litre"
Standing Beer,"€ 8,10",England,4.06,Mills Brewing,7.5%,Farmhouse Ale - Other,Bottle 330ml,"€ 24,55 per litre"
Salted Caramel 2019,"€ 26,50",United States,4.02,FiftyFifty Brewing Co.,12.8%,Stout - Imperial / Double,Bottle 650ml,"€ 40,77 per litre"
Rusty Pretzel (Berliner Braunbier),"€ 3,50",Netherlands,2.84,Brouwerij Het Veem,3.5%,Historical Beer - Berliner Braunbier,330ml,"€ 10,61 per litre"
Bacchus Vlaams Oud Bruin,"€ 2,85",Belgium,3.57,Kasteel Brouwerij Vanhonsebrouck,4.5%,Sour - Flanders Oud Bruin,Bottle 375ml,"€ 7,60 per litre"
Vleteren Alt,"€ 2,30",Belgium,3.49,Deca Brouwerij,8%,Belgian Dubbel,330ml,"€ 6,97 per litre"
Voltreffer,"€ 3,25",Netherlands,3.44,Schoonmanneke,8%,Belgian Tripel,330ml,"€ 9,85 per litre"
Tucher Nürnberger Rotbier,"€ 3,15",Germany,3.43,Tucher Bräu,5.5%,Lager - Rotbier,500ml,"€ 6,30 per litre"
Blonderonsje,"€ 3,25",Netherlands,3.23,Schoonmanneke,6.5%,Belgian Blonde,330ml,"€ 9,85 per litre"
Barrel Aged Sticky Little Fingers 2024,"€ 14,29",Norway,4.32,Amundsen Brewery,13%,Stout - Imperial / Double Pastry,Can 440ml,"€ 32,48 per litre"
Sticky Little Fingers 2024,"€ 11,49",Norway,4.13,Amundsen Brewery,13.5%,Stout - Imperial / Double Pastry,Can 440ml,"€ 26,11 per litre"
Night Sleigher 2024,"€ 8,29",Norway,3.83,Amundsen Brewery,7.5%,IPA - Imperial / Double New England / Hazy,Can 440ml,"€ 18,84 per litre"
Fruit Press,"€ 4,99",Netherlands,3.74,Moersleutel Craft Brewery,5%,IPA - New England / Hazy,Can 440ml,"€ 11,34 per litre"
CYCT: Friction,"€ 5,79",Netherlands,3.70,Moersleutel Craft Brewery,6%,IPA - Other,Can 440ml,"€ 13,16 per litre"
Santa's Hop Sack,"€ 6,79",Norway,3.53,Amundsen Brewery,5.3%,IPA - New England / Hazy,Can 440ml,"€ 15,43 per litre"
Super Santa (2024),"€ 4,99",Norway,3.44,Amundsen Brewery,4.7%,Stout - Pastry,330ml,"€ 15,12 per litre"
Christmas Morning,"€ 4,79",Norway,3.37,Amundsen Brewery,4.7%,Stout - Pastry,330ml,"€ 14,52 per litre"
Muifel I Spy Double Rye Dubbelbock,"€ 3,50",Netherlands,3.74,Muifelbrouwerij,8.5%,Bock - Doppelbock,330ml,"€ 10,61 per litre"
Maisel & Friends Hopfenreiter #9,"€ 2,95",Germany,3.64,Brauerei Gebr. Maisel,8.5%,Red Ale - Imperial / Double,330ml,"€ 8,94 per litre"
Triple Hazy Jane,"€ 4,95",Scotland,3.83,BrewDog,9.5%,IPA - Triple New England / Hazy,Can 440ml,"€ 11,25 per litre"
IPA,"€ 2,95",United States,3.75,Stone Brewing,6.9%,IPA - American,Can 440ml,"€ 11,25 per litre"
Hazy  IPA,"€ 2,95",United States,3.72,Stone Brewing,6.7%,IPA - New England / Hazy,355ml,"€ 8,31 per litre"
Elvis Juice,"€ 2,95",Scotland,3.69,BrewDog,6.5%,IPA - Fruited,330ml,"€ 8,94 per litre"
Stone Arrogant Bastard Ale,"€ 3,75",United States,3.68,Arrogant Consortia,7.2%,Strong Ale - American,473ml,"€ 7,93 per litre"
Green Mountain,"€ 2,75",England,3.63,Thornbridge Brewery,4.3%,IPA - Session,330ml,"€ 8,33 per litre"
Kompaan Handlanger,"€ 3,50",Netherlands,3.61,KOMPAAN Dutch Craft Beer Company,8.2%,IPA - Imperial / Double,330ml,"€ 10,61 per litre"
Neverending Haze,"€ 2,50",United States,3.59,Stone Brewing,4%,IPA - Session,355ml,"€ 7,04 per litre"
WeißAss,"€ 2,50",Belgium,3.42,Brouwerij Palm,5.4%,IPA - White / Wheat,330ml,"€ 7,58 per litre"
Palm 8 Horse Power,"€ 2,75",Belgium,3.35,Brouwerij Palm,8%,Belgian Strong Golden Ale,330ml,"€ 8,33 per litre"
Dubbelbock,"€ 3,49",Netherlands,3.51,Brouwerij Artemis,6.9%,Bock - Doppelbock,330ml,"€ 10,58 per litre"
Rye Beer : Barrel : Time (2023),"€ 219,99",United States,4.74,Side Project Brewing,15%,Stout - Imperial / Double,330ml,"€ 10,58 per litre"
Trappistes Rochefort - 6,"€ 4,70",Belgium,3.71,Abbaye Notre-Dame de Saint-Rémy,7.5%,Belgian Dubbel,Bottle 330ml,"€ 14,24 per litre"
Straffe Hendrik: Tripel,"€ 6,60",Belgium,3.47,Brouwerij De Halve Maan,9%,Belgian Tripel,Bottle 330ml,"€ 20,00 per litre"
Trappistes Rochefort 10,"€ 4,50",Belgium,4.05,Abbaye Notre-Dame de Saint-Rémy,11.3%,Belgian Quadrupel,330ml,"€ 13,64 per litre"
Bleue,"€ 3,90",Belgium,3.90,Bières de Chimay,9%,Belgian Strong Dark Ale,330ml,"€ 11,82 per litre"
Trappistes Rochefort 8,"€ 3,50",Belgium,3.85,Abbaye Notre-Dame de Saint-Rémy,9.2%,Belgian Strong Dark Ale,330ml,"€ 10,61 per litre"
La Chouffe Blonde,"€ 3,90",Belgium,3.82,Brasserie d'Achouffe,8%,Belgian Strong Golden Ale,330ml,"€ 11,82 per litre"
Trappist Triple,"€ 3,50",Belgium,3.81,Brouwerij der Trappisten van Westmalle,9.5%,Belgian Tripel,330ml,"€ 10,61 per litre"
Pauwel Kwak,"€ 3,50",Belgium,3.76,Brouwerij Bosteels,8.4%,Pale Ale - Belgian,330ml,"€ 10,61 per litre"
Belgisch Speciaalbier,"€ 2,90",Belgium,3.72,Duvel Moortgat,8.5%,Belgian Strong Golden Ale,330ml,"€ 8,79 per litre"
Trappistes Rochefort 6,"€ 2,90",Belgium,3.71,Abbaye Notre-Dame de Saint-Rémy,7.5%,Belgian Dubbel,330ml,"€ 8,79 per litre"
Bacchus Kriek,"€ 4,90",Belgium,3.69,Kasteel Brouwerij Vanhonsebrouck,5.8%,Sour - Flanders Oud Bruin,Bottle 375ml,"€ 13,07 per litre"
Saison Dupont,"€ 3,20",Belgium,3.68,Brasserie Dupont,6.5%,Farmhouse Ale - Saison,330ml,"€ 9,70 per litre"
Tripel Hop,"€ 3,61",Belgium,3.68,Duvel Moortgat,9.5%,IPA - Belgian,330ml,"€ 10,94 per litre"
Orval,"€ 3,90",Belgium,3.68,Brasserie d'Orval,6.2%,Pale Ale - Belgian,330ml,"€ 11,82 per litre"
Cuvée Dry Hopping,"€ 3,50",Belgium,3.67,Brasserie Dupont,6.5%,Farmhouse Ale - Saison,330ml,"€ 10,61 per litre"
Delirium Argentum,"€ 3,70",Belgium,3.60,Delirium - Huyghe Brewery,7%,IPA - Belgian,330ml,"€ 11,21 per litre"
Red,"€ 3,70",Belgium,3.58,Delirium - Huyghe Brewery,8%,Fruit Beer,330ml,"€ 11,21 per litre"
Extra 4,"€ 2,90",Belgium,3.43,Brouwerij St.Bernardus,4.8%,Belgian Enkel / Patersbier,330ml,"€ 8,79 per litre"
Saison Dupont Biologique,"€ 3,50",Belgium,3.42,Brasserie Dupont,5.5%,Farmhouse Ale - Saison,330ml,"€ 10,61 per litre"
La Isla Bonita,"€ 8,79",Spain,4.08,Basqueland Brewing,10%,IPA - New England / Hazy,Can 440ml,"€ 19,98 per litre"
Double Dragon,"€ 7,49",Spain,4.07,Basqueland Brewing,8%,IPA - Imperial / Double,Can 440ml,"€ 17,02 per litre"
Barrel Aged Upside Down Christmas Cake 2024,"€ 11,49",Norway,3.98,Amundsen Brewery,11.5%,Stout - Imperial / Double Pastry,330ml,"€ 34,82 per litre"
Ashes To Ashes 2024,"€ 8,79",Norway,3.98,Amundsen,10%,Imperial Pastry Stout,330ml,"€ 26,64 per litre"
Ankou – Whiskey BA (Silver Series),"€ 10,49",Estonia,4.36,Pühaste Brewery,13.5%,Stout - Imperial / Double,330ml,"€ 31,79 per litre"
HYPER DRIFT,"€ 7,29",Spain,4.08,Garage Beer Co.,8.2%,IPA - Imperial / Double,Can 440ml,"€ 16,57 per litre"
Cocina Vasca,"€ 7,49",Spain,4.02,Basqueland Brewing,8%,IPA - Imperial / Double New England / Hazy,Can 440ml,"€ 17,02 per litre"
TWIST,"€ 6,79",Spain,4.02,Garage Beer Co.,7.2%,IPA - New England / Hazy,Can 440ml,"€ 15,43 per litre"
JOLT,"€ 6,79",Spain,3.96,Garage Beer Co.,7.2%,IPA - New England / Hazy,Can 440ml,"€ 15,43 per litre"
Roulette Hop Series: Elani,"€ 3,99",Estonia,3.87,Pühaste Brewery,6.9%,IPA - New England / Hazy,330ml,"€ 12,09 per litre"
Radiant Revel,"€ 3,99",Estonia,3.70,Pühaste Brewery,3%,Sour - Fruited,330ml,"€ 12,09 per litre"
Holy Goat x Abyss Tortuga,"€ 8,20",Scotland,3.88,Holy Goat Brewing,6.2%,Sour - Fruited,Bottle 375ml,"€ 21,87 per litre"
Deya There's A Lot To Do,"€ 7,80",England,3.87,DEYA Brewing Company,6%,IPA - American,Can 500ml,"€ 15,60 per litre"
Rotbier | Big Ideas Series 37,"€ 5,40",Scotland,3.70,Simple Things Fermentations,5.2%,Lager - Rotbier,Can 440ml,"€ 12,27 per litre"
Rauchbier,"€ 5,40",Scotland,3.66,Simple Things Fermentations,5.4%,Rauchbier,Can 440ml,"€ 12,27 per litre"
La Mère Nöel,"€ 4,15",Belgium,3.42,Delirium - Huyghe Brewery,8.5%,Winter Ale,330ml,"€ 12,58 per litre"
Tearing of Souls,"€ 7,29",Germany,4.16,Sudden Death Brewing Co.,8.5%,IPA - Imperial / Double,Can 440ml,"€ 16,57 per litre"
Festbier (2024),"€ 3,99",Germany,3.64,FUERST WIACEK,5.5%,Festbier,Can 440ml,"€ 9,07 per litre"
Santa Bee,"€ 2,95",Belgium,3.31,Brouwerij Boelens,8.5%,Winter Ale,330ml,"€ 8,94 per litre"
Kriek 100% Lambic Bio,"€ 19,99",Belgium,4.31,Brasserie Cantillon,5%,Lambic - Kriek,Bottle 750ml,"€ 26,65 per litre"
Kriek 100% Lambic Bio,"€ 11,99",Belgium,4.31,Brasserie Cantillon,5%,Lambic - Kriek,Bottle 375ml,"€ 31,97 per litre"
Rosé de Gambrinus,"€ 19,99",Belgium,4.27,Brasserie Cantillon,5%,Lambic - Framboise,Bottle 750ml,"€ 26,65 per litre"
Rosé de Gambrinus,"€ 11,99",Belgium,4.27,Brasserie Cantillon,5%,Lambic - Framboise,Bottle 375ml,"€ 31,97 per litre"
Gueuze,"€ 15,99",Belgium,4.18,Brasserie Cantillon,5%,Lambic - Gueuze,Bottle 750ml,"€ 21,32 per litre"
Gueuze,"€ 9,29",Belgium,4.18,Brasserie Cantillon,5%,Lambic - Gueuze,Bottle 375ml,"€ 24,77 per litre"
Fuerst Wiacek Permafrost,"€ 5,39",Germany,3.83,FUERST WIACEK,7.5%,Porter - Baltic,Can 440ml,"€ 12,25 per litre"
Fuerst Wiacek Wheelie,"€ 5,29",Germany,3.75,FUERST WIACEK,5.2%,Pale Ale - American,Can 440ml,"€ 12,02 per litre"
Kerst,"€ 7,95",Belgium,3.55,Abbaye de Maredsous,10%,Winter Warmer,Bottle 750ml,"€ 10,60 per litre"
Deer Hunter B.A. 2024,"€ 7,49",Netherlands,4.21,Brouwerij Frontaal,10.5%,Stout - Russian Imperial,330ml,"€ 22,70 per litre"
Lidmašīnas,"€ 6,39",Netherlands,4.21,Frontaal x Arpus,10.5%,Stout - Russian Imperial,330ml,"€ 22,70 per litre"
WILL IT FLOAT #9,"€ 6,99",Netherlands,4.18,White Dog Brewery,6%,Sour - Smoothie / Pastry,Can 440ml,"€ 15,89 per litre"
Cake Break,"€ 7,39",Netherlands,3.97,Moersleutel Craft Brewery,10%,Stout - Pastry,Can 440ml,"€ 16,80 per litre"
Juicebox,"€ 5,99",Netherlands,3.88,White Dog Brewery,5.4%,IPA - New England / Hazy,Can 440ml,"€ 13,61 per litre"
van Moll Summa,"€ 4,25",Netherlands,3.76,Van Moll,10.5%,Strong Ale - Other,330ml,"€ 12,88 per litre"
Tynt Meadow Blond,"€ 3,95",England,3.55,Mount Saint Bernard Abbey,5%,Blonde / Golden Ale - English,330ml,"€ 11,97 per litre"
Make My Day,"€ 6,50",Spain,3.80,Caleya,7.7%,IPA - Imperial / Double,Can 440ml,"€ 14,77 per litre"
10yrs X Green Cheek,"€ 10,50",England,4.25,Verdant Brewing Co,8.4%,IPA - Imperial / Double New England / Hazy,Can 440ml,"€ 23,86 per litre"
10yrs X Uchu,"€ 7,20",England,4.04,Verdant Brewing Co,6.5%,IPA - Fruited,Can 440ml,"€ 16,36 per litre"
Vanity Metrics,"€ 5,50",England,3.96,Verdant Brewing Co,4.9%,Pale Ale - New England / Hazy,Can 440ml,"€ 12,50 per litre"
Deal with the Devil,"€ 7,00",Hungary,3.24,Etyeki Sörmanufaktúra,5%,Stout - Milk / Sweet,330ml,"€ 21,21 per litre"
Stay Brutal,"€ 4,30",Netherlands,3.59,JELSTER,10%,Stout - Imperial / Double Pastry,330ml,"€ 13,03 per litre"
10yrs X Fidens,"€ 10,30",England,4.28,Verdant Brewing Co,8%,IPA - Imperial / Double New England / Hazy,Can 440ml,"€ 23,41 per litre"
45 Days Of Darkness,"€ 4,50",Denmark,3.63,To Øl,10%,Bock - Doppelbock,330ml,"€ 13,64 per litre"
Maisel & Friends IPA,"€ 1,95",Germany,3.48,Brauerei Gebr. Maisel,6.3%,IPA - American,330ml,"€ 5,91 per litre"
Fort Point,"€ 16,00",United States,4.21,Trillium Brewing Company,6.6%,Pale Ale - American,330ml,"€ 5,91 per litre"
Barrel Aged Quadrupel: Whiskey Bourbon,"€ 6,15",Netherlands,4.07,Gulpener Bierbrouwerij,12%,Belgian Quadrupel,330ml,"€ 18,64 per litre"
Barrel Aged Quadrupel: Jamaican Rum,"€ 6,15",Netherlands,4.06,Gulpener Bierbrouwerij,12%,Belgian Quadrupel,330ml,"€ 18,64 per litre"
Barrel Aged Quadrupel: Cognac,"€ 6,65",Netherlands,4.06,Gulpener Bierbrouwerij,12%,Belgian Quadrupel,330ml,"€ 20,15 per litre"
Barrel Aged Quadrupel: Scottish Whisky,"€ 6,20",Netherlands,4.05,Gulpener Bierbrouwerij,12%,Belgian Quadrupel,330ml,"€ 18,79 per litre"
Störtebeker Pazifik-Ale,"€ 2,89",Germany,3.62,Störtebeker Braumanufaktur,6.5%,IPA - American,500ml,"€ 5,78 per litre"
Störtebeker Nordik Porter,"€ 2,89",Germany,3.56,Störtebeker Braumanufaktur,9.1%,Bock - Eisbock,500ml,"€ 5,78 per litre"
Störtebeker BIO Sommer-Wit,"€ 2,19",Germany,3.30,Störtebeker Braumanufaktur,4.7%,Wheat Beer - Witbier / Blanche,500ml,"€ 4,38 per litre"
Störtebeker BIO Nordisch-Hell,"€ 2,19",Germany,3.42,Störtebeker Braumanufaktur,4.6%,Lager - Helles,500ml,"€ 4,38 per litre"
Störtebeker Glüh-Bierpunsch,"€ 2,29",Germany,3.18,Störtebeker Braumanufaktur,5%,Spiced / Herbed Beer,500ml,"€ 4,58 per litre"
Imperial Stout,"€ 4,29",England,3.80,Samuel Smith,5%,Stout - Oatmeal,355ml,"€ 12,08 per litre"
Nut Brown Ale,"€ 4,29",England,3.60,Samuel Smith,5%,Brown Ale - English,355ml,"€ 12,08 per litre"
Lightfoot Blonde Ale,"€ 4,29",England,3.30,Theakston,4.1%,Blonde / Golden Ale - English,500ml,"€ 8,58 per litre"
"Welcome Back, Freaks (2024)","€ 5,59",Germany,3.99,Sudden Death Brewing Co.,6.3%,IPA - New England / Hazy,Can 440ml,"€ 12,70 per litre"
Em Dackelsche,"€ 5,29",Germany,3.50,Lieber Waldi,8%,Kölsch,Can 440ml,"€ 12,02 per litre"
Pub Ale (Traditional Ale),"€ 2,50",Sweden,3.22,Brewski,3.8%,Traditional Ale,330ml,"€ 7,58 per litre"
10yrs X Garage Project,"€ 7,20",England,4.18,Verdant Brewing Co,6.5%,IPA - New England / Hazy,Can 440ml,"€ 16,36 per litre"
Make My Day,"€ 6,20",Spain,3.80,Caleya,7.7%,IPA - Imperial / Double,Can 440ml,"€ 14,09 per litre"
Püttner - F16,"€ 2,20",Germany,3.44,Brauerei Püttner,6.8%,Bock - Hell / Maibock / Lentebock,500ml,"€ 4,40 per litre"
Festbier,"€ 2,10",Germany,3.43,Brauerei Püttner,5.5%,Festbier,500ml,"€ 4,20 per litre"
St. Georgen Kellerbier,"€ 1,90",Germany,3.42,St. GeorgenBräu,4.9%,Kellerbier / Zwickelbier,500ml,"€ 3,80 per litre"
Lagerbier ungespundet,"€ 2,20",Germany,3.34,Löwenbräu Buttenheim,4.8%,Kellerbier / Zwickelbier,500ml,"€ 4,40 per litre"
St. Georgen Goldmärzen,"€ 1,90",Germany,3.30,St. GeorgenBräu,5.6%,Märzen,500ml,"€ 3,80 per litre"
St. Georgen Alkoholfrei,"€ 2,00",Germany,2.74,St. GeorgenBräu,5.6%,Non-Alcoholic - Lager,500ml,"€ 4,00 per litre"
Reserva Futuro Bourbon BA,"€ 7,21",Belgium,4.01,Brasserie Atrium,10.6%,Stout - Imperial / Double,330ml,"€ 21,85 per litre"
Het Burlende Hert,"€ 3,25",Netherlands,3.44,Bennebroecks,6.5%,Bock - Single / Traditional,330ml,"€ 9,85 per litre"
Tiny Barrel Project Mean Riff Tokaji,"€ 9,95",Hungary,4.24,Mad Scientist,10.6%,Stout - Imperial / Double,330ml,"€ 30,15 per litre"
Orange O,"€ 4,99",Hungary,3.84,Mead Scientist,6.6%,Mead - Braggot,330ml,"€ 15,12 per litre"
The Scream,"€ 5,75",Spain,3.98,Caleya,6.5%,IPA - New England / Hazy,Can 440ml,"€ 13,07 per litre"
HORAL&apos;s Oude Geuze Mega Blend (2024),"€ 16,20",Belgium,3.93,Brouwerij Boon,7%,Lambic - Gueuze,Bottle 750ml,"€ 21,60 per litre"
"Adelaar Oude Geuze (2024) - 37,5cl","€ 7,60",Belgium,3.77,Brouwerij-Stokerij Sako,6.5%,Lambic - Gueuze,Bottle 375ml,"€ 20,27 per litre"
Tilquin Oude Quetsche,"€ 13,08",Belgium,4.17,Gueuzerie Tilquin,6.4%,Lambic - Fruit,Bottle 750ml,"€ 17,44 per litre"
Oude Kriek de Schaarbeek Tilquin à l'anciennne,"€ 7,91",Belgium,4.16,Gueuzerie Tilquin,7%,Lambic - Kriek,Bottle 375ml,"€ 21,09 per litre"
Tilquin Gueuzerable (maple) - max. 1 per customer,"€ 14,26",Belgium,4.14,Gueuzerie Tilquin,10%,Lambic - Gueuze,Bottle 750ml,"€ 19,01 per litre"
Black Meridian,"€ 49,99",United States,4.41,Cellarmaker Brewing Company,14.6%,Barleywine - Other,Bottle 750ml,"€ 19,01 per litre"
ParAmburana,"€ 16,49",United States,4.29,Firestone Walker Brewing Company,12.8%,Stout - Imperial / Double,Bottle 750ml,"€ 19,01 per litre"
Cloudy With A Chance of Dobis,"€ 11,69",United States,4.20,Cellarmaker Brewing Company,6.8%,IPA - New England / Hazy,Bottle 750ml,"€ 19,01 per litre"
Into the Starkness,"€ 16,49",United States,4.19,Firestone Walker Brewing Company,12%,Porter - Imperial / Double Baltic,Bottle 750ml,"€ 19,01 per litre"
Orange Julian,"€ 11,69",United States,4.17,Cellarmaker Brewing Company,6.8%,IPA - New England / Hazy,Bottle 750ml,"€ 19,01 per litre"
Double Moonage,"€ 12,69",United States,4.17,Cellarmaker Brewing Company,8.2%,IPA - Imperial / Double New England / Hazy,Bottle 750ml,"€ 19,01 per litre"
Coffee & Cigarettes,"€ 11,99",United States,4.11,Cellarmaker Brewing Company,7.7%,Porter - Coffee,Bottle 750ml,"€ 19,01 per litre"
Year Four,"€ 12,99",United States,4.09,Liquid Gravity Brewing Company,10%,IPA - Imperial / Double Milkshake,Bottle 750ml,"€ 19,01 per litre"
Miami Heist,"€ 11,29",United States,4.05,Liquid Gravity Brewing Company,8%,IPA - Imperial / Double New England / Hazy,Bottle 750ml,"€ 19,01 per litre"
Mo' Strata,"€ 11,69",United States,4.04,Cellarmaker Brewing Company,6.9%,IPA - American,Bottle 750ml,"€ 19,01 per litre"
Zero Complaints,"€ 11,69",United States,4.04,Cellarmaker Brewing Company,6.8%,IPA - American,Bottle 750ml,"€ 19,01 per litre"
Pacific Dopeness,"€ 11,69",United States,4.00,Cellarmaker Brewing Company,6.9%,IPA - American,Bottle 750ml,"€ 19,01 per litre"
Maximum Joy,"€ 11,69",United States,3.96,Cellarmaker Brewing Company,6.3%,IPA - American,Bottle 750ml,"€ 19,01 per litre"
Emerald Eyes,"€ 10,49",United States,3.94,Cellarmaker Brewing Company,5.7%,Pale Ale - American,Bottle 750ml,"€ 19,01 per litre"
Hella Hoppy,"€ 11,29",United States,3.93,Altamont Beer Works,9%,IPA - Imperial / Double,Bottle 750ml,"€ 19,01 per litre"
Pale From the Crypt,"€ 10,69",United States,3.91,Liquid Gravity Brewing Company,5.5%,Pale Ale - American,,
Maui Waui,"€ 10,29",United States,3.86,Altamont Beer Works,6.5%,IPA - American,,
Hazy Susan,"€ 7,49",United States,3.83,Drake's Brewing Company,7%,IPA - New England / Hazy,,
Tracksuit Sunday,"€ 9,29",United States,3.79,Drake's Brewing Company,7%,IPA - American,,
Racer 7,"€ 4,29",United States,3.77,Bear Republic Brewing Co.,7%,IPA - New England / Hazy,,
Mac Drizzle Gold,"€ 9,99",United States,3.70,Altamont Beer Works,5.2%,Blonde / Golden Ale - American,,
Sancti Adalberti Egmondse Blonde,"€ 3,10",Netherlands,3.33,Brouwerij Egmond,5.7%,Blonde / Golden Ale - Other,330ml,"€ 9,39 per litre"
Collins Family (2021),"€ 149,99",United States,4.52,Floodland Brewing,6.46%,Farmhouse Ale - Saison,330ml,"€ 9,39 per litre"
Frizzante,"€ 7,90",United States,3.82,Deep Brewing Company,13%,Golden Ale,Can 250ml,"€ 31,60 per litre"
Behemoth 2022,"€ 36,00",United States,3.82,Noita,12%,Golden Ale,Bottle 750ml,"€ 48,00 per litre"
White Lies,"€ 27,60",United States,3.82,New Theory,12.5%,Golden Ale,Bottle 750ml,"€ 36,80 per litre"
Planets on Wires,"€ 8,30",England,4.12,Pentrich Brewing Co.,8%,IPA - Imperial / Double,Can 440ml,"€ 18,86 per litre"
Insolence,"€ 13,99",Portugal,4.01,Ophiussa Brewing Co.,12%,Stout - Imperial / Double,Bottle 375ml,"€ 37,31 per litre"
Normal Things,"€ 9,49",Poland,4.24,Funky Fluid,12%,Stout - Imperial / Double Pastry,500ml,"€ 18,98 per litre"
10yrs x Garage Project,"€ 6,99",England,4.18,Verdant Brewing Co,6.5%,IPA - New England / Hazy,Can 440ml,"€ 15,89 per litre"
Horror Vacui,"€ 26,49",Hungary,4.16,Mad Scientist,11.3%,Stout - Imperial / Double,500ml,"€ 52,98 per litre"
Blueprint (Enigma),"€ 6,29",Netherlands,4.13,Folkingebrew,8.5%,IPA - Imperial / Double New England / Hazy,Can 440ml,"€ 14,30 per litre"
Gelato XTREME: Blueberry Raspberry Banana S'mores Milkshake Schmoojee,"€ 8,99",Poland,4.12,Funky Fluid,8%,Sour - Smoothie / Pastry,500ml,"€ 17,98 per litre"
Blueprint (Galaxy),"€ 6,99",Netherlands,4.12,Folkingebrew,8.5%,IPA - Imperial / Double New England / Hazy,Can 440ml,"€ 15,89 per litre"
Hyper Drift,"€ 6,99",Spain,4.08,Garage Beer Co.,8.2%,IPA - Imperial / Double,Can 440ml,"€ 15,89 per litre"
10yrs x Green Cheek Beer Co,"€ 9,99",England,4.04,Verdant Brewing Co,6.5%,IPA - Fruited,Can 440ml,"€ 22,70 per litre"
10yrs x Uchu Brewing,"€ 6,99",England,4.04,Verdant Brewing Co,6.5%,IPA - Fruited,Can 440ml,"€ 15,89 per litre"
Gelato XTREME: Jungle Juice SLUSHY XXL,"€ 8,99",Poland,4.03,Funky Fluid,8%,Sour - Smoothie / Pastry,500ml,"€ 17,98 per litre"
Redcurrant PBJ Time,"€ 17,99",Hungary,4.03,Mead Scientist,11%,Mead - Other,Bottle 375ml,"€ 47,97 per litre"
Jolt,"€ 6,29",Spain,3.96,Garage Beer Co.,6.2%,IPA - New England / Hazy,Can 440ml,"€ 14,30 per litre"
Vanity Metrics,"€ 4,99",England,3.96,Verdant Brewing Co,4.9%,Pale Ale - New England / Hazy,Can 440ml,"€ 11,34 per litre"
Orange O,"€ 4,29",Hungary,3.84,Mead Scientist,6.6%,Mead - Braggot,330ml,"€ 13,00 per litre"
Nuts And Crosses,"€ 5,29",England,3.59,Buxton Brewery,4.5%,Stout - Milk / Sweet,Can 440ml,"€ 12,02 per litre"
Banana Foster Buttermilk Pancake Stack,"€ 7,39",England,3.58,Buxton Brewery,9.7%,Stout - Imperial / Double Pastry,Can 440ml,"€ 16,80 per litre"
Jungle Juice Beast Mode,"€ 7,20",Norway,3.93,Cervisiam,8%,IPA - Imperial / Double New England / Hazy,Can 440ml,"€ 16,36 per litre"
Roulette Hop Series: Elani,"€ 4,40",Estonia,3.87,Pühaste Brewery,6.9%,IPA - New England / Hazy,330ml,"€ 13,33 per litre"
Django Juice — TDH DOUBLE NEIPA,"€ 7,20",Norway,3.86,Cervisiam,8.5%,IPA - Imperial / Double New England / Hazy,Can 440ml,"€ 16,36 per litre"
TDH Motueka X Riwaka X Galaxy DIPA,"€ 6,50",Latvia,3.84,Ārpus Brewing Co.,8%,IPA - New England / Hazy,Can 440ml,"€ 14,77 per litre"
Raving Pils 2024,"€ 5,40",Germany,3.80,FUERST WIACEK,5%,Pilsner - Other,Can 440ml,"€ 12,27 per litre"
Fruit Press,"€ 5,30",Netherlands,3.74,Moersleutel Craft Brewery,5%,IPA - New England / Hazy,Can 440ml,"€ 12,05 per litre"
Maisel & Friends Hopfenreiter #9,"€ 2,90",Germany,3.71,Brauerei Gebr. Maisel,8.5%,IPA - Imperial / Double,330ml,"€ 8,79 per litre"
CYCT: Friction,"€ 6,10",Netherlands,3.70,Moersleutel Craft Brewery,6%,IPA - Other,Can 440ml,"€ 13,86 per litre"
Radiant Revel,"€ 4,40",Estonia,3.70,Pühaste Brewery,3%,Sour - Fruited,330ml,"€ 13,33 per litre"
Tynt Meadow Blond (2024),"€ 4,20",England,3.62,Mount Saint Bernard Abbey,5%,Blonde / Golden Ale - English,330ml,"€ 12,73 per litre"
Lactic Fantastic Apricot,"€ 5,50",Netherlands,3.58,De Kromme Haring,5%,Wild Ale - American,330ml,"€ 16,67 per litre"
Raspberry Beeret,"€ 4,40",Netherlands,3.48,Jopen,8%,Stout - Other,330ml,"€ 13,33 per litre"
Neipa,"€ 3,60",Netherlands,3.38,Brouwerij Eembier,6.5%,IPA - Other,330ml,"€ 10,91 per litre"
Muffin Framboise,"€ 7,30",France,4.16,Les Intenables - Craft Beer -,6.7%,Sour - Smoothie / Pastry,Can 440ml,"€ 16,59 per litre"
Vices & Vertus,"€ 6,90",France,4.14,Les Intenables - Craft Beer -,6%,Sour - Smoothie / Pastry,Can 440ml,"€ 15,68 per litre"
Hop On the Cake,"€ 6,40",France,4.14,Les Intenables - Craft Beer -,6.2%,IPA - New England / Hazy,Can 440ml,"€ 14,55 per litre"
Cosmic Series 2024 – Superdelic,"€ 6,95",France,4.10,Les Intenables - Craft Beer -,8%,IPA - Imperial / Double New England / Hazy,Can 440ml,"€ 15,80 per litre"
Cosmic Series 2024 – Riwaka,"€ 6,95",France,4.08,Les Intenables - Craft Beer -,8%,IPA - Imperial / Double New England / Hazy,Can 440ml,"€ 15,80 per litre"
Cosmic Series 2024 – Strata,"€ 6,95",France,4.04,Les Intenables - Craft Beer -,8%,IPA - Imperial / Double New England / Hazy,Can 440ml,"€ 15,80 per litre"
Cosmic Series 2024 – Cashmere,"€ 6,95",France,3.97,Les Intenables - Craft Beer -,8%,IPA - Imperial / Double New England / Hazy,Can 440ml,"€ 15,80 per litre"
Back To Black Oloroso,"€ 13,99",Spain,3.58,Cierzo Brewing Co.,9%,Stout - Imperial / Double,Bottle 750ml,"€ 18,65 per litre"
Boulevardier,"€ 11,99",Poland,4.24,Browar Stu Mostów/ Galway Bay Brewery,13%,Barleywine - Other,500ml,"€ 23,98 per litre"
Sticky Little Fingers,"€ 10,99",Norway,4.13,Amundsen Brewery,13.5%,Stout - Imperial / Double Pastry,Can 440ml,"€ 24,98 per litre"
Carpe Noctem,"€ 6,99",Germany,4.06,Sudden Death Brewing Co.,6.5%,IPA - New England / Hazy,Can 440ml,"€ 15,89 per litre"
Night Sleigher,"€ 7,49",Norway,3.83,Amundsen Brewery,7.5%,IPA - Imperial / Double New England / Hazy,Can 440ml,"€ 17,02 per litre"
Aecht Schlenkerla Weichsel Rotbier,"€ 2,99",Germany,3.82,"Schlenkerla (""Heller-Bräu"" Trum)",4.6%,Rauchbier,500ml,"€ 5,98 per litre"
Rauchbier – Weizen,"€ 2,99",Germany,3.55,"Schlenkerla (""Heller-Bräu"" Trum)",5.2%,Rauchbier,500ml,"€ 5,98 per litre"
Rauchbier – Erle,"€ 2,99",Germany,3.48,"Schlenkerla (""Heller-Bräu"" Trum)",5.1%,Rauchbier,500ml,"€ 5,98 per litre"
Super Santa,"€ 4,99",Norway,3.44,Amundsen Brewery,4.7%,Stout - Pastry,330ml,"€ 15,12 per litre"
Christmas Morning,"€ 4,99",Norway,3.37,Amundsen Brewery,4.7%,Stout - Pastry,330ml,"€ 15,12 per litre"
Tiny Barrel Mean Riff Tokaji,"€ 9,99",Hungary,4.24,Mad Scientist,10.6%,Stout - Imperial / Double,330ml,"€ 15,12 per litre"
Gueuze-Lambic,"€ 6,39",Belgium,4.18,Brasserie Cantillon,5%,Lambic - Gueuze,Bottle 375ml,"€ 17,04 per litre"
Bird of Prey IPA,"€ 3,15",Netherlands,3.60,Uiltje Brewing Company,5.8%,IPA - American,Can 330ml,"€ 9,55 per litre"
Wipers Times Tripel,"€ 2,40",Belgium,3.57,Brouwerij Kazematten,5%,Belgian Tripel,330ml,"€ 7,27 per litre"
Vicaris Tripel,"€ 2,80",Belgium,3.55,Brouwerij Dilewyns,8.5%,Belgian Tripel,330ml,"€ 8,48 per litre"
Wipers Times Blond,"€ 2,00",Belgium,3.52,Brouwerij Kazematten,6.2%,Belgian Blonde,330ml,"€ 6,06 per litre"
Waterloo Double Brune,"€ 2,80",Belgium,3.49,Waterloo Brewery Mont-St-Jean,8%,Belgian Strong Dark Ale,330ml,"€ 8,48 per litre"
Rothaus Pils Tannen Zapfle,"€ 2,25",Germany,3.47,Badische Staatsbrauerei Rothaus,5.1%,Pilsner - German,330ml,"€ 6,82 per litre"
Tilmans Das Helle,"€ 3,29",Germany,3.65,Tilmans Biere,5.1%,Lager - Helles,500ml,"€ 6,58 per litre"
Tilmans Der Weizen,"€ 3,29",Germany,3.60,Tilmans Biere,6%,Wheat Beer - Hefeweizen,500ml,"€ 6,58 per litre"
A Misspent Youth,"€ 5,00",Czech Republic,3.71,Rodinný Pivovar Zichovec,5.1%,Pilsner - Other,500ml,"€ 10,00 per litre"
Big Salad,"€ 6,80",England,3.83,Villages,6%,IPA - New England / Hazy,Can 440ml,"€ 15,45 per litre"
Rafiki,"€ 3,80",England,3.64,Villages,4.3%,IPA - Session,Can 330ml,"€ 11,52 per litre"
Rodeo,"€ 3,80",England,3.64,Villages,4.6%,Pale Ale - American,Can 330ml,"€ 11,52 per litre"
Yarn,"€ 4,30",England,3.53,Villages,4.4%,Kellerbier / Zwickelbier,Can 330ml,"€ 13,03 per litre"
Tripel Karmeliet,"€ 5,40",Belgium,3.99,Brouwerij Bosteels,8.4%,Belgian Tripel,Bottle 330ml,"€ 16,36 per litre"
Blue,"€ 6,80",Belgium,3.90,Bières de Chimay,9%,Belgian Strong Dark Ale,Bottle 330ml,"€ 20,61 per litre"
Bacchus Frambozenbier,"€ 7,20",Belgium,3.65,Kasteel Brouwerij Vanhonsebrouck,5%,Sour - Flanders Oud Bruin,Bottle 375ml,"€ 19,20 per litre"
Aecht Schlenkerla Rauchbier Märzen,"€ 5,00",Germany,3.48,"Schlenkerla (""Heller-Bräu"" Trum)",5.1%,Rauchbier,500ml,"€ 10,00 per litre"
Saturated in Citra,"€ 7,95",England,4.26,DEYA Brewing Company,8%,IPA - Imperial / Double New England / Hazy,500ml,"€ 15,90 per litre"
vandeStreek Farm Fresh,"€ 3,35",Netherlands,3.77,vandeStreek bier,5.5%,IPA - New England / Hazy,330ml,"€ 10,15 per litre"
vandeStreek Green Gold,"€ 3,35",Netherlands,3.64,vandeStreek bier,6.3%,IPA - American,330ml,"€ 10,15 per litre"
Tearing of Souls,"€ 6,99",Germany,4.16,Sudden Death Brewing Co.,8.5%,IPA - Imperial / Double,Can 440ml,"€ 15,89 per litre"
Ashes To Ashes,"€ 8,99",Germany,4.16,Amundsen Brewery,8.5%,IPA - Imperial / Double,Can 440ml,"€ 15,89 per litre"
Lightbulb,"€ 5,49",England,3.74,Verdant Brewing Co,4.5%,Pale Ale - XPA (Extra Pale),Can 440ml,"€ 12,48 per litre"
Gulden Draak Classic,"€ 3,24",Belgium,3.77,Brouwerij Van Steenberge,10.5%,Belgian Strong Dark Ale,330ml,"€ 9,82 per litre"
Pauwel Kwak Rouge,"€ 3,58",Belgium,3.34,Brouwerij Bosteels,8%,Fruit Beer,330ml,"€ 10,85 per litre"
DOPAMINE,"€ 5,95",Netherlands,4.04,Brouwerij LOST,8%,IPA - Imperial / Double New England / Hazy,500ml,"€ 11,90 per litre"
Redcurrant PBJ Time,"€ 18,95",Hungary,4.03,Mead Scientist,11%,Mead - Other,Bottle 375ml,"€ 50,53 per litre"
TWIST,"€ 6,95",Spain,4.02,Garage Beer Co.,7.2%,IPA - New England / Hazy,Can 440ml,"€ 15,80 per litre"
Puhaste Radiant Revel,"€ 3,95",Estonia,3.70,Pühaste Brewery,3%,Sour - Fruited,330ml,"€ 11,97 per litre"
Super Santa,"€ 4,95",Norway,3.44,Amundsen Brewery,4.7%,Stout - Pastry,330ml,"€ 15,00 per litre"
Christmas Morning,"€ 4,95",Norway,3.37,Amundsen Brewery,4.7%,Stout - Pastry,330ml,"€ 15,00 per litre"
Gelato Sourpuss: Monday Motivation,"€ 8,30",Romania,4.32,Hop Hooligans,6%,Sour - Smoothie / Pastry,Can 500ml,"€ 16,60 per litre"
Gelato Sourpuss: Redbeards Revenge,"€ 8,30",Romania,4.30,Hop Hooligans,6%,Sour - Smoothie / Pastry,Can 500ml,"€ 16,60 per litre"
Gelato Sourpuss: Cat Concerto,"€ 8,30",Romania,4.22,Hop Hooligans,6%,Sour - Smoothie / Pastry,Can 500ml,"€ 16,60 per litre"
Koschei: Merlot,"€ 10,05",Romania,4.15,Hop Hooligans,11%,Stout - Imperial / Double Pastry,Bottle 375ml,"€ 26,80 per litre"
Shock Therapy Version 54,"€ 5,27",Romania,4.02,Hop Hooligans,6.5%,IPA - New England / Hazy,Can 500ml,"€ 10,54 per litre"
Hop Hooligans / Cohones - Fjalar,"€ 7,60",Romania,4.00,Hop Hooligans,10%,Porter - Imperial / Double Baltic,Can 500ml,"€ 15,20 per litre"
Crawling Distance v2.0,"€ 7,50",Romania,3.99,Hop Hooligans,8%,IPA - Imperial / Double New England / Hazy,Can 500ml,"€ 15,00 per litre"
Stress Less,"€ 5,91",Romania,3.97,Hop Hooligans,6%,IPA - New England / Hazy,Can 500ml,"€ 11,82 per litre"
Dream Job,"€ 5,24",Romania,3.95,Hop Hooligans,6%,IPA - New England / Hazy,Can 500ml,"€ 10,48 per litre"
Hop Hooligans / Crossline - Horns,"€ 9,53",Romania,3.95,Hop Hooligans,11%,Stout - Imperial / Double,Can 500ml,"€ 19,06 per litre"
Seaview,"€ 5,91",Romania,3.95,Hop Hooligans,6%,IPA - New England / Hazy,Can 500ml,"€ 11,82 per litre"
Spirals Within Spirals,"€ 5,91",Romania,3.93,Hop Hooligans,6%,IPA - New England / Hazy,Can 500ml,"€ 11,82 per litre"
Wave Crusher,"€ 5,91",Romania,3.92,Hop Hooligans,6%,Pilsner - Other,Can 500ml,"€ 11,82 per litre"
Hop Hooligans / Maktoob - Emergency Meeting,"€ 5,91",Romania,3.90,Hop Hooligans,6%,IPA - New England / Hazy,Can 500ml,"€ 11,82 per litre"
Crowd Control,"€ 5,24",Romania,3.88,Hop Hooligans,6%,IPA - New England / Hazy,Can 500ml,"€ 10,48 per litre"
Hot Spring Deluxe,"€ 7,50",Romania,3.87,Hop Hooligans,8%,IPA - Imperial / Double New England / Hazy,Can 500ml,"€ 15,00 per litre"
Bookworm,"€ 5,87",Romania,3.86,Hop Hooligans,5%,Lager - Other,Can 500ml,"€ 11,74 per litre"
Smokehouse Blues,"€ 5,65",Romania,3.83,Hop Hooligans,8%,Rauchbier,Can 500ml,"€ 11,30 per litre"
Sunset Showdown,"€ 5,91",Romania,3.82,Hop Hooligans,6%,Pilsner - Other,Can 500ml,"€ 11,82 per litre"
Hop Hooligans / Yria - The Postman,"€ 6,35",Romania,3.74,Hop Hooligans,6%,Gluten-Free,Can 500ml,"€ 12,70 per litre"
Sencha,"€ 4,77",Romania,3.71,Hop Hooligans,5%,Spiced / Herbed Beer,Can 500ml,"€ 9,54 per litre"
Night Lights,"€ 5,27",Romania,3.71,Hop Hooligans,6.5%,IPA - Black / Cascadian Dark Ale,Can 500ml,"€ 10,54 per litre"
Shady Sushi,"€ 5,93",Romania,3.70,Hop Hooligans,6.5%,IPA - New England / Hazy,Can 500ml,"€ 11,86 per litre"
Summer Punch,"€ 5,01",Romania,3.70,Hop Hooligans,5%,Pale Ale - American,Can 500ml,"€ 10,02 per litre"
Sapience,"€ 6,35",Romania,3.63,Hop Hooligans,6%,Farmhouse Ale - Saison,Can 500ml,"€ 12,70 per litre"
Hop Hooligans / P.I.G.S. - Sharpest Knife In The Drawer,"€ 8,30",Romania,3.63,Hop Hooligans,6%,Sour Ale,Can 500ml,"€ 16,60 per litre"
10yrs x Green Cheek Beer Co,"€ 9,99",England,4.25,Verdant Brewing Co,8.4%,IPA - Imperial / Double New England / Hazy,Can 440ml,"€ 22,70 per litre"
10yrs x Garage Project,"€ 6,99",England,4.18,Verdant Brewing Co,6.5%,IPA - New England / Hazy,Can 440ml,"€ 15,89 per litre"
10yrs x Uchu Brewing,"€ 6,99",England,4.04,Verdant Brewing Co,6.5%,IPA - Fruited,Can 440ml,"€ 15,89 per litre"
Vanity Metrics,"€ 5,50",England,3.96,Verdant Brewing Co,4.9%,Pale Ale - New England / Hazy,Can 440ml,"€ 12,50 per litre"
MOK Coconut,"€ 6,25",Belgium,4.04,Brewery De Meester,12%,Stout - American,330ml,"€ 18,94 per litre"
De Meester x Alvinne Land van de Meester,"€ 5,55",Belgium,3.84,Brewery De Meester,11%,Belgian Strong Dark Ale,330ml,"€ 16,82 per litre"
From The Earth DIPA,"€ 6,60",Belgium,3.97,Norm Brewing,8%,IPA - Imperial / Double New England / Hazy,Can 440ml,"€ 15,00 per litre"
SABRO vs. TALUS - CRAZY LINES #56,"€ 4,95",Poland,3.95,Browar Nepomucen,7%,IPA - Imperial / Double New England / Hazy,500ml,"€ 9,90 per litre"
SMOOTHIE BOWL - BLACK PARROT,"€ 4,80",Poland,3.91,Browar Nepomucen,5.3%,Sour - Smoothie / Pastry,500ml,"€ 9,60 per litre"
HBC1019 - CRAZY LINES #57,"€ 5,25",Poland,3.91,Browar Nepomucen,6.4%,IPA - New England / Hazy,500ml,"€ 10,50 per litre"
El Tormenta Del Futur,"€ 6,70",Croatia,3.90,Nova Runda,6%,IPA - New England / Hazy,500ml,"€ 13,40 per litre"
Fruit Expo: Apricot Sour,"€ 6,30",Croatia,3.89,Nova Runda,4.6%,Sour - Fruited,500ml,"€ 12,60 per litre"
JOSE,"€ 3,90",Poland,3.70,Browar Nepomucen,3.4%,Sour - Fruited Gose,500ml,"€ 7,80 per litre"
SHORELINE,"€ 3,95",Poland,3.68,Browar Nepomucen,6.5%,IPA - American,500ml,"€ 7,90 per litre"
Meet Our Friends | Episode 16: Good Place to Hide,"€ 4,95",Poland,3.67,Browar Nepomucen,6.2%,Pale Ale - New England / Hazy,500ml,"€ 9,90 per litre"
The Darkness,"€ 5,30",Poland,3.60,Browar Nepomucen,5%,Stout - Irish Dry,500ml,"€ 10,60 per litre"
Hopollo,"€ 4,50",Poland,3.39,Browar NOOK/ Browar Nepomucen,0.5%,Non-Alcoholic - IPA,500ml,"€ 9,00 per litre"
Normal Things,"€ 9,95",Poland,4.24,Funky Fluid,12%,Stout - Imperial / Double Pastry,500ml,"€ 19,90 per litre"
Gelato XTREME Blueberry Raspberry Banana S'Mores Milkshake Schmoojee,"€ 8,95",Poland,4.12,Funky Fluid,8%,Sour - Smoothie / Pastry,500ml,"€ 17,90 per litre"
Twin Chicks,"€ 9,95",Poland,4.09,Funky Fluid,12%,Stout - Imperial / Double Pastry,500ml,"€ 19,90 per litre"
Gelato XTREME Jungle Juice Slushy XXL,"€ 8,95",Poland,4.03,Funky Fluid,8%,Sour - Smoothie / Pastry,500ml,"€ 17,90 per litre"
Rothaus Schwarzwald Zäpfle,"€ 2,25",Germany,3.48,Badische Staatsbrauerei Rothaus,5.1%,Kellerbier / Zwickelbier,330ml,"€ 6,82 per litre"
Space Hopera,"€ 4,79",England,3.68,Original Stormtrooper Beer,6.6%,Pale Ale - New England / Hazy,330ml,"€ 14,52 per litre"
Gajes,"€ 2,90",Netherlands,3.63,Bruut Bier,8%,Belgian Tripel,330ml,"€ 8,79 per litre"
Brugse Bok (2024),"€ 3,10",Belgium,3.45,Brouwerij De Halve Maan,6%,Bock - Single / Traditional,330ml,"€ 9,39 per litre"
Witzige Weizen,"€ 3,10",Netherlands,3.42,vandeStreek bier,5.5%,Wheat Beer - Other,330ml,"€ 9,39 per litre"
Apfelstrüdel Dubbelbock,"€ 3,80",Netherlands,3.09,Guilty Monkey Brewery,6.5%,Bock - Doppelbock,330ml,"€ 9,39 per litre"
Bumper Non Alcoholic Blond,"€ 3,20",Netherlands,3.12,vandeStreek bier,0.5%,Non-Alcoholic - Pale Ale,330ml,"€ 9,70 per litre"
Daisy (IPL),"€ 4,99",Netherlands,3.60,Rock City Brewing,6.5%,Lager - IPL (India Pale Lager),Can 440ml,"€ 11,34 per litre"
Yolk,"€ 10,20",England,4.30,Track Brewing Company,8%,IPA - Imperial / Double New England / Hazy,Can 440ml,"€ 23,18 per litre"
Neighbourhood '24,"€ 11,30",England,4.29,Track Brewing Company,10%,IPA - Triple New England / Hazy,Can 440ml,"€ 25,68 per litre"
Haze Division,"€ 11,00",England,4.25,Track Brewing Company,8%,IPA - Imperial / Double New England / Hazy,Can 440ml,"€ 25,00 per litre"
World To Find,"€ 10,20",England,4.21,Track Brewing Company,8%,IPA - Imperial / Double New England / Hazy,Can 440ml,"€ 23,18 per litre"
Notes,"€ 8,40",England,4.18,Track Brewing Company,7.2%,IPA - New England / Hazy,Can 440ml,"€ 19,09 per litre"
Dreaming Of... DDH Motueka,"€ 8,00",England,4.11,Track Brewing Company,7%,IPA - New England / Hazy,Can 440ml,"€ 18,18 per litre"
Orbit,"€ 8,40",England,4.11,Track Brewing Company,7%,IPA - New England / Hazy,Can 440ml,"€ 19,09 per litre"
Next Door,"€ 8,20",England,4.02,Track Brewing Company,7%,IPA - American,Can 440ml,"€ 18,64 per litre"
Resemblance,"€ 7,60",England,3.99,Track Brewing Company,6.5%,IPA - New England / Hazy,Can 440ml,"€ 17,27 per litre"
Substitute,"€ 7,00",England,3.98,Track Brewing Company,5.5%,Pale Ale - New England / Hazy,Can 440ml,"€ 15,91 per litre"
Love Spreads,"€ 6,40",England,3.94,Track Brewing Company,5%,Pale Ale - New England / Hazy,Can 440ml,"€ 14,55 per litre"
Against The Day,"€ 7,60",England,3.79,Track Brewing Company,6.2%,IPA - Red,Can 440ml,"€ 17,27 per litre"
From Above,"€ 6,20",England,3.76,Track Brewing Company,4.1%,Gluten-Free,Can 440ml,"€ 14,09 per litre"
Sonoma,"€ 5,80",England,3.75,Track Brewing Company,3.8%,Pale Ale - New England / Hazy,Can 440ml,"€ 13,18 per litre"
Sonoma AF,"€ 4,70",England,3.54,Track Brewing Company,0.5%,Non-Alcoholic - Pale Ale,Can 440ml,"€ 10,68 per litre"
Karmeliet Tripel,"€ 9,50",Belgium,3.99,Brouwerij Bosteels,8.4%,Belgian Tripel,Bottle 750ml,"€ 12,67 per litre"
Hazy IPA New England India Pale Ale,"€ 2,80",United States,3.94,Old Stove Brewing Co.,7%,IPA - New England / Hazy,Can 355ml,"€ 7,89 per litre"
Kriek,"€ 4,15",Belgium,3.53,Brouwerij Boon,4%,Lambic - Kriek,Bottle 375ml,"€ 11,07 per litre"
Oude Geuze,"€ 4,15",Belgium,3.37,Brouwerij Boon,7%,Lambic - Gueuze,Bottle 375ml,"€ 11,07 per litre"
Herb Groen Alkoholfrei,"€ 1,35",Germany,2.87,Warsteiner,0.5%,Non-Alcoholic - Other,330ml,"€ 4,09 per litre"
Give Me Shelter IPA,"€ 7,80",Germany,4.00,Sudden Death Brewing Co.,7%,IPA - New England / Hazy,Can 440ml,"€ 17,73 per litre"
Eternal Now Non-Alcoholic Stout,"€ 5,10",Sweden,3.05,Omnipollo,0.3%,Non-Alcoholic - Porter / Stout,330ml,"€ 15,45 per litre"
Brauerei Spezial - Rauchbier Märzen,"€ 2,30",Germany,3.71,Brauerei Spezial,5.3%,Rauchbier,500ml,"€ 4,60 per litre"
Bockbier,"€ 2,10",Germany,3.64,Brauerei Ott,6.8%,Bock - Single / Traditional,500ml,"€ 4,20 per litre"
Ladara Bourbon Bock,"€ 4,60",Germany,3.64,Brauerei Ott,6.8%,Bock - Single / Traditional,500ml,"€ 9,20 per litre"
Weiherer Zapfenduster,"€ 2,90",Brazil,3.53,Bamberg Bier/ Brauerei Kundmüller,8.5%,Stout - Imperial / Double,500ml,"€ 5,80 per litre"
Hallerndorfer Rauchbier,"€ 2,10",Germany,3.44,Brauerei Rittmayer Hallerndorf,5%,Rauchbier,500ml,"€ 4,20 per litre"
Stöckel - Ahorntaler Landbier,"€ 2,00",Germany,3.40,Privatbrauerei Stöckel,5.1%,Lager - Munich Dunkel,500ml,"€ 4,00 per litre"
Festbier,"€ 2,10",Germany,3.37,Brauerei Ott,5.7%,Festbier,500ml,"€ 4,20 per litre"
Becher Kräußen Pils - 5 Liter Fass,"€ 18,50",Germany,3.35,Becher Bräu,4.7%,Pilsner - German,5000ml,"€ 3,70 per litre"
Steinbier,"€ 2,20",Germany,3.34,Brauhaus Leikeim,5.8%,Historical Beer - Steinbier,500ml,"€ 4,40 per litre"
Punk IPA,"€ 2,10",Scotland,3.71,BrewDog,5.2%,IPA - American,Can 330ml,"€ 6,36 per litre"
Bockbier,"€ 2,50",Germany,3.48,Brauerei Ott,6.8%,Bock - Single / Traditional,500ml,"€ 5,00 per litre"
Wintergold,"€ 1,90",Germany,3.45,Günther-Bräu,5.8%,Lager - Winter,500ml,"€ 3,80 per litre"
Saphir Bock,"€ 2,50",Germany,3.31,Kaiser Bräu,7.8%,Bock - Doppelbock,500ml,"€ 5,00 per litre"
Fest Löwe,"€ 2,20",Germany,3.54,Zum Löwenbräu Adelsdorf - Neuhaus/Aisch,5.5%,Festbier,500ml,"€ 4,40 per litre"
Bock Hell,"€ 2,20",Germany,3.31,Brauerei Simon,7%,Bock - Hell / Maibock / Lentebock,500ml,"€ 4,40 per litre"
Allgäuer Hell,"€ 2,39",Germany,3.51,Schäffler Bräu,4.9%,Lager - Helles,500ml,"€ 4,78 per litre"
BrewDog Kiez Keule Dry Hopped Export,"€ 2,39",Germany,3.43,BrewDog Deutschland,5.8%,Lager - Dortmunder / Export,330ml,"€ 7,24 per litre"
Hiddenseer Hell,"€ 2,59",Germany,3.42,Rügener Insel-Brauerei,5.3%,Lager - Helles,500ml,"€ 5,18 per litre"
Nittenauer Pilsner,"€ 2,29",Germany,3.36,Brauhaus Nittenau,4.9%,Pilsner - German,500ml,"€ 4,58 per litre"
Nittenauer Hell,"€ 2,29",Germany,3.32,Brauhaus Nittenau,4.9%,Lager - Helles,500ml,"€ 4,58 per litre"
Wildwuchs Löppt Jubiläums Ale,"€ 3,29",Germany,3.59,Wildwuchs Brauwerk Hamburg,3.9%,Pale Ale - New England / Hazy,330ml,"€ 9,97 per litre"
La Bella Lola Single Hop Blond Ale,"€ 2,49",Spain,3.30,Barcelona Beer Company,4%,Pale Ale - Other,330ml,"€ 7,55 per litre"
Ola Dubh 12,"€ 7,40",Scotland,3.95,Harviestoun Brewery,8%,Porter - Imperial / Double,330ml,"€ 22,42 per litre"
Kriekenbier Cherry Wheat,"€ 3,40",Belgium,3.56,Brouwerij Cornelissen,5%,Fruit Beer,330ml,"€ 10,30 per litre"
Delirium Tremens,"€ 7,90",Belgium,3.85,Delirium - Huyghe Brewery,8.5%,Belgian Strong Golden Ale,Bottle 750ml,"€ 10,53 per litre"
Delirium Nocturnum,"€ 7,90",Belgium,3.76,Delirium - Huyghe Brewery,8.5%,Belgian Strong Dark Ale,Bottle 750ml,"€ 10,53 per litre"
Delirium Argentum,"€ 3,00",Belgium,3.60,Delirium - Huyghe Brewery,7%,IPA - Belgian,Bottle 330ml,"€ 9,09 per litre"
Delirium Red,"€ 8,00",Belgium,3.58,Delirium - Huyghe Brewery,8%,Fruit Beer,Bottle 750ml,"€ 10,67 per litre"
Last Minute,"€ 2,10",Poland,3.84,Browar Stu Mostów,6%,Pale Ale - New England / Hazy,Bottle 500ml,"€ 4,20 per litre"
Harvest Saison: White Wine Ba 2020,"€ 9,85",England,3.99,Little Earth Project,6.2%,Farmhouse Ale - Saison,Bottle 375ml,"€ 26,27 per litre"
Stupid Sexy Suffolk IV,"€ 9,85",England,3.93,Little Earth Project,5.4%,Sour - Flanders Red Ale,Bottle 375ml,"€ 26,27 per litre"
Cidre Cassis,"€ 14,45",Switzerland,3.92,À tue-tête,7.7%,Cider - Other Fruit,Bottle 750ml,"€ 19,27 per litre"
Harvest Saison: Red Wine Ba 2020,"€ 9,85",England,3.92,Little Earth Project,6.2%,Farmhouse Ale - Saison,Bottle 375ml,"€ 26,27 per litre"
CYCT - Flexure,"€ 6,50",Netherlands,3.91,Moersleutel Craft Brewery,8.5%,IPA - Imperial / Double New England / Hazy,Can 440ml,"€ 14,77 per litre"
CYCT - Pressure,"€ 5,99",Netherlands,3.82,Moersleutel Craft Brewery,7%,IPA - New England / Hazy,Can 440ml,"€ 13,61 per litre"
Hazy Nebula,"€ 5,40",Netherlands,3.73,Moersleutel Craft Brewery,6.5%,IPA - New England / Hazy,Can 440ml,"€ 12,27 per litre"
Pikantus Weizenbock,"€ 2,30",Germany,3.58,Erdinger Weissbräu,7.3%,Bock - Weizenbock,330ml,"€ 6,97 per litre"
Remblock,"€ 5,75",Netherlands,3.48,Moersleutel Craft Brewery,6.5%,Bock - Single / Traditional,Can 440ml,"€ 13,07 per litre"
Reserva Roja Bock,"€ 2,50",Spain,3.48,Grupo Cervezas Alhambra,7.2%,Bock - Single / Traditional,330ml,"€ 7,58 per litre"
IJbok,"€ 2,55",Netherlands,3.39,Brouwerij 't IJ,6.5%,Bock - Single / Traditional,330ml,"€ 7,73 per litre"
Chapter 10: Raspberry Beeret,"€ 3,90",Nederland,3.39,Jopen,7.8%,stout,330ml,"€ 11,82 per litre"
Heavy Duties - Cinnamon Bun Plasterer,"€ 7,50",Nederland,3.39,Moersleutel,12%,stout,Can 440ml,"€ 17,05 per litre"
The Heavy Duties - Butterscotch Foundry,"€ 6,80",Nederland,3.39,Moersleutel,13%,stout,Can 440ml,"€ 15,45 per litre"
Weihenstephaner Festbier (2024),"€ 2,90",Germany,3.72,Bayerische Staatsbrauerei Weihenstephan,5.8%,Märzen,500ml,"€ 5,80 per litre"
Arpus Brewing Co. Tdh Motueka X Riwaka X Galaxy Dipa,"€ 5,03",Latvia,3.99,Ārpus Brewing Co.,6.5%,IPA - New England / Hazy,500ml,"€ 5,80 per litre"
Arpus Brewing Co. Tdh Vista X Mckenzie Session Ipa,"€ 4,62",Latvia,3.99,Ārpus Brewing Co.,6.5%,IPA - New England / Hazy,500ml,"€ 5,80 per litre"
Arpus Brewing Co. Tdh Ella X Enigma Ipa,"€ 4,62",Latvia,3.99,,6.5%,IPA - New England / Hazy,500ml,"€ 5,80 per litre"
Arpus Brewing Co. Tdh Talus X Cascade Ipa,"€ 4,83",Latvia,3.99,,6.5%,IPA - New England / Hazy,500ml,"€ 5,80 per litre"
Stu Mostow TROPICAL Gose,"€ 7,00",Poland,3.89,Browar Stu Mostów,3.5%,Sour - Fruited Gose,500ml,"€ 14,00 per litre"
Stu Mostow Pale Ale,"€ 6,80",Poland,3.63,Browar Stu Mostów,5.1%,Pale Ale - American,500ml,"€ 13,60 per litre"
Stu Mostow Strawberry Berliner Weisse,"€ 6,80",Germany,3.61,BRLO/ Browar Stu Mostów,3.4%,Sour - Fruited Berliner Weisse,500ml,"€ 13,60 per litre"
Stu Mostow WRCLW Lager,"€ 5,80",Poland,3.53,WRCLW,5.8%,Festbier,500ml,"€ 11,60 per litre"
Stu Mostow WRCLW Pils,"€ 5,80",Poland,3.38,WRCLW,5%,Pilsner - German,500ml,"€ 11,60 per litre"
Maple Bänger Imperial Stout,"€ 6,60",Estonia,3.92,Põhjala,12.5%,Stout - Imperial / Double,330ml,"€ 20,00 per litre"
All Fuzz DIPA,"€ 9,20",Denmark,3.92,Bad Seed Brewing,8%,IPA - Imperial / Double New England / Hazy,Can 440ml,"€ 20,91 per litre"
No Fuzz Nelson IPA,"€ 8,40",Denmark,3.83,Bad Seed Brewing,7%,IPA - American,Can 440ml,"€ 19,09 per litre"
Festbier German Style Lager,"€ 5,10",Denmark,3.48,Copenhagen Commons,6.1%,Festbier,Can 440ml,"€ 11,59 per litre"
Arpus Brewing Co. Apricot X Blackberry X Cherry X Raspberry Smoothie Sour Ale,"€ 5,67",Latvia,4.24,Ārpus Brewing Co.,5%,Sour - Smoothie / Pastry,Can 440ml,"€ 12,89 per litre"
Back In The Dayz,"€ 6,75",Denmark,3.81,Mikkeller,10%,IPA - Triple,Can 440ml,"€ 15,34 per litre"
Compelling Argument,"€ 4,99",Spain,3.79,Garage Beer Co.,7.5%,Sour - Fruited Berliner Weisse,Can 440ml,"€ 11,34 per litre"
Delirium Tremens - one-way-keg,"€ 164,30",Belgium,3.85,Delirium - Huyghe Brewery,8.5%,Belgian Strong Golden Ale,30000ml,"€ 5,48 per litre"
Delirium Nocturnum - one-way-keg,"€ 164,60",Belgium,3.76,Delirium - Huyghe Brewery,8.5%,Belgian Strong Dark Ale,30000ml,"€ 5,49 per litre"
8 1/2 - Citra,"€ 10,49",United States,4.12,Brouwerij West,7%,IPA - New England / Hazy,30000ml,"€ 5,49 per litre"
Picnic Lightning,"€ 9,29",United States,4.02,Brouwerij West,6.8%,IPA - New England / Hazy,30000ml,"€ 5,49 per litre"
Hammerland DIPA,"€ 7,69",United States,3.98,El Segundo Brewing Company,8.6%,IPA - Imperial / Double,30000ml,"€ 5,49 per litre"
Marshmallow Milk Stout,"€ 5,69",United States,3.95,Garage Brewing Co,7.1%,Stout - Milk / Sweet,30000ml,"€ 5,49 per litre"
Can We Be Friends? / Fall Brewing,"€ 9,29",United States,3.90,Artifex Brewing Company,6.9%,IPA - American,30000ml,"€ 5,49 per litre"
Orange You Different,"€ 8,49",United States,3.89,Artifex Brewing Company,7%,IPA - New England / Hazy,30000ml,"€ 5,49 per litre"
Sharlie,"€ 10,49",United States,3.87,Ogopogo Brewing,6.9%,IPA - New England / Hazy,,
Coastal Drift,"€ 10,99",United States,3.86,Eureka Brewing Company,7%,IPA - American,,
Double Bogey,"€ 10,99",United States,3.85,Eureka Brewing Company,8.5%,IPA - Imperial / Double,,
Mayberry IPA,"€ 7,29",United States,3.85,El Segundo Brewing Company,7.2%,IPA - American,473ml,"€ 15,41 per litre"
Grapefruit Double IPA,"€ 9,99",United States,3.85,Claremont Craft Ales,8.8%,IPA - Imperial / Double,473ml,"€ 15,41 per litre"
Bounce,"€ 8,49",United States,3.84,Brouwerij West,6%,IPA - American,473ml,"€ 15,41 per litre"
Lost City of Zed,"€ 10,99",United States,3.84,Eureka Brewing Company,7.3%,IPA - American,473ml,"€ 15,41 per litre"
Mango Hefeweizen,"€ 5,49",United States,3.81,Garage Brewing Co,5.5%,Wheat Beer - Hefeweizen,473ml,"€ 15,41 per litre"
35 Miles NE,"€ 8,99",United States,3.81,Claremont Craft Ales,7%,IPA - New England / Hazy,473ml,"€ 15,41 per litre"
Trigger Finger,"€ 8,49",United States,3.80,Artifex Brewing Company,6.7%,IPA - American,473ml,"€ 15,41 per litre"
Broken Skull IPA,"€ 7,29",United States,3.79,El Segundo Brewing Company,6.7%,IPA - American,473ml,"€ 15,41 per litre"
Cactus Eaters,"€ 10,49",United States,3.77,Brouwerij West,6.5%,IPA - Other,473ml,"€ 15,41 per litre"
Spectro,"€ 4,99",United States,3.75,Topa Topa Brewing Company,6.3%,IPA - New England / Hazy,473ml,"€ 15,41 per litre"
Baseline,"€ 9,49",United States,3.75,Claremont Craft Ales,8%,IPA - Imperial / Double,473ml,"€ 15,41 per litre"
Claremont IPA,"€ 8,99",United States,3.75,Claremont Craft Ales,6.7%,IPA - American,473ml,"€ 15,41 per litre"
Hüftgold,"€ 6,69",United States,3.74,El Segundo Brewing Company,5.8%,Festbier,473ml,"€ 15,41 per litre"
Perfect Day,"€ 9,49",United States,3.74,Stereo Brewing Company,7.2%,IPA - American,473ml,"€ 15,41 per litre"
Pepper & Peaches,"€ 8,99",United States,3.74,Claremont Craft Ales,6.7%,IPA - American,473ml,"€ 15,41 per litre"
Citra Pale Ale,"€ 6,49",United States,3.73,El Segundo Brewing Company,5.5%,Pale Ale - American,473ml,"€ 13,72 per litre"
Jacaranda,"€ 9,99",United States,3.73,Claremont Craft Ales,6.7%,IPA - Rye,473ml,"€ 13,72 per litre"
Broken Skull American Lager,"€ 5,99",United States,3.70,El Segundo Brewing Company,4.8%,Lager - American,,
The Tow Truck,"€ 5,99",United States,3.69,Garage Brewing Co,9.1%,Belgian Tripel,,
White Dog IPA,"€ 7,29",United States,3.67,El Segundo Brewing Company,6.7%,IPA - White / Wheat,,
Level Line,"€ 4,99",United States,3.63,Topa Topa Brewing Company,5%,Pale Ale - American,,
Cherry Fist,"€ 7,29",Germany,3.64,Blech.Brut,9.2%,Sour - Fruited,Can 440ml,"€ 16,57 per litre"
Hell,"€ 5,40",Germany,3.58,Private Landbrauerei Schönram,5%,Lager - Helles,Bottle 500ml,"€ 10,80 per litre"
Pineapple X Lime X Coconut X Vanilla Smoothie Sour Ale,"€ 6,99",Latvia,4.12,Ārpus Brewing Co.,4.5%,Sour - Fruited,Can 440ml,"€ 15,89 per litre"
TDH Double 5 DIPA,"€ 6,29",Latvia,4.03,Ārpus Brewing Co.,8%,IPA - Imperial / Double New England / Hazy,Can 440ml,"€ 14,30 per litre"
Drone Logic,"€ 6,29",Ireland,4.03,Whiplash,8%,IPA - Imperial / Double,Can 440ml,"€ 14,30 per litre"
SILK SCREEN,"€ 6,79",Netherlands,3.96,Floem,7.7%,IPA - Imperial / Double New England / Hazy,Can 440ml,"€ 15,43 per litre"
TDH Vista x McKenzie Session IPA,"€ 5,49",Latvia,3.85,Ārpus Brewing Co.,5%,IPA - Session,Can 440ml,"€ 12,48 per litre"
Summa,"€ 4,29",Netherlands,3.76,Van Moll,10.5%,Strong Ale - Other,330ml,"€ 13,00 per litre"
Je Moeder,"€ 3,35",Netherlands,3.50,Vet & Lazy,8.5%,Belgian Tripel,330ml,"€ 10,15 per litre"
TDH Talus X Cascade IPA,"€ 5,79",Latvia,3.91,Ārpus Brewing Co.,6.5%,IPA - New England / Hazy,Can 440ml,"€ 13,16 per litre"
TDH Ella X Enigma IPA,"€ 5,79",Latvia,3.85,Ārpus Brewing Co.,6.5%,IPA - New England / Hazy,Can 440ml,"€ 13,16 per litre"
Alien By Choice,"€ 6,25",Sweden,4.04,Elmeleven,6%,Sour - Smoothie / Pastry,Can 440ml,"€ 14,20 per litre"
Subliminal Messaging,"€ 4,50",England,3.84,DEYA Brewing Company,5%,Pale Ale - American,500ml,"€ 9,00 per litre"
Anniversaire,"€ 7,10",England,3.90,Burning Sky Brewery,6.5%,Farmhouse Ale - Saison,Can 440ml,"€ 16,14 per litre"
Wot U Call It?,"€ 7,50",England,3.84,Arbor Ales,5.6%,IPA - American,Can 568ml,"€ 13,20 per litre"
TDH Motueka X Riwaka X Galaxy DIPA,"€ 6,29",Latvia,3.84,Ārpus Brewing Co.,8%,IPA - New England / Hazy,Can 440ml,"€ 14,30 per litre"
Cosmic Winter,"€ 6,75",Sweden,4.00,Elmeleven,7.5%,Sour - Smoothie / Pastry,Can 440ml,"€ 15,34 per litre"
Soup IPA (box 16 pcs),"€ 60,00",Spain,3.94,Garage Beer Co.,6%,IPA - New England / Hazy,Can 440ml,"€ 15,34 per litre"
Frightful Machine,"€ 4,99",England,3.71,DEYA Brewing Company,4.5%,Pale Ale - American,500ml,"€ 9,98 per litre"
Acid Lust,"€ 4,50",Bulgaria,3.69,Sofia Electric Brewing,8.5%,Sour - Smoothie / Pastry,330ml,"€ 13,64 per litre"
Crystallography,"€ 7,80",England,3.93,Cloudwater Brew Co.,8%,IPA - Imperial / Double,4-pack,"Total price: € 7,80"
Crystallography,"€ 28,80",England,3.93,Cloudwater Brew Co.,8%,IPA - Imperial / Double,4-pack,"Total price: € 28,80"
Nog Eentje Dan! Blond,"€ 3,40",Netherlands,3.45,De Dorstige Geelbuik,5.9%,Belgian Blonde,330ml,"€ 10,30 per litre"
Gouden Carolus Imperial Dark Cellar Reserve 2x,"€ 24,95",Belgium,4.05,Brouwerij Het Anker,11%,Belgian Strong Dark Ale,Bottle 750ml,"€ 33,27 per litre"
St. Feuillien Grand Cru,"€ 2,80",Belgium,3.71,Brasserie St-Feuillien,9.5%,Belgian Strong Golden Ale,Bottle 330ml,"€ 8,48 per litre"
Mooie Nel,"€ 2,95",Netherlands,3.59,Jopen,6.5%,IPA - American,Bottle 330ml,"€ 8,48 per litre"
Wolf 7,"€ 2,15",Belgium,3.53,Brouwerij Wolf,7.4%,Belgian Strong Golden Ale,330ml,"€ 6,52 per litre"
Oesterstout,"€ 2,35",Belgium,3.49,Scheldebrouwerij,8.5%,Stout - Oyster,330ml,"€ 7,12 per litre"
Sloeber,"€ 2,35",Belgium,3.41,Brouwerij Roman,7.5%,Belgian Strong Golden Ale,330ml,"€ 7,12 per litre"
Massive Azacc,"€ 6,30",England,3.83,Arbor Ales,5.4%,Pale Ale - New England / Hazy,Can 568ml,"€ 11,09 per litre"
C Bomb,"€ 6,20",England,3.76,Arbor Ales,4.7%,Pale Ale - American,Can 568ml,"€ 10,92 per litre"
Robust Porter,"€ 6,00",England,3.72,Burning Sky Brewery,5.8%,Porter - English,Can 440ml,"€ 13,64 per litre"
Razza Raspberry Lemonade,"€ 2,10",Italy,3.43,Karma,5%,Blonde / Golden Ale - Other,Can 250ml,"€ 8,40 per litre"
Kaleidoscope (Alcohol Free),"€ 4,80",England,3.37,Wiper And True,0.5%,Non-Alcoholic - Pale Ale,Can 440ml,"€ 10,91 per litre"
Lefort Tripel,"€ 2,90",Belgium,3.72,Omer Vander Ghinste,8.8%,Belgian Tripel,330ml,"€ 8,79 per litre"
Avec Les Bons Voeux,"€ 6,99",Belgium,3.66,Brasserie Dupont,9.5%,Belgian Tripel,Bottle 750ml,"€ 9,32 per litre"
Bacchus Framboos,"€ 4,50",Belgium,3.65,Kasteel Brouwerij Vanhonsebrouck,5%,Sour - Flanders Oud Bruin,,
Lefort,"€ 3,00",Belgium,3.62,Omer Vander Ghinste,9%,Belgian Strong Dark Ale,330ml,"€ 9,09 per litre"
Arpus Brewing Co. Tdh Double 5 Dipa,"€ 5,17",Latvia,3.99,Ārpus Brewing Co.,6.5%,IPA - New England / Hazy,330ml,"€ 9,09 per litre"
Guava Cannon,"€ 8,20",Scotland,3.93,Holy Goat Brewing,6.7%,Sour - Fruited,Bottle 375ml,"€ 21,87 per litre"
Tortuga (w/Abyss),"€ 8,20",Scotland,3.88,Holy Goat Brewing,6.2%,Sour - Fruited,Can 375ml,"€ 21,87 per litre"
Plum Porter,"€ 5,80",Scotland,3.74,Holy Goat Brewing,6%,Porter - Other,Can 440ml,"€ 13,18 per litre"
Brain Smasher,"€ 3,30",Poland,3.62,Moczybroda,7%,IPA - Imperial / Double,Bottle 500ml,"€ 6,60 per litre"
Sesyjna APA Bezglutenowe,"€ 2,80",Poland,3.42,Maryensztadt,4.1%,Gluten-Free,Bottle 500ml,"€ 5,60 per litre"
Freeky APA,"€ 2,60",Poland,3.37,Maryensztadt,0.5%,Non-Alcoholic - Pale Ale,Bottle 500ml,"€ 5,20 per litre"
Owsiany Stout Bezglutenowe,"€ 2,70",Poland,3.31,Maryensztadt,4.5%,Stout - Oatmeal,Bottle 500ml,"€ 5,40 per litre"
Fireproof,"€ 35,00",United States,4.37,The Bruery,14.7%,Stout - Imperial / Double,Bottle 375ml,"€ 93,33 per litre"
Skullcrusher,"€ 4,95",Netherlands,3.65,Mister Hop,9.99%,Stout - Imperial / Double,330ml,"€ 15,00 per litre"
Royale Kater,"€ 4,25",Netherlands,3.61,Mister Hop,6.3%,IPA - New England / Hazy,330ml,"€ 12,88 per litre"
Pin-Up Blonde,"€ 4,30",Netherlands,3.39,Mister Hop,5.5%,Blonde / Golden Ale - Other,330ml,"€ 13,03 per litre"
Lervig 3 Bean Stout,"€ 5,69",Norway,4.09,LERVIG/ Way Beer,12%,Stout - Imperial / Double,330ml,"€ 17,24 per litre"
Kerstpater,"€ 3,39",Belgium,3.64,Brouwerij Van Den Bossche,9%,Winter Ale,330ml,"€ 17,24 per litre"
Balcones Edition 2024 Barley Wine,"€ 7,90",Netherlands,4.13,Brouwerij de Molen,11.4%,Barleywine - English,330ml,"€ 23,94 per litre"
Triple Hyperactive Moon - DDH TIPA,"€ 6,90",Spain,4.11,Cervesa Espiga,10%,IPA - Triple New England / Hazy,Can 440ml,"€ 15,68 per litre"
Owl Yeah - IPA DDH,"€ 6,90",Spain,3.95,Cervesa Espiga,6.5%,IPA - New England / Hazy,Can 440ml,"€ 15,68 per litre"
Hazy Discovery Tokyo - Hazy IPA,"€ 6,50",Poland,3.89,Browar PINTA,6%,IPA - New England / Hazy,500ml,"€ 13,00 per litre"
Hazy Discovery Bratislava - Hazy IPA,"€ 6,50",Poland,3.88,Browar PINTA,6%,IPA - New England / Hazy,500ml,"€ 13,00 per litre"
Cold Delivery IPA,"€ 4,90",Poland,3.72,Browar PINTA,6.5%,IPA - Cold,500ml,"€ 9,80 per litre"
Garage IPA,"€ 3,20",Spain,3.60,Cervesa Espiga,6%,IPA - American,330ml,"€ 9,70 per litre"
Blonde Ale Glutenfrei,"€ 2,90",Spain,3.43,Cervesa Espiga,4.5%,Gluten-Free,330ml,"€ 8,79 per litre"
Ontbijtkoekbock,"€ 4,90",Netherlands,3.37,Uiltje Brewing Company,6.5%,Bock - Single / Traditional,330ml,"€ 14,85 per litre"
Banana Foster Buttermilk Pancake Stack,"€ 7,95",England,3.58,Buxton Brewery,9.7%,Stout - Imperial / Double Pastry,Can 440ml,"€ 18,07 per litre"
Winter Welcome Ale 2024-2025,"€ 4,95",England,3.53,Samuel Smith,6%,Winter Ale,550ml,"€ 9,00 per litre"
The Emperor,"€ 2,81",England,3.53,Void,6%,Other,330ml,"€ 8,52 per litre"
The Empress,"€ 2,81",England,3.53,Void,6%,Other,330ml,"€ 8,52 per litre"
Non-Fossil Fuel,"€ 11,99",Norway,4.31,Marlobobo's Megabear,14%,Stout - Imperial / Double,330ml,"€ 36,33 per litre"
New Weather,"€ 6,99",Norway,4.05,Marlobobo's Megabear,8%,IPA - Imperial / Double New England / Hazy,Can 440ml,"€ 15,89 per litre"
Hopsplosie,"€ 5,49",Netherlands,4.03,Brouwerij Neef,7%,IPA - New England / Hazy,330ml,"€ 16,64 per litre"
Fuerst Wiacek Werewolf Grandma,"€ 7,89",Germany,4.10,FUERST WIACEK,6.8%,IPA - New England / Hazy,Can 440ml,"€ 17,93 per litre"
Fuerst Wiacek Jewels,"€ 14,70",Germany,4.08,FUERST WIACEK,10%,Stout - Imperial / Double Coffee,Can 440ml,"€ 33,41 per litre"
Fuerst Wiacek / WeldWerks - Gold,"€ 14,70",Germany,4.07,FUERST WIACEK,10%,Stout - Imperial / Double Coffee,Can 440ml,"€ 33,41 per litre"
Fuerst Wiacek Toe Cutter,"€ 7,89",Germany,4.04,FUERST WIACEK,6.8%,IPA - New England / Hazy,Can 440ml,"€ 17,93 per litre"
Fuerst Wiacek Invisible Eyes,"€ 7,89",Germany,4.03,FUERST WIACEK,6.8%,IPA - New England / Hazy,Can 440ml,"€ 17,93 per litre"
Fuerst Wiacek Stereo,"€ 7,89",Germany,4.02,FUERST WIACEK,6.8%,IPA - New England / Hazy,Can 440ml,"€ 17,93 per litre"
Fuerst Wiacek Crossfader,"€ 7,89",Germany,4.01,FUERST WIACEK,6.8%,IPA - New England / Hazy,Can 440ml,"€ 17,93 per litre"
Fuerst Wiacek Smooth Mover,"€ 7,89",Germany,4.01,FUERST WIACEK,6.8%,IPA - New England / Hazy,Can 440ml,"€ 17,93 per litre"
Fuerst Wiacek Floppy Disk,"€ 7,89",Germany,3.99,FUERST WIACEK,6.8%,IPA - New England / Hazy,Can 440ml,"€ 17,93 per litre"
Fuerst Wiacek Scary Cassettes,"€ 7,22",Germany,3.98,FUERST WIACEK,6.8%,IPA - New England / Hazy,Can 440ml,"€ 16,41 per litre"
Fuerst Wiacek Long Tooth,"€ 7,22",Germany,3.97,FUERST WIACEK,6.8%,IPA - New England / Hazy,Can 440ml,"€ 16,41 per litre"
Fuerst Wiacek Parklife,"€ 7,22",Germany,3.93,FUERST WIACEK,6.8%,IPA - American,Can 440ml,"€ 16,41 per litre"
Fuerst Wiacek Solitary Sock,"€ 7,21",Germany,3.93,FUERST WIACEK,6.2%,IPA - New England / Hazy,Can 440ml,"€ 16,39 per litre"
Fuerst Wiacek Roadie,"€ 6,90",Germany,3.92,FUERST WIACEK,5.5%,Pale Ale - New England / Hazy,Can 440ml,"€ 15,68 per litre"
Fuerst Wiacek Chin Music,"€ 7,89",Germany,3.85,FUERST WIACEK,6.8%,IPA - New England / Hazy,Can 440ml,"€ 17,93 per litre"
Fuerst Wiacek Crowdsurfer,"€ 6,91",Germany,3.85,FUERST WIACEK,6.2%,IPA - New England / Hazy,Can 440ml,"€ 15,70 per litre"
Fuerst Wiacek Whistles,"€ 6,07",Germany,3.84,FUERST WIACEK,6.8%,IPA - American,Can 440ml,"€ 13,80 per litre"
Fuerst Wiacek After Party,"€ 6,40",Germany,3.76,FUERST WIACEK,5%,Pale Ale - New England / Hazy,Can 440ml,"€ 14,55 per litre"
Fuerst Wiacek / Lervig - Nimble,"€ 4,71",Germany,3.69,FUERST WIACEK,3.5%,Pale Ale - New England / Hazy,Can 440ml,"€ 10,70 per litre"
Fuerst Wiacek High Five,"€ 4,77",Germany,3.65,FUERST WIACEK,5%,Pale Ale - New England / Hazy,Can 440ml,"€ 10,84 per litre"
WILL IT FLOAT #9,"€ 8,50",Netherlands,4.18,White Dog Brewery,6%,Sour - Smoothie / Pastry,Can 440ml,"€ 19,32 per litre"
FLOOD THE ZONE WITH SHIT | grainfog series 1/5,"€ 7,70",Germany,4.08,Atelier der Braukünste,7.8%,IPA - Imperial / Double New England / Hazy,Can 440ml,"€ 17,50 per litre"
FILIBUSTER | grainfog series 2/5,"€ 7,40",Germany,4.05,Atelier der Braukünste,6.7%,IPA - New England / Hazy,Can 440ml,"€ 16,82 per litre"
The Scream,"€ 6,40",Spain,3.98,Caleya,6.5%,IPA - New England / Hazy,Can 440ml,"€ 14,55 per litre"
Vanity Metrics,"€ 6,10",England,3.96,Verdant Brewing Co,4.9%,Pale Ale - New England / Hazy,Can 440ml,"€ 13,86 per litre"
Juicebox,"€ 7,40",Netherlands,3.88,White Dog Brewery,5.4%,IPA - New England / Hazy,Can 440ml,"€ 16,82 per litre"
Summer Punch,"€ 6,70",Spain,3.88,Caleya,5.5%,Sour - Fruited,Can 440ml,"€ 15,23 per litre"
Follow the Light,"€ 5,90",Poland,3.82,Browar Rockmill,6.5%,IPA - New England / Hazy,500ml,"€ 11,80 per litre"
Make My Day,"€ 6,80",Spain,3.80,Caleya,7.7%,IPA - Imperial / Double,Can 440ml,"€ 15,45 per litre"
Johannieter,"€ 3,10",Netherlands,3.54,Jopen,9%,Bock - Weizendoppelbock,330ml,"€ 9,39 per litre"
Eazy IPA,"€ 7,79",Spain,3.82,SOMA Beer,5%,IPA - New England / Hazy,Can 440ml,"€ 17,70 per litre"
Delirium Barrel Aged Sour Blond,"€ 18,95",Belgium,3.64,Delirium - Huyghe Brewery,10.8%,Sour - Other,Bottle 750ml,"€ 25,27 per litre"
Bokbier,"€ 2,95",Netherlands,3.39,Jopen,6.5%,Bock - Single / Traditional,330ml,"€ 8,94 per litre"
Extra Black (Gluten Free),"€ 4,90",Scotland,3.74,Campervan Brewery,4.5%,Porter - Other,Can 440ml,"€ 11,14 per litre"
Mango Mimosa,"€ 5,40",Scotland,3.64,Campervan Brewery,4.7%,Sour - Fruited Berliner Weisse,Can 440ml,"€ 12,27 per litre"
Pirate Haze,"€ 4,57",Hungary,3.70,SIMA brewing,5.8%,IPA - New England / Hazy,330ml,"€ 13,85 per litre"
Celebrator,"€ 2,25",Germany,3.76,Ayinger Privatbrauerei,6.7%,Bock - Doppelbock,330ml,"€ 6,82 per litre"
American IPA - Valley Malt Holyoke,"€ 15,00",United States,4.06,Tree House Brewing Company,6.5%,IPA - New England / Hazy,330ml,"€ 6,82 per litre"
American IPA - Mecca Grade,"€ 16,00",United States,4.05,Tree House Brewing Company,6.5%,IPA - New England / Hazy,330ml,"€ 6,82 per litre"
Smooth Green,"€ 16,00",United States,3.95,Tree House Brewing Company,7.5%,IPA - American,330ml,"€ 6,82 per litre"
Stoute Sjaak Imperial Stout Batch 2023,"€ 3,65",Netherlands,3.80,Brouwer Barry,11%,Stout - Imperial / Double,330ml,"€ 11,06 per litre"
Het Blonde Hert Blond,"€ 3,10",Netherlands,3.44,Bennebroecks,5.5%,Blonde / Golden Ale - Other,330ml,"€ 9,39 per litre"
Het Hoppige Hert India Pale Ale IPA,"€ 3,10",Netherlands,3.43,Bennebroecks,6%,IPA - American,330ml,"€ 9,39 per litre"
Playground Alcoholvrij Fles IPA,"€ 2,70",Netherlands,3.33,vandeStreek bier,0.5%,Non-Alcoholic - IPA,330ml,"€ 8,18 per litre"
Schimpf Hefe Hell,"€ 2,39",Germany,3.51,Kronenbrauerei Schimpf,5%,Wheat Beer - Hefeweizen,500ml,"€ 4,78 per litre"
Schimpf Hell,"€ 2,39",Germany,3.39,Kronenbrauerei Schimpf,5%,Lager - Helles,500ml,"€ 4,78 per litre"
Schimpf Bockbier,"€ 2,49",Germany,3.36,Kronenbrauerei Schimpf,7.2%,Bock - Hell / Maibock / Lentebock,330ml,"€ 7,55 per litre"
Schimpf Hefe Dunkel,"€ 2,39",Germany,3.36,Kronenbrauerei Schimpf,5%,Wheat Beer - Dunkelweizen,500ml,"€ 4,78 per litre"
Schimpf Halbe Spezial,"€ 2,39",Germany,3.35,Kronenbrauerei Schimpf,5.2%,Lager - Dortmunder / Export,500ml,"€ 4,78 per litre"
Schimpf Weihnachtsbier,"€ 2,39",Germany,3.32,Kronenbrauerei Schimpf,5.2%,Lager - Winter,500ml,"€ 4,78 per litre"
Schimpf Pils,"€ 2,39",Germany,3.15,Kronenbrauerei Schimpf,4.9%,Pilsner - Other,330ml,"€ 7,24 per litre"
Die Bake Seenebel Hazy IPA,"€ 5,69",Germany,3.73,Die Bake Braumanufaktur,5.9%,IPA - New England / Hazy,330ml,"€ 17,24 per litre"
Die Bake Lotsenlicht Helles,"€ 3,69",Germany,3.52,Die Bake Braumanufaktur,4.8%,Lager - Helles,330ml,"€ 11,18 per litre"
Die Bake Klönschnack Pilsener,"€ 3,69",Germany,3.51,Die Bake Braumanufaktur,4.9%,Pilsner - German,330ml,"€ 11,18 per litre"
Die Bake Havenarbeiter Porter,"€ 4,69",Germany,3.44,Die Bake Braumanufaktur,4.6%,Porter - English,330ml,"€ 14,21 per litre"
BRLO x The Barn Baltic Barista,"€ 3,99",Germany,3.38,BRLO,7%,Porter - Coffee,330ml,"€ 12,09 per litre"
Sauvin,"€ 31,55",Netherlands,4.16,Tommie Sjef,6.8%,Wild Ale - Other,Bottle 750ml,"€ 42,07 per litre"
Way in the Dark – Imperial Porter – Collab Burnt Mill,"€ 5,45",Estonia,4.06,Pühaste Brewery,11.5%,Porter - Imperial / Double,330ml,"€ 16,52 per litre"
Erle,"€ 1,90",Germany,3.85,"Schlenkerla (""Heller-Bräu"" Trum)",4.2%,Rauchbier,500ml,"€ 3,80 per litre"
Fluffy,"€ 3,50",Germany,3.81,orca brau,4.7%,Pale Ale - New England / Hazy,330ml,"€ 10,61 per litre"
Aecht Schlenkerla Urbock,"€ 2,90",Germany,3.74,"Schlenkerla (""Heller-Bräu"" Trum)",6.5%,Rauchbier,500ml,"€ 5,80 per litre"
DREAMS 2023,"€ 18,99",Austria,4.39,Brauhaus Bevog,19.6%,Freeze-Distilled Beer,500ml,"€ 5,80 per litre"
N'ice,"€ 3,39",Belgium,3.66,Brasserie d'Achouffe,10%,Winter Ale,500ml,"€ 5,80 per litre"
Gouveneur Tripel,"€ 3,19",Netherlands,3.47,Lindeboom,8.2%,Belgian Tripel,500ml,"€ 5,80 per litre"
Gouveneur Blond,"€ 2,89",Netherlands,3.45,Lindeboom,6.5%,Belgian Blonde,500ml,"€ 5,80 per litre"
Gouveneur Dubbel,"€ 2,89",Netherlands,3.28,Lindeboom,6.5%,Belgian Dubbel,300ml,"€ 9,63 per litre"
All the leaves are brown,"€ 4,99",Netherlands,3.48,X-brewing,8%,Bock - Doppelbock,,
Raspberry B.A.,"€ 16,99",Austria,4.19,Brauhaus Bevog,15.1%,Stout - Imperial / Double,Bottle 375ml,"€ 45,31 per litre"
Caramel Fudge Stout Bourbon 2024,"€ 5,49",Netherlands,4.02,Brouwerij Kees,11.5%,Stout - Imperial / Double,330ml,"€ 16,64 per litre"
Caramel Fudge Stout Barrel Aged Het Anker,"€ 5,49",Netherlands,4.01,Brouwerij Kees,11%,Stout - Imperial / Double Pastry,330ml,"€ 16,64 per litre"
Zundert 10 Jubileum Fles,"€ 12,99",Netherlands,4.01,Trappistenbrouwerij de Kievit B.V.,10%,Belgian Quadrupel,Bottle 750ml,"€ 17,32 per litre"
Caramel Fudge Stout Appelstroop,"€ 4,89",Netherlands,3.88,Brouwerij Kees,11.5%,Stout - Imperial / Double,330ml,"€ 14,82 per litre"
Brouwerij De Bie- Winterbie,"€ 2,99",Belgium,3.34,Brouwerij De Bie,8%,Winter Warmer,330ml,"€ 9,06 per litre"
Bockbier,"€ 2,49",Netherlands,2.83,Lindeboom,6.5%,Bock - Single / Traditional,330ml,"€ 9,06 per litre"
Flint,"€ 31,55",Netherlands,4.21,Tommie Sjef,7.9%,Wild Ale - Other,Bottle 750ml,"€ 42,07 per litre"
Black IPA,"€ 4,10",Poland,3.59,Browar Stu Mostów,6.8%,IPA - Black / Cascadian Dark Ale,Bottle 500ml,"€ 8,20 per litre"
Grapefruit Sculpin,"€ 4,99",United States,3.96,Ballast Point Brewing Company,7%,IPA - Fruited,355ml,"€ 14,06 per litre"
New Zealand Hazy IPA,"€ 9,29",United States,3.93,Harland Brewing Company,6.7%,IPA - New Zealand,355ml,"€ 14,06 per litre"
Nelson! Nelson!,"€ 9,99",United States,3.92,Harland Brewing Company,7%,IPA - American,355ml,"€ 14,06 per litre"
Orderville,"€ 4,49",United States,3.92,Modern Times Beer,7.2%,IPA - New England / Hazy,Can 473ml,"€ 9,49 per litre"
Fluffy Tangerine Clouds,"€ 10,29",United States,3.89,Second Chance Beer Company,7%,IPA - New England / Hazy,Can 473ml,"€ 9,49 per litre"
Hazy IPA,"€ 8,99",United States,3.83,Harland Brewing Company,6.5%,IPA - New England / Hazy,Can 473ml,"€ 9,49 per litre"
Dungeon Map,"€ 4,49",United States,3.82,Modern Times Beer,7.2%,IPA - American,355ml,"€ 12,65 per litre"
Fruitlands,"€ 4,49",United States,3.81,Modern Times Beer,4.8%,Sour - Fruited Gose,Can 473ml,"€ 9,49 per litre"
India Pale Whale,"€ 8,99",United States,3.81,Harland Brewing Company,6.5%,IPA - American,Can 473ml,"€ 9,49 per litre"
Impact Strategy,"€ 7,99",United States,3.76,Modern Times Beer,8%,IPA - Fruited,Can 473ml,"€ 9,49 per litre"
Double IPA,"€ 9,29",United States,3.75,Harland Brewing Company,8%,IPA - Imperial / Double,,
New Day,"€ 9,29",United States,3.72,Second Chance Beer Company,6.5%,IPA - American,,
Speedboat,"€ 4,99",United States,3.68,Ballast Point Brewing Company,4.8%,Kölsch,,
Radiant Glow,"€ 4,49",United States,3.64,Modern Times Beer,4.6%,IPA - Session,,
California Kölsch,"€ 4,99",United States,3.47,Ballast Point Brewing Company,5.2%,Kölsch,,
NEIPA Mosaic El Dorado,"€ 7,30",France,3.94,Brasserie Cambier,6%,IPA - New England / Hazy,Can 440ml,"€ 16,59 per litre"
New French IPA,"€ 6,90",France,3.84,Brasserie Cambier,6.5%,IPA - New England / Hazy,Can 440ml,"€ 15,68 per litre"
Mongy Triple,"€ 11,00",France,3.60,Brasserie Cambier,8%,Belgian Tripel,Bottle 750ml,"€ 14,67 per litre"
Mongy Triple,"€ 4,50",France,3.60,Brasserie Cambier,8%,Belgian Tripel,330ml,"€ 13,64 per litre"
Mongy Blonde,"€ 4,30",France,3.47,Brasserie Cambier,6.2%,Belgian Blonde,330ml,"€ 13,03 per litre"
Mongy Blonde,"€ 11,00",France,3.47,Brasserie Cambier,6.2%,Belgian Blonde,Bottle 750ml,"€ 14,67 per litre"
Mongy Ambree,"€ 4,50",France,3.45,Brasserie Cambier,6.5%,Farmhouse Ale - Bière de Garde,330ml,"€ 13,64 per litre"
Rothaus Hefeweizen / Weizenzäpfle,"€ 2,50",Germany,3.59,Badische Staatsbrauerei Rothaus,5.4%,Wheat Beer - Hefeweizen,330ml,"€ 7,58 per litre"
Rothaus Rothaus Pils / Tannen Zäpfle,"€ 2,50",Germany,3.47,Badische Staatsbrauerei Rothaus,5.1%,Pilsner - German,330ml,"€ 7,58 per litre"
Rothaus Märzen / Eiszäpfle,"€ 2,50",Germany,3.47,Badische Staatsbrauerei Rothaus,5.6%,Märzen,330ml,"€ 7,58 per litre"
"Hefeweißbier 0,33l","€ 1,90",Germany,3.78,Bayerische Staatsbrauerei Weihenstephan,5.4%,Wheat Beer - Hefeweizen,330ml,"€ 5,76 per litre"
"Original Helles 0,33l","€ 1,90",Germany,3.61,Bayerische Staatsbrauerei Weihenstephan,5.1%,Lager - Helles,330ml,"€ 5,76 per litre"
"Pils 0,33l","€ 1,50",Germany,3.13,Holzkirchner Oberbräu,5%,Pilsner - Other,330ml,"€ 4,55 per litre"
Oude Gueuze 2017,"€ 13,99",Belgium,4.26,Brasserie Cantillon,5%,Lambic - Gueuze,Bottle 370ml,"€ 37,81 per litre"
Puhaste Waking Fantasy,"€ 4,75",Estonia,3.96,Pühaste Brewery,12%,Stout - Imperial / Double,330ml,"€ 14,39 per litre"
Walhalla Elixer,"€ 3,95",Netherlands,3.65,Walhalla Brouwerij & Proeflokaal,6%,IPA - New England / Hazy,330ml,"€ 11,97 per litre"
Witte Simmie,"€ 3,50",Netherlands,3.42,Brouwerij Frontaal,5.2%,Wheat Beer - Witbier / Blanche,330ml,"€ 10,61 per litre"
Girat,"€ 99,99",United States,4.56,Voodoo Brewing Co.,12.7%,Stout - Imperial / Double,330ml,"€ 10,61 per litre"
Frig (Laird's Apple Brandy),"€ 99,99",United States,4.47,Voodoo Brewing Co.,12.7%,Stout - Imperial / Double,330ml,"€ 10,61 per litre"
Merci 2024,"€ 39,99",United States,4.37,Side Project Brewing,6.3%,Wild Ale - American,Bottle 375ml,"€ 106,64 per litre"
Saison du Fermier from Pinot Noir Puncheons (Blend #7),"€ 44,99",United States,4.34,Side Project Brewing,7%,Farmhouse Ale - Saison,Bottle 375ml,"€ 106,64 per litre"
Angel's Share,"€ 15,99",Spain,4.27,Basqueland Brewing,12.8%,Stout - Imperial / Double,Bottle 375ml,"€ 106,64 per litre"
Blended 2023,"€ 35,99",United States,4.25,Side Project Brewing,6%,Wild Ale - American,Bottle 375ml,"€ 95,97 per litre"
Rushing Out In The Rain,"€ 22,99",Czech Republic,4.00,Métaphore,4.1%,Farmhouse Ale - Grisette,Bottle 750ml,"€ 30,65 per litre"
Fantome Double Blaireau,"€ 8,65",Belgium,3.82,Brasserie Fantôme,6.5%,Farmhouse Ale - Saison,Bottle 750ml,"€ 11,53 per litre"
La Facture d'Electricité,"€ 7,95",Belgium,3.91,Misery Beer Co.,10.5%,IPA - Quadruple,Can 440ml,"€ 18,07 per litre"
Bisutoro,"€ 7,75",Belgium,3.88,Misery Beer Co.,6.5%,Sour - Fruited,Can 440ml,"€ 17,61 per litre"
Pondichéry,"€ 7,29",Belgium,3.78,Misery Beer Co.,8.3%,IPA - New England / Hazy,Can 440ml,"€ 16,57 per litre"
Lichtenhainer,"€ 5,91",Belgium,3.77,Misery Beer Co.,4.5%,Historical Beer - Lichtenhainer,Can 440ml,"€ 13,43 per litre"
English Porter,"€ 6,61",Belgium,3.69,Misery Beer Co.,5.2%,Porter - English,Can 440ml,"€ 15,02 per litre"
Saison Noire,"€ 7,47",Belgium,3.68,Misery Beer Co.,6.2%,Farmhouse Ale - Saison,Can 440ml,"€ 16,98 per litre"
X-Brewing All The Leaves Are Brown,"€ 4,95",Netherlands,3.48,X-brewing,7.8%,Bock - Doppelbock,Can 440ml,"€ 11,25 per litre"
Salzstout Bourbon/Cognac BA (Silver Series),"€ 9,75",Estonia,4.11,Pühaste Brewery,13.5%,Stout - Imperial / Double,330ml,"€ 29,55 per litre"
Maman 2024,"€ 64,50",United States,4.46,Perennial Artisan Ales,13.1%,Stout - Imperial / Double,Bottle 750ml,"€ 86,00 per litre"
Eugene's Axe,"€ 19,95",United States,4.43,Fidens Brewing Co,8.5%,IPA - Imperial / Double New England / Hazy,473ml,"€ 42,18 per litre"
Otto,"€ 61,50",United States,4.35,Perennial Artisan Ales,13.8%,Stout - Imperial / Double Pastry,Bottle 750ml,"€ 82,00 per litre"
Saison Bernice (Farmhouse Ale Brett),"€ 27,99",United States,4.33,Sante Adairius Rustic Ales,6.5%,Farmhouse Ale - Saison,Bottle 750ml,"€ 37,32 per litre"
Ghost In The Laboratory,"€ 9,99",United States,4.31,Equilibrium Brewery,8.5%,IPA - Imperial / Double New England / Hazy,473ml,"€ 21,12 per litre"
Flash Point 2024,"€ 37,50",United States,4.21,Bottle Logic Brewing,12.5%,Barleywine - English,500ml,"€ 75,00 per litre"
Quintuple Continious Blood,"€ 13,25",Canada,4.17,Third Moon Brewing Company,13.5%,IPA - Other,473ml,"€ 28,01 per litre"
Gramophonic (Lager Pale),"€ 8,50",United States,3.91,Brick & Feather Brewery,3.8%,Lager - Pale,473ml,"€ 17,97 per litre"
Strawberry Brulee,"€ 7,50",United States,3.88,Timber Ales,6%,Stout - American,355ml,"€ 21,13 per litre"
Moon River Rock (Lager Japanise Rice),"€ 6,99",United States,3.81,Long Live Beerworks,4.5%,Lager - Japanese Rice,473ml,"€ 14,78 per litre"
Gold Tooth (Lager Leichtbier),"€ 6,75",United States,3.79,Perennial Artisan Ales,4%,Lager - Leichtbier,473ml,"€ 14,27 per litre"
Montague Gothic (Kölsch),"€ 8,50",United States,3.77,Brick & Feather Brewery,5.2%,Kölsch,473ml,"€ 17,97 per litre"
Triple Tombe,"€ 11,50",Canada,4.40,Messorem,10%,IPA - Triple,473ml,"€ 24,31 per litre"
Secousse,"€ 11,99",Canada,4.40,Brasserie du Bas-Canada,10%,IPA - Triple,473ml,"€ 25,35 per litre"
Les Angles Morts,"€ 11,50",Canada,4.35,Messorem,10%,IPA - Triple New England / Hazy,473ml,"€ 24,31 per litre"
Double Dry Hopped Tiberius,"€ 11,99",Canada,4.33,Brasserie du Bas-Canada,8.2%,IPA - Imperial / Double,473ml,"€ 25,35 per litre"
Fictive,"€ 11,99",Canada,4.31,Brasserie du Bas-Canada,8.2%,IPA - Imperial / Double,473ml,"€ 25,35 per litre"
Dock 89,"€ 11,25",Canada,4.25,Le Ketch,6.5%,IPA - New England / Hazy,473ml,"€ 23,78 per litre"
Brume Du Littoral – Aout 2024,"€ 11,50",Canada,4.22,Le Ketch,8%,IPA - Imperial / Double New England / Hazy,473ml,"€ 24,31 per litre"
Dock 88,"€ 11,25",Canada,4.21,Le Ketch,6.5%,IPA - New England / Hazy,473ml,"€ 23,78 per litre"
P.O.G,"€ 9,40",UK,4.21,Vault City,8%,Sour & Lambic,Can 440ml,"€ 21,36 per litre"
Uut Eerder Tied BA Appleton Rum VAT#78,"€ 6,99",Netherlands,3.98,Berghoeve Brouwerij,10%,Barleywine - English,330ml,"€ 21,18 per litre"
Sjokooo BA Wild Turkey Bourbon VAT#77,"€ 6,99",Netherlands,3.74,Berghoeve Brouwerij,10%,Belgian Quadrupel,330ml,"€ 21,18 per litre"
Verre Vriend,"€ 3,49",Netherlands,3.53,Berghoeve Brouwerij,8%,Belgian Tripel,330ml,"€ 10,58 per litre"
Lervig Red Pear Cider,"€ 4,60",Norway,3.07,LERVIG,4.7%,Cider - Perry / Poiré,Can 440ml,"€ 10,45 per litre"
IIPPAA,"€ 4,50",Poland,3.73,Browar PINTA,8.1%,IPA - Imperial / Double,500ml,"€ 9,00 per litre"
Modern Drinking,"€ 3,90",Poland,3.66,Browar PINTA,6.5%,IPA - American,500ml,"€ 7,80 per litre"
Dolden Bock,"€ 3,00",Germany,3.62,Riedenburger Brauhaus,7.9%,Bock - Weizendoppelbock,330ml,"€ 9,09 per litre"
Hazy Morning,"€ 3,90",Poland,3.60,Browar PINTA,4.4%,Pale Ale - New England / Hazy,500ml,"€ 7,80 per litre"
Atak Chmielu,"€ 3,90",Poland,3.55,Browar PINTA,6.1%,IPA - American,500ml,"€ 7,80 per litre"
A ja Pale Ale,"€ 3,90",Poland,3.50,Browar PINTA,5%,Pale Ale - American,500ml,"€ 7,80 per litre"
Dolden Sud IPA,"€ 2,50",Germany,3.50,Riedenburger Brauhaus,6.5%,IPA - Other,330ml,"€ 7,58 per litre"
Mini Maxi Tropicale,"€ 3,90",Poland,3.46,Browar PINTA,0.5%,Non-Alcoholic - Sour,500ml,"€ 7,80 per litre"
Dolden Dark,"€ 2,50",Germany,3.41,Riedenburger Brauhaus,6.9%,Porter - Other,330ml,"€ 7,58 per litre"
Historisches Emmer Bier naturtüb,"€ 2,20",Germany,3.27,Riedenburger Brauhaus,5.1%,Specialty Grain,500ml,"€ 4,40 per litre"
Pierwsza Pomoc,"€ 2,90",Poland,3.24,Browar PINTA,4.1%,Pilsner - Other,500ml,"€ 5,80 per litre"
Einkorn Edelbier,"€ 2,90",Germany,3.18,Riedenburger Brauhaus,5%,Specialty Grain,330ml,"€ 8,79 per litre"
Dolden Null,"€ 2,50",Germany,3.12,Riedenburger Brauhaus,0.5%,Non-Alcoholic - IPA,330ml,"€ 7,58 per litre"
Dinkel Malz,"€ 1,90",Germany,2.99,Riedenburger Brauhaus,0.5%,Malt Beer,330ml,"€ 5,76 per litre"
Alkoholfrei,"€ 1,90",Germany,2.94,Riedenburger Brauhaus,0.5%,Non-Alcoholic - Lager,330ml,"€ 5,76 per litre"
Hirsebier glutenfrei,"€ 2,50",Germany,2.39,Riedenburger Brauhaus,4.5%,Sorghum / Millet Beer,330ml,"€ 7,58 per litre"
Winter,"€ 1,50",Germany,3.10,Warsteiner,5.6%,Lager - Winter,330ml,"€ 4,55 per litre"
Pils,"€ 0,90",Germany,3.10,Herforder Brauerei,4.8%,Pilsner - German,330ml,"€ 2,73 per litre"
Lervig Supersonic,"€ 6,97",Norway,4.05,LERVIG,8.5%,IPA - Imperial / Double,500ml,"€ 13,94 per litre"
Lervig No Worries Pineapple,"€ 2,17",Norway,3.12,LERVIG,0.5%,Non-Alcoholic - IPA,330ml,"€ 6,58 per litre"
Lervig Pillow Talk,"€ 5,21",Norway,3.84,LERVIG,6.6%,IPA - New England / Hazy,330ml,"€ 15,79 per litre"
Lervig Apple Cider LITE,"€ 3,59",Norway,3.19,LERVIG,4.7%,Cider - Traditional / Apfelwein,500ml,"€ 7,18 per litre"
Koyt,"€ 3,15",Netherlands,3.43,Jopen,8.5%,Historical Beer - Gruit / Ancient Herbed Ale,330ml,"€ 9,55 per litre"
Skull Smasher / Seven Island,"€ 8,29",Greece,3.97,Seven Island Brewery,8%,IPA - Imperial / Double New England / Hazy,Can 440ml,"€ 18,84 per litre"
Siren / Seven Island,"€ 8,29",United States,3.96,Beer Zombies Brewing Co./ Mason Ale Works,8%,IPA - Imperial / Double New England / Hazy,Can 470ml,"€ 17,64 per litre"
Ricochet,"€ 7,99",United States,3.93,Mason Ale Works,8.2%,IPA - Imperial / Double New England / Hazy,Can 470ml,"€ 17,64 per litre"
Can't Resist the Oats Double IPA,"€ 8,29",United States,3.88,Mason Ale Works,9.5%,IPA - Imperial / Double New England / Hazy,Can 470ml,"€ 17,64 per litre"
Crimson Bouquet,"€ 9,69",United States,3.82,Mason Ale Works,8.1%,Sour - Smoothie / Pastry,Can 470ml,"€ 17,64 per litre"
Comfy Chair,"€ 6,69",United States,3.81,Eppig Brewing,5%,Stout - Oatmeal,Can 470ml,"€ 17,64 per litre"
10:45 to Denver,"€ 6,99",United States,3.81,Eppig Brewing,7%,IPA - American,Can 470ml,"€ 17,64 per litre"
West Coast IPA,"€ 6,99",United States,3.78,Mason Ale Works,7.2%,IPA - American,Can 470ml,"€ 17,64 per litre"
Glitz And Glam,"€ 6,99",United States,3.77,Eppig Brewing,4.1%,Sour - Fruited Berliner Weisse,Can 470ml,"€ 17,64 per litre"
Natural Bridge: Festbier,"€ 6,49",United States,3.75,Eppig Brewing,6%,Festbier,Can 470ml,"€ 17,64 per litre"
Natural Bridge: Special Lager,"€ 6,49",United States,3.73,Eppig Brewing,5.8%,Pilsner - Other,Can 470ml,"€ 17,64 per litre"
iPOP! Tropical / Seek Beer,"€ 6,99",United States,3.73,Mason Ale Works,5%,Fruit Beer,Can 470ml,"€ 17,64 per litre"
Respeto,"€ 5,99",United States,3.50,Mason Ale Works,4.5%,Lager - Mexican,Can 470ml,"€ 17,64 per litre"
WILL IT FLOAT #9,"€ 8,25",Netherlands,4.18,White Dog Brewery,6%,Sour - Smoothie / Pastry,Can 440ml,"€ 18,75 per litre"
Cryo Overture,"€ 7,50",Netherlands,4.09,Folkingebrew,10%,IPA - Triple New England / Hazy,Can 440ml,"€ 17,05 per litre"
Amber Sandstorm,"€ 6,50",Croatia,3.92,Pulfer Brewery,6.2%,IPA - New England / Hazy,500ml,"€ 13,00 per litre"
Djinn Sultan,"€ 7,00",Croatia,3.89,Pulfer Brewery,8%,IPA - Imperial / Double New England / Hazy,500ml,"€ 14,00 per litre"
Juicebox,"€ 7,25",Netherlands,3.88,White Dog Brewery,5.4%,IPA - New England / Hazy,Can 440ml,"€ 16,48 per litre"
STINKY,"€ 5,95",Romania,3.67,Clandestin Beer,5.6%,IPA - American,500ml,"€ 11,90 per litre"
Juicebag,"€ 3,50",Romania,3.82,Bereta Brewing Co.,6%,IPA - New England / Hazy,Can 440ml,"€ 7,95 per litre"
This murder takes two,"€ 5,49",Bulgaria,3.92,Metalhead,11%,Stout - Imperial / Double,Can 440ml,"€ 7,95 per litre"
Coco Chango,"€ 6,99",Spain,3.89,Basqueland Brewing,11%,Stout - Other,Can 440ml,"€ 7,95 per litre"
Earthquake,"€ 6,79",Spain,3.87,Menno Olivier Brewing,9.8%,Stout - Imperial / Double,330ml,"€ 20,58 per litre"
BLACK LAB – PEATY PORTER,"€ 3,69",Netherlands,3.64,JELSTER,7.5%,Porter - Smoked,330ml,"€ 11,18 per litre"
Brune / Bruin,"€ 1,79",Belgium,3.54,Abbaye de Leffe,6.5%,Brown Ale - Belgian,330ml,"€ 11,18 per litre"
Knot,"€ 4,10",Romania,3.96,Bereta Brewing Co.,8%,IPA - Imperial / Double New England / Hazy,Can 440ml,"€ 9,32 per litre"
Iron Sky,"€ 9,49",Scotland,3.99,Overtone Brewing Co,10%,IPA - Triple New England / Hazy,Can 440ml,"€ 21,57 per litre"
Midnight Walker,"€ 9,99",Scotland,3.94,Overtone Brewing Co,11%,Stout - Imperial / Double Pastry,Can 440ml,"€ 22,70 per litre"
Fresh Pulp,"€ 6,29",England,3.83,Buxton Brewery,6%,IPA - New England / Hazy,Can 440ml,"€ 14,30 per litre"
Nuts And Crosses,"€ 5,99",England,3.59,Buxton Brewery,4.5%,Stout - Milk / Sweet,Can 440ml,"€ 13,61 per litre"
Banana Foster Buttermilk Pancake Stack,"€ 7,99",England,3.58,Buxton Brewery,9.7%,Stout - Imperial / Double Pastry,Can 440ml,"€ 18,16 per litre"
Tor of Duty,"€ 5,49",England,3.55,Buxton Brewery,5.7%,IPA - Red,Can 440ml,"€ 12,48 per litre"
Non-Alcoholic IPA,"€ 3,69",United States,3.30,AleSmith Brewing Company,0.4%,Non-Alcoholic - IPA,355ml,"€ 10,39 per litre"
Non-Alcoholic IPA,"€ 13,69",United States,3.30,AleSmith Brewing Company,0.4%,Non-Alcoholic - IPA,355ml,"€ 38,56 per litre"
Non-Alcoholic IPA,"€ 26,69",United States,3.30,AleSmith Brewing Company,0.4%,Non-Alcoholic - IPA,355ml,"€ 75,18 per litre"
Non-Alcoholic IPA,"€ 39,69",United States,3.30,AleSmith Brewing Company,0.4%,Non-Alcoholic - IPA,355ml,"€ 111,80 per litre"
Rood Premiere Dubbel,"€ 6,15",Belgium,3.72,Bières de Chimay,7%,Belgian Dubbel,Bottle 750ml,"€ 8,20 per litre"
Tynt Meadow Blond Ale,"€ 4,25",England,3.64,Mount Saint Bernard Abbey,7.4%,Strong Ale - English,330ml,"€ 12,88 per litre"
Skuumkoppe Dunkelweizen 0.0 Alcoholvrij,"€ 2,15",Netherlands,3.62,Texelse Bierbrouwerij,6%,Wheat Beer - Dunkelweizen,300ml,"€ 7,17 per litre"
Teddy Cool 5 granen Tripel,"€ 4,25",Netherlands,3.61,Oersoep,8.5%,Belgian Tripel,Can 330ml,"€ 12,88 per litre"
Pauwel Kwak Blond,"€ 2,75",Belgium,3.55,Brouwerij Bosteels,7.4%,Blonde / Golden Ale - Other,330ml,"€ 8,33 per litre"
Heel Holland Bockt,"€ 3,95",Netherlands,3.52,Brouwerij Frontaal,8.5%,Bock - Doppelbock,Can 330ml,"€ 11,97 per litre"
Gentse Strop Belgian Blonde,"€ 2,85",Belgium,3.46,Brouwerij Roman,6.9%,Belgian Blonde,330ml,"€ 8,64 per litre"
Oude Gueuze 2021/2022,"€ 12,50",Belgium,4.08,Gueuzerie Tilquin,7%,Lambic - Gueuze,Bottle 750ml,"€ 16,67 per litre"
Fou Foune 2024,"€ 32,99",Belgium,4.34,Brasserie Cantillon,6%,Lambic - Fruit,Bottle 750ml,"€ 43,99 per litre"
Speedway Stout,"€ 7,29",United States,4.17,AleSmith Brewing Company,12%,Stout - Imperial / Double Coffee,Can 473ml,"€ 15,41 per litre"
Speedway Stout: Affogato Edition,"€ 8,29",United States,4.08,AleSmith Brewing Company,12%,Stout - Imperial / Double Coffee,473ml,"€ 17,53 per litre"
Hopnip / Almanac,"€ 11,29",United States,4.00,Abnormal Beer Co.,6.7%,IPA - Cold,473ml,"€ 17,53 per litre"
Brave the Haze,"€ 9,29",United States,3.93,Embolden Beer Company,8%,IPA - Imperial / Double New England / Hazy,473ml,"€ 17,53 per litre"
Boss Pour,"€ 7,29",United States,3.92,Abnormal Beer Co.,7%,IPA - American,473ml,"€ 15,41 per litre"
IPA,"€ 6,29",United States,3.89,AleSmith Brewing Company,7.3%,IPA - American,473ml,"€ 13,30 per litre"
Speedway Stout: Horchata Edition,"€ 8,29",United States,3.85,AleSmith Brewing Company,12%,Stout - Imperial / Double Coffee,473ml,"€ 13,30 per litre"
Goo Goo Muck,"€ 8,99",United States,3.83,Fall Brewing Company,6.4%,IPA - New England / Hazy,473ml,"€ 13,30 per litre"
Mocha Stout,"€ 6,49",United States,3.79,Abnormal Beer Co.,5.1%,Stout - Coffee,355ml,"€ 18,28 per litre"
Party Tricks,"€ 5,49",United States,3.76,AleSmith Brewing Company,6.8%,IPA - American,473ml,"€ 11,61 per litre"
Let's Go,"€ 5,99",United States,3.76,Fall Brewing Company,7%,IPA - American,473ml,"€ 11,61 per litre"
Adventure Seeker,"€ 9,29",United States,3.74,Embolden Beer Company,8%,IPA - Imperial / Double,473ml,"€ 11,61 per litre"
Broken Record,"€ 8,99",United States,3.72,Embolden Beer Company,6.8%,IPA - American,473ml,"€ 11,61 per litre"
Secret Safari,"€ 4,49",United States,3.71,Abnormal Beer Co.,5%,Pale Ale - American,473ml,"€ 11,61 per litre"
Abnormalweiss,"€ 4,29",United States,3.61,Abnormal Beer Co.,5.3%,Wheat Beer - Hefeweizen,355ml,"€ 12,08 per litre"
HBH Woesten - Tomatin Whisky BA,"€ 12,50",Belgium,4.15,Deca Brouwerij,10.5%,Winter Warmer,355ml,"€ 12,08 per litre"
HBH Woesten - Cognac BA (2024),"€ 12,50",Belgium,?,Deca Brouwerij,13.7%,Winter Warmer,500ml,"€ 25,00 per litre"
HBH Woesten - Jenever BA (2024),"€ 12,50",Belgium,?,Deca Brouwerij,13.7%,Winter Warmer,500ml,"€ 25,00 per litre"
HBH Woesten - Linkwood Whisky BA,"€ 12,50",Belgium,?,Deca Brouwerij,13.7%,Winter Warmer,500ml,"€ 25,00 per litre"
HBH Woesten - Mannochmore Whisky BA,"€ 12,50",Belgium,?,Deca Brouwerij,13.7%,Winter Warmer,500ml,"€ 25,00 per litre"
HBH Woesten - Rum BA (2024),"€ 12,50",Belgium,?,Deca Brouwerij,13.7%,Winter Warmer,500ml,"€ 25,00 per litre"
HBH Woesten - Wild Turkey BA,"€ 12,50",Belgium,?,Deca Brouwerij,13.7%,Winter Warmer,500ml,"€ 25,00 per litre"
Oude Gueuze 2021/2022,"€ 6,50",Belgium,4.08,Gueuzerie Tilquin,7%,Lambic - Gueuze,Bottle 375ml,"€ 17,33 per litre"
Saison,"€ 4,00",Belgium,3.35,Brouwerij Hof ten Dormaal,5.8%,Farmhouse Ale - Saison,330ml,"€ 12,12 per litre"
6th Anniversary,"€ 16,99",Poland,4.45,Funky Fluid,16%,Strong Ale - Other,330ml,"€ 51,48 per litre"
Normal Things,"€ 9,99",Poland,4.24,Funky Fluid,12%,Stout - Imperial / Double Pastry,500ml,"€ 19,98 per litre"
Bianca 3 Scoops Strawberry Passion Fruit Mango Lassi Gose,"€ 16,50",Sweden,4.21,Omnipollo,6%,Sour - Fruited Gose,Can 440ml,"€ 37,50 per litre"
Pure Magic 2024 (canned: 11-09-24),"€ 9,25",Scotland,4.09,Overtone Brewing Co,8.4%,IPA - Imperial / Double New England / Hazy,Can 440ml,"€ 21,02 per litre"
Gelato Xtreme: Jungle Juice Slushy XXL,"€ 8,99",Poland,4.03,Funky Fluid,8%,Sour - Smoothie / Pastry,500ml,"€ 17,98 per litre"
Iron Sky (canned: 30-08-24),"€ 9,60",Scotland,3.99,Overtone Brewing Co,10%,IPA - Triple New England / Hazy,Can 440ml,"€ 21,82 per litre"
Fatamorgana X (canned: 27-08-24),"€ 9,99",Sweden,3.98,Omnipollo,8%,IPA - Imperial / Double New England / Hazy,Can 440ml,"€ 22,70 per litre"
Midnight Walker,"€ 9,99",Scotland,3.94,Overtone Brewing Co,11%,Stout - Imperial / Double Pastry,Can 440ml,"€ 22,70 per litre"
Breaking Good (bbf: 06-09-25),"€ 6,40",Poland,3.73,Funky Fluid,6.3%,IPA - American,500ml,"€ 12,80 per litre"
Pulse,"€ 5,70",England,3.78,Drop Project,4.6%,Pale Ale - American,Can 440ml,"€ 12,95 per litre"
Semi-Sweet Cider,"€ 2,91",Hungary,3.37,Magyar Czider Kft.,7%,Cider - Sweet,330ml,"€ 8,82 per litre"
Száraz Cider,"€ 2,91",Hungary,3.38,Magyar Czider Kft.,7%,Cider - Dry,330ml,"€ 8,82 per litre"
Unfiltered Dry Cider,"€ 2,91",Hungary,3.38,Magyar Czider Kft.,7%,Cider - Dry,330ml,"€ 8,82 per litre"
Willem van Oranje,"€ 3,49",Netherlands,3.65,Brouwerij Vogelvrij,9%,Belgian Tripel,330ml,"€ 8,82 per litre"
Zoetsappig (2025),"€ 3,99",Netherlands,3.30,Brouwerij Vogelvrij,6.7%,Honey Beer,330ml,"€ 8,82 per litre"
Great Escape IPA,"€ 4,29",Germany,3.65,Buddelship Brauerei,6.5%,IPA - American,330ml,"€ 13,00 per litre"
IPA,"€ 2,89",Germany,3.56,BRLO,6%,IPA - American,330ml,"€ 8,76 per litre"
The Redemption of Vanity Peanut Butter Brownie Imperial Pastry Stout,"€ 10,10",England,4.25,Azvex Brewing Company,13%,Stout - Imperial / Double Pastry,Can 440ml,"€ 22,95 per litre"
"Gelato Ice Cream Sour Passion fruit, Mango & Peach","€ 5,75",Poland,4.11,Funky Fluid,5.8%,Sour - Smoothie / Pastry,Can 500ml,"€ 11,50 per litre"
DDH Melcher Street,"€ 16,00",United States,4.40,Trillium Brewing Company,7.2%,IPA - New England / Hazy,Can 500ml,"€ 11,50 per litre"
Double Pumpkin Forbidden,"€ 9,00",United States,4.18,Abomination Brewing Company,9.3%,IPA - Imperial / Double Milkshake,Can 500ml,"€ 11,50 per litre"
Export India Porter,"€ 3,80",England,3.83,The Kernel Brewery,5.2%,Porter - Other,Bottle 330ml,"€ 11,52 per litre"
London Brick Red Rye Ale,"€ 4,20",England,3.79,The Kernel Brewery,6.6%,Rye Beer,330ml,"€ 12,73 per litre"
Small Pale Ale Centennial Columbus Chinook,"€ 4,50",England,3.75,The Kernel Brewery,4.2%,Pale Ale - American,Can 500ml,"€ 9,00 per litre"
Brown Ale,"€ 3,60",England,3.71,The Kernel Brewery,5.6%,Brown Ale - English,Bottle 330ml,"€ 10,91 per litre"
Hefe-Weizen Mini Keg,"€ 38,50",Germany,3.67,Paulaner Brauerei,5.5%,Wheat Beer - Hefeweizen,5000ml,"€ 7,70 per litre"
Lervig No Worries Grapefruit Edition,"€ 2,60",Norway,3.25,LERVIG,0.5%,Non-Alcoholic - IPA,330ml,"€ 7,88 per litre"
Belgisch Blond,"€ 3,20",Netherlands,3.50,Brouwerij Artemis,6.2%,Belgian Blonde,330ml,"€ 9,70 per litre"
Shake S'more,"€ 8,40",Scotland,4.04,Vault City Brewing,6.2%,Sour - Smoothie / Pastry,Can 440ml,"€ 19,09 per litre"
Blood & Ink,"€ 5,70",Scotland,3.85,Vault City Brewing,4.9%,Sour - Fruited Gose,Can 440ml,"€ 12,95 per litre"
Double Svart,"€ 4,25",Hungary,3.90,Mead Scientist,8%,Mead - Melomel,330ml,"€ 12,88 per litre"
Noble Nordic,"€ 2,80",Denmark,3.40,Copenhagen Commons,4.5%,Pale Ale - Other,330ml,"€ 8,48 per litre"
Wild Zealand,"€ 2,99",Denmark,3.39,Copenhagen Commons,6%,Pale Ale - Other,330ml,"€ 9,06 per litre"
It's Been A Looong Time,"€ 2,99",Sweden,3.78,Chad Beer,8%,IPA - Imperial / Double New England / Hazy,330ml,"€ 9,06 per litre"
Herr Kolonel,"€ 4,50",Romania,3.42,Clandestin Beer,5%,Lager - Pale,500ml,"€ 9,00 per litre"
Imparable,"€ 3,50",Spain,3.75,Basqueland Brewing,6.8%,IPA - American,330ml,"€ 10,61 per litre"
Het Bieratelier No Bock No Glory,"€ 8,95",Netherlands,3.46,Www.het-bieratelier.nl,7.5%,Bock - Single / Traditional,Bottle 750ml,"€ 11,93 per litre"
Gevat 04 Barleywine Irish Whisky BA,"€ 6,95",Netherlands,4.00,Wentersch,10%,Barleywine - Other,330ml,"€ 21,06 per litre"
Imperial Stout,"€ 3,80",Netherlands,3.87,Wentersch,10%,Stout - Imperial / Double,330ml,"€ 11,52 per litre"
Funky Fluid / WeldWerks Normal Things,"€ 9,95",Poland,4.24,Funky Fluid,12%,Stout - Imperial / Double Pastry,500ml,"€ 19,90 per litre"
Caramel Fudge Stout BA Bourbon,"€ 5,75",Netherlands,4.21,Brouwerij Kees,11.5%,Stout - Imperial / Double,330ml,"€ 17,42 per litre"
Caramel Fudge Stout BA Het Anker,"€ 5,75",Netherlands,4.21,Brouwerij Kees,11.5%,Stout - Imperial / Double,330ml,"€ 17,42 per litre"
Funky Fluid / Imprint Gelato XTREME: Blueberry Raspberry Banana S'mores Milkshake Schmoojee,"€ 9,75",Poland,4.12,Funky Fluid,8%,Sour - Smoothie / Pastry,500ml,"€ 19,50 per litre"
Funky Fluid / Hidden Springs Twin Chicks,"€ 9,95",Poland,4.09,Funky Fluid,12%,Stout - Imperial / Double Pastry,500ml,"€ 19,90 per litre"
Caramel Fudge Stout Appelstroop,"€ 4,80",Netherlands,3.88,Brouwerij Kees,11.5%,Stout - Imperial / Double,330ml,"€ 14,55 per litre"
Light Sour Delicious,"€ 3,10",Poland,3.81,Moczybroda,3.5%,Sour - Fruited,Bottle 500ml,"€ 6,20 per litre"
Nektar Bogów,"€ 3,10",Poland,3.72,Moczybroda,3.5%,Sour - Fruited,Bottle 500ml,"€ 6,20 per litre"
Hazy APA,"€ 2,80",Poland,3.71,ReCraft,4.2%,Pale Ale - New England / Hazy,Bottle 500ml,"€ 5,60 per litre"
Poco Loco,"€ 3,00",Poland,3.57,Moczybroda,3.5%,Sour - Fruited,Bottle 500ml,"€ 6,00 per litre"
Rastafarianin,"€ 3,10",Poland,3.55,Moczybroda,5.5%,IPA - New England / Hazy,Bottle 500ml,"€ 6,20 per litre"
Vermont IPA,"€ 3,40",Poland,3.51,ReCraft,5.9%,IPA - New England / Hazy,Bottle 500ml,"€ 6,80 per litre"
Diabelska Pszenica,"€ 2,60",Poland,3.50,ReCraft,5.1%,Wheat Beer - Other,Can 500ml,"€ 5,20 per litre"
Trzeźwy Markiz,"€ 2,90",Poland,3.26,Browar Jedlinka,0.5%,Non-Alcoholic - IPA,Bottle 500ml,"€ 5,80 per litre"
Piranha Tripel,"€ 2,59",Netherlands,3.53,Stadshaven Brouwerij,8.5%,Belgian Tripel,330ml,"€ 7,85 per litre"
Ice Breaker,"€ 2,99",Netherlands,3.47,Stadshaven Brouwerij,8.5%,Winter Ale,330ml,"€ 9,06 per litre"
Bock Rammer,"€ 2,69",Netherlands,3.42,Stadshaven Brouwerij,53%,Wheat Beer - Hefeweizen,330ml,"€ 9,06 per litre"
Fatamorgana X,"€ 9,95",Sweden,4.17,Omnipollo,8%,IPA - Imperial / Double,Can 440ml,"€ 22,61 per litre"
Barricade,"€ 9,25",Scotland,4.09,Overtone Brewing Co,8%,IPA - Imperial / Double New England / Hazy,Can 440ml,"€ 21,02 per litre"
Iron Sky,"€ 9,50",Scotland,3.99,Overtone Brewing Co,10%,IPA - Triple New England / Hazy,Can 440ml,"€ 21,59 per litre"
Pink Mirror,"€ 6,95",Poland,3.93,Funky Fluid,8%,IPA - Imperial / Double New England / Hazy,500ml,"€ 13,90 per litre"
Slice of Life,"€ 6,50",Poland,3.86,Funky Fluid,6.3%,IPA - New England / Hazy,500ml,"€ 13,00 per litre"
Driving South,"€ 7,95",Scotland,3.85,Overtone Brewing Co,6%,IPA - New Zealand,Can 440ml,"€ 18,07 per litre"
Breaking Good,"€ 5,95",Poland,3.73,Funky Fluid,6.3%,IPA - American,500ml,"€ 11,90 per litre"
St. Feuillien Quadrupel,"€ 2,20",Belgium,3.75,Brasserie St-Feuillien,11%,Belgian Quadrupel,330ml,"€ 6,67 per litre"
Cuvée Clarisse Omerta Rum Liquor Infused,"€ 3,20",Belgium,3.66,Brouwerij Wilderen,11.2%,Belgian Strong Dark Ale,330ml,"€ 9,70 per litre"
Oude Kriek,"€ 5,60",Belgium,3.65,Brouwerij Boon,25%,Lambic - Kriek,Bottle 375ml,"€ 14,93 per litre"
Tripel,"€ 2,85",Belgium,3.55,Brouwerij Slaapmutske,8.1%,Belgian Tripel,330ml,"€ 8,64 per litre"
Goliath Triple,"€ 2,80",Belgium,3.52,Brasserie des Légendes,9%,Belgian Tripel,330ml,"€ 8,48 per litre"
Triporteur from Hell,"€ 2,45",Belgium,3.41,BOMBrewery,6.6%,Brown Ale - Belgian,330ml,"€ 7,42 per litre"
Satan Black,"€ 2,75",Belgium,3.40,Brouwerij De Block,8%,Belgian Strong Dark Ale,330ml,"€ 8,33 per litre"
Wipers Times Dubbel,"€ 2,10",Belgium,3.34,Brouwerij Kazematten,5%,Belgian Dubbel,330ml,"€ 6,36 per litre"
Dubbel Glutenvrij,"€ 2,90",Belgium,3.34,Brouwerij Slaapmutske,7.4%,Gluten-Free,330ml,"€ 8,79 per litre"
Dansende Katten,"€ 2,70",Netherlands,3.28,Grensgeval,9%,Belgian Strong Dark Ale,330ml,"€ 8,18 per litre"
Fou Foune 2020,"€ 43,99",Belgium,4.47,Brasserie Cantillon,6%,Lambic - Fruit,Bottle 750ml,"€ 58,65 per litre"
Fou Foune 2022,"€ 36,99",Belgium,4.39,Brasserie Cantillon,6%,Lambic - Fruit,Bottle 750ml,"€ 58,65 per litre"
Baby Jesus BA Cognac,"€ 6,03",Belgium,3.95,Brouwerij 't Verzet,10%,Porter - Imperial / Double Coffee,330ml,"€ 18,27 per litre"
Vigneronne (2019),"€ 39,99",Belgium,4.31,Brasserie Cantillon,7%,Lambic - Fruit,Bottle 750ml,"€ 53,32 per litre"
Arpus TDH Vista x McKenzie Session IPA,"€ 5,15",Latvia,3.85,Ārpus Brewing Co.,5%,IPA - Session,Can 440ml,"€ 11,70 per litre"
Pure Magic 2024,"€ 9,29",Scotland,4.09,Overtone Brewing Co,8.4%,IPA - Imperial / Double New England / Hazy,Can 440ml,"€ 21,11 per litre"
Barricade,"€ 9,29",Scotland,4.09,Overtone Brewing Co,8%,IPA - Imperial / Double New England / Hazy,Can 440ml,"€ 21,11 per litre"
Bears And White Dogs,"€ 7,49",England,4.02,Pomona Island Brew Co.,6.5%,IPA - New England / Hazy,Can 440ml,"€ 17,02 per litre"
Iron Sky,"€ 9,79",Scotland,3.99,Overtone Brewing Co,10%,IPA - Triple New England / Hazy,Can 440ml,"€ 22,25 per litre"
Midnight Walker,"€ 9,99",Scotland,3.94,Overtone Brewing Co,11%,Stout - Imperial / Double Pastry,Can 440ml,"€ 22,70 per litre"
Pie For Maureen Round Her Shed,"€ 7,49",England,3.92,Pomona Island Brew Co.,6.5%,IPA - Sour,Can 440ml,"€ 17,02 per litre"
Slice of Life,"€ 6,79",Poland,3.86,Funky Fluid,6.5%,IPA - New England / Hazy,500ml,"€ 13,58 per litre"
Driving South,"€ 7,99",Scotland,3.85,Overtone Brewing Co,6%,IPA - New Zealand,Can 440ml,"€ 18,16 per litre"
Breaking Good,"€ 6,29",Poland,3.73,Funky Fluid,6.3%,IPA - American,500ml,"€ 12,58 per litre"
Soup IPA,"€ 3,00",Spain,3.94,Garage Beer Co.,6%,IPA - New England / Hazy,Can 440ml,"€ 6,82 per litre"
Tracksuit,"€ 4,99",Bulgaria,3.79,Sofia Electric Brewing,8%,Sour - Smoothie / Pastry,500ml,"€ 9,98 per litre"
KEES Caramel Fudge Appelstroop,"€ 4,95",Netherlands,3.64,Brouwerij Kees,11.5%,Stout - Imperial / Double Pastry,330ml,"€ 15,00 per litre"
Mahr's Brau U Ungespundet Naturtrüb,"€ 3,50",Germany,3.58,Mahr's Bräu,5.2%,Kellerbier / Zwickelbier,500ml,"€ 7,00 per litre"
Mahr's Brau Helles,"€ 3,50",Germany,3.52,Mahr's Bräu,5%,Lager - Helles,500ml,"€ 7,00 per litre"
Mahr's Brau E.T.A. Hoffmann,"€ 3,50",Germany,3.51,Mahr's Bräu,5%,Lager - Munich Dunkel,500ml,"€ 7,00 per litre"
Mahr's Brau Pils,"€ 3,50",Germany,3.48,Mahr's Bräu,4.9%,Pilsner - German,500ml,"€ 7,00 per litre"
Bådvar,"€ 3,50",Norway,3.48,Bådin,5.1%,Lager - Světlé (Czech Pale),330ml,"€ 10,61 per litre"
The Tearing Of Souls,"€ 7,00",Germany,4.16,Sudden Death Brewing Co.,8.5%,IPA - Imperial / Double,Can 440ml,"€ 15,91 per litre"
La Isla Bonita,"€ 7,99",Spain,4.08,Basqueland Brewing,10%,IPA - New England / Hazy,Can 440ml,"€ 18,16 per litre"
Carpe Noctem 2024,"€ 6,95",Germany,4.03,Sudden Death Brewing Co.,7.9%,IPA - Imperial / Double,Can 440ml,"€ 15,80 per litre"
Cocina Vasca,"€ 6,99",Spain,4.02,Basqueland Brewing,8%,IPA - Imperial / Double New England / Hazy,Can 440ml,"€ 15,89 per litre"
Tynt Meadow Blond,"€ 3,65",England,3.55,Mount Saint Bernard Abbey,5%,Blonde / Golden Ale - English,330ml,"€ 11,06 per litre"
Riwaka,"€ 5,80",Netherlands,3.91,Brouwerij LOST,6.8%,IPA - New England / Hazy,500ml,"€ 11,60 per litre"
Hapax Cerise,"€ 17,50",France,4.22,Brasserie Septante-Deux,6%,Lambic - Kriek,Bottle 750ml,"€ 23,33 per litre"
Hapax MT3,"€ 15,50",France,3.97,Brasserie Septante-Deux,6%,Lambic - Traditional,Bottle 750ml,"€ 20,67 per litre"
Hapax Aunis,"€ 17,50",France,3.96,Brasserie Septante-Deux,5.9%,Lambic - Other,Bottle 750ml,"€ 23,33 per litre"
Hohenthanner Hefe-Weißbier Hell,"€ 2,19",Germany,3.60,Hohenthanner Schlossbrauerei,5.6%,Wheat Beer - Hefeweizen,500ml,"€ 4,38 per litre"
Huyghe Delirium Christmas,"€ 3,99",Belgium,3.76,Delirium - Huyghe Brewery,10%,Winter Ale,330ml,"€ 12,09 per litre"
Abstraction DDH Pale Ale,"€ 3,99",Estonia,3.64,Tanker Brewery,5.5%,Pale Ale - American,Can 440ml,"€ 9,07 per litre"
Dehydration Yuzu & Lemon Gose,"€ 3,99",Estonia,3.54,Tanker Brewery,5.5%,Sour - Fruited Gose,Can 440ml,"€ 9,07 per litre"
Christmas Ale,"€ 4,69",England,3.34,Shepherd Neame,7%,Winter Ale,500ml,"€ 9,38 per litre"
Retro Gamer Cherry Berliner Weisse,"€ 3,99",Estonia,3.32,Tanker Brewery,4%,Sour - Fruited Berliner Weisse,Can 440ml,"€ 9,07 per litre"
Sauna Session ZERO Birch Ale,"€ 2,99",Estonia,2.84,Tanker Brewery,0.4%,Non-Alcoholic - Other,Can 440ml,"€ 6,80 per litre"
Mangolicious IPA,"€ 3,99",Estonia,3.45,Tanker Brewery,4.7%,IPA - Fruited,Can 440ml,"€ 9,07 per litre"
Brew Me A River Wheat Beer,"€ 3,49",Estonia,3.25,Tanker Brewery,4.7%,Wheat Beer - Witbier / Blanche,Can 440ml,"€ 7,93 per litre"
Blending Dreams Raspberry Lime,"€ 14,00",United States,4.27,Fidens Brewing Co,5%,Sour - Fruited Berliner Weisse,Can 440ml,"€ 7,93 per litre"
Structure TIPA,"€ 14,70",Canada,4.34,Brasserie du Bas-Canada,10%,IPA - Triple,473ml,"€ 31,08 per litre"
Mirage DIPA,"€ 13,30",Canada,4.32,Brasserie du Bas-Canada,8%,IPA - Imperial / Double,473ml,"€ 28,12 per litre"
Double Alien Church DIPA,"€ 13,20",United States,4.32,Tired Hands Brewing Company,9%,IPA - Imperial / Double,473ml,"€ 27,91 per litre"
All That I Have Learned (Ghost 1587) Imperial Stout,"€ 15,90",United States,4.29,Adroit Theory,16.66%,Stout - Russian Imperial,473ml,"€ 33,62 per litre"
L'Arrosoir DIPA,"€ 13,30",Canada,4.29,Brasserie du Bas-Canada,8%,IPA - Imperial / Double,473ml,"€ 28,12 per litre"
Eviscerted Pathway Of Beauty DIPA,"€ 12,90",United States,4.28,Tired Hands Brewing Company,8.6%,IPA - Imperial / Double,473ml,"€ 27,27 per litre"
Double 755 DIPA,"€ 12,00",United States,4.25,BlackStack Brewing,8.8%,IPA - Imperial / Double New England / Hazy,473ml,"€ 25,37 per litre"
TDH Punge DIPA,"€ 14,50",United States,4.25,Tired Hands Brewing Company,8.3%,IPA - Imperial / Double,473ml,"€ 30,66 per litre"
Bloodless VII Quad IPA x Root + Branch,"€ 14,30",United States,4.23,The Veil Brewing Co.,12.5%,IPA - Quadruple,473ml,"€ 30,23 per litre"
I Can't Afford To Be Here DIPA,"€ 13,20",Canada,4.23,Wood Brothers Brewing Co.,6.2%,IPA - New England / Hazy,473ml,"€ 27,91 per litre"
Ghost In The Machine DIPA,"€ 12,00",United States,4.22,Parish Brewing Co.,8.5%,IPA - Imperial / Double New England / Hazy,473ml,"€ 25,37 per litre"
Solvem Probler DIPA,"€ 13,20",Canada,4.20,Wood Brothers Brewing Co.,8%,IPA - Imperial / Double New England / Hazy,473ml,"€ 27,91 per litre"
Spelling Expirt DIPA,"€ 13,20",Canada,4.14,Wood Brothers Brewing Co.,8%,IPA - Imperial / Double New England / Hazy,473ml,"€ 27,91 per litre"
Infinite Mass DIPA,"€ 11,30",United States,4.12,Equilibrium Brewery,8%,IPA - Imperial / Double,473ml,"€ 23,89 per litre"
Savignon Sipper DIPA,"€ 13,20",Canada,4.11,Wood Brothers Brewing Co.,8.4%,IPA - Imperial / Double New England / Hazy,473ml,"€ 27,91 per litre"
Baby Ghost IPA,"€ 11,30",United States,4.10,Parish Brewing Co.,5.5%,IPA - New England / Hazy,473ml,"€ 23,89 per litre"
Hop Cream (Blueberry) DIPA,"€ 14,50",United States,4.10,Tired Hands Brewing Company,8.8%,IPA - Imperial / Double,473ml,"€ 30,66 per litre"
DJINN (Ghost DJINN) Imperial Stout,"€ 13,70",United States,4.08,Adroit Theory,12%,Stout - Russian Imperial,473ml,"€ 28,96 per litre"
Galactic Gusher DIPA x Counterpart Brewing,"€ 13,20",Canada,4.07,Wood Brothers Brewing Co.,8%,IPA - Imperial / Double New England / Hazy,473ml,"€ 27,91 per litre"
Barn Science DIPA x Tin Barn Brewing,"€ 11,80",United States,4.04,Equilibrium Brewery,8.5%,IPA - Imperial / Double,473ml,"€ 24,95 per litre"
HopHands Pale Ale,"€ 10,20",United States,4.00,Tired Hands Brewing Company,5.5%,Pale Ale - American,473ml,"€ 21,56 per litre"
Dr. Juice IPA,"€ 8,40",United States,3.90,Parish Brewing Co.,6%,IPA - New England / Hazy,355ml,"€ 23,66 per litre"
Mandarin Alien Church IPA,"€ 13,20",United States,3.90,Tired Hands Brewing Company,7%,IPA - New England / Hazy,473ml,"€ 27,91 per litre"
Bloodless VIII Sour x Root + Branch,"€ 14,30",United States,3.90,The Veil Brewing Co.,8%,Sour - Fruited Berliner Weisse,473ml,"€ 30,23 per litre"
Milkshake IPA (Piña Colada) DIPA x Omnipollo,"€ 14,00",United States,3.90,Tired Hands Brewing,8%,Sour - Fruited Berliner Weisse,473ml,"€ 29,60 per litre"
Borrowed Brilliance,"€ 9,99",United States,4.32,Timber Ales,12%,Stout - Imperial / Double,473ml,"€ 21,12 per litre"
Whale Sharks,"€ 10,00",England,4.21,Verdant Brewing Co,8.4%,IPA - Imperial / Double New England / Hazy,Can 440ml,"€ 22,73 per litre"
Blonde Snol,"€ 3,50",Netherlands,3.58,Dorpsbrouwerij de Pimpelmeesch,8.5%,Belgian Tripel,330ml,"€ 10,61 per litre"
Bock Bok,"€ 3,25",Netherlands,3.45,Naeckte Brouwers,7.5%,Bock - Single / Traditional,330ml,"€ 9,85 per litre"
Wind,"€ 7,49",Netherlands,4.07,Moersleutel Craft Brewery,12%,Belgian Quadrupel,Can 440ml,"€ 17,02 per litre"
Quad,"€ 5,49",Netherlands,3.90,Moersleutel Craft Brewery,11%,Belgian Quadrupel,Can 440ml,"€ 12,48 per litre"
Sunscreen Hangman,"€ 5,49",Netherlands,3.75,Uiltje Brewing Company,6.9%,IPA - New England / Hazy,Can 440ml,"€ 12,48 per litre"
Fruit Press,"€ 4,99",Netherlands,3.74,Moersleutel Craft Brewery,5%,IPA - New England / Hazy,Can 440ml,"€ 11,34 per litre"
CYCT: Friction,"€ 5,49",Netherlands,3.70,Moersleutel Craft Brewery,6%,IPA - Other,Can 440ml,"€ 12,48 per litre"
Smulbock,"€ 4,49",Netherlands,3.61,Rock City Brewing,9%,Bock - Doppelbock,330ml,"€ 13,61 per litre"
Vlaams Paard,"€ 3,69",Netherlands,3.56,Het Brouwdok,8%,Belgian Tripel,330ml,"€ 11,18 per litre"
Zwaar leven,"€ 3,69",Netherlands,3.45,Hert Bier,7.7%,Belgian Tripel,330ml,"€ 11,18 per litre"
Dubbel,"€ 3,39",Netherlands,3.41,Grutte Pier Brouwerij,7%,Belgian Dubbel,330ml,"€ 10,27 per litre"
BAP,"€ 3,79",Netherlands,3.21,Bierbrouwerij Volendam,7%,Belgian Dubbel,330ml,"€ 11,48 per litre"
De echte Zaanse Mosterd tripel,"€ 3,99",Netherlands,3.10,Brouwerij Hoop,8.1%,Belgian Tripel,330ml,"€ 11,48 per litre"
Hoptoberfest: Unfiltered Lager,"€ 4,50",England,3.41,Staggeringly Good,5%,Kellerbier / Zwickelbier,Can 440ml,"€ 10,23 per litre"
Bagoly,"€ 3,64",Hungary,3.81,Balkezes,8.8%,Porter - Baltic,330ml,"€ 11,03 per litre"
Ankou Whiskey BA,"€ 10,50",Estonia,4.36,Pühaste Brewery,13.9%,Stout - Imperial / Double,330ml,"€ 31,82 per litre"
Wriggle,"€ 14,99",United States,4.09,Monkish Brewing Co.,10.1%,IPA - Triple New England / Hazy,473ml,"€ 31,69 per litre"
Monyo GF Cherry Hero,"€ 3,60",Hungary,3.44,MONYO Brewing Co.,4.3%,Fruit Beer,330ml,"€ 10,91 per litre"
Stout of this world – Rum,"€ 7,49",Netherlands,4.12,Jopen,10.1%,Stout - Russian Imperial,330ml,"€ 22,70 per litre"
12 Years Of Innovation,"€ 7,00",Czech Republic,4.01,Rodinný Pivovar Zichovec,6.5%,Sour - Smoothie / Pastry,500ml,"€ 14,00 per litre"
I'm Waiting Here,"€ 6,50",Czech Republic,3.93,Rodinný Pivovar Zichovec,7%,IPA - New England / Hazy,500ml,"€ 13,00 per litre"
Sabro Fan Service,"€ 5,80",Czech Republic,3.78,Rodinný Pivovar Zichovec,5.1%,IPA - Session,500ml,"€ 11,60 per litre"
Coconut,"€ 4,10",Belgium,3.05,Mongozo,3.5%,Fruit Beer,330ml,"€ 12,42 per litre"
MadX Major and Funk,"€ 19,90",Hungary,3.97,Mad Scientist,12%,Stout - Russian Imperial,Bottle 750ml,"€ 26,53 per litre"
Sima Brewing Ahhhromantic,"€ 5,70",Hungary,3.78,SIMA brewing,8.5%,IPA - Imperial / Double New England / Hazy,330ml,"€ 17,27 per litre"
Doom and Funk,"€ 20,40",Hungary,3.75,MadX,5.5%,Wild Ale - American,Bottle 750ml,"€ 27,20 per litre"
Ugar Brewery Fake Your Pils,"€ 2,90",Hungary,3.51,UGAR Brewery,5.6%,Pilsner - Other,Can 330ml,"€ 8,79 per litre"
Monyo GF Grumpy Octopus,"€ 3,60",Hungary,3.46,MONYO Brewing Co.,5.8%,Gluten-Free,330ml,"€ 10,91 per litre"
Liquorice Lush,"€ 4,70",Hungary,3.28,Reketye Brewing Co.,3.3%,Sour - Fruited,330ml,"€ 14,24 per litre"
Berliner Ryesse,"€ 2,89",Belgium,3.45,Brouwerij Alvinne/ Laugar Brewery,4%,Sour - Berliner Weisse,330ml,"€ 8,76 per litre"
Gele Belgische Perzik 23/24 Assemblage n° 2,"€ 29,11",Belgium,4.26,Brouwerij 3 Fonteinen,6.3%,Lambic - Fruit,Bottle 750ml,"€ 38,81 per litre"
OG Armand & Gaston 21/22 Assemblage n° 119,"€ 21,92",Belgium,4.22,Brouwerij 3 Fonteinen,6%,Lambic - Gueuze,Bottle 750ml,"€ 29,23 per litre"
Weihenstephaner Vitus,"€ 2,95",Germany,3.84,Bayerische Staatsbrauerei Weihenstephan,7.7%,Bock - Weizenbock,500ml,"€ 5,90 per litre"
Pauwel Kwak,"€ 1,79",Belgium,3.76,Brouwerij Bosteels,8.4%,Pale Ale - Belgian,330ml,"€ 5,42 per litre"
Van Honsebrouck Bacchus Frambozenbier,"€ 3,90",Belgium,3.65,Kasteel Brouwerij Vanhonsebrouck,5%,Sour - Flanders Oud Bruin,Bottle 375ml,"€ 10,40 per litre"
Maisel & Friends - Marc's Chocolate Bock,"€ 8,95",Germany,3.60,Brauerei Gebr. Maisel,7.5%,Bock - Single / Traditional,Bottle 750ml,"€ 11,93 per litre"
Pecheresse,"€ 2,40",Belgium,3.57,Brouwerij Lindemans,2.5%,Lambic - Fruit,Bottle 250ml,"€ 9,60 per litre"
Dorée (Goud),"€ 2,25",Belgium,3.55,Bières de Chimay,4.8%,Belgian Enkel / Patersbier,330ml,"€ 6,82 per litre"
Blond,"€ 2,60",Belgium,3.52,Abbaye de Maredsous,6%,Belgian Blonde,330ml,"€ 7,88 per litre"
Vedett Extra Ordinary IPA,"€ 2,55",Belgium,3.49,Duvel Moortgat,5.5%,IPA - Belgian,330ml,"€ 7,73 per litre"
Schelde Strandgaper,"€ 2,85",Belgium,3.48,Scheldebrouwerij,6.2%,Blonde / Golden Ale - Other,330ml,"€ 8,64 per litre"
Alhambra Reserva Roja,"€ 3,15",Spain,3.48,Grupo Cervezas Alhambra,7.2%,Bock - Single / Traditional,330ml,"€ 9,55 per litre"
Gardiaan Blond,"€ 2,30",Belgium,3.45,Brouwerij Het Nest,5.8%,Belgian Blonde,330ml,"€ 6,97 per litre"
Slagmuylder Witkap Pater Stimulo,"€ 2,70",Belgium,3.41,Brouwerij Slaghmuylder,6%,Belgian Blonde,330ml,"€ 8,18 per litre"
Omer VanderGhinste Blauw Export,"€ 2,00",Belgium,3.12,Omer Vander Ghinste,5.2%,Lager - Dortmunder / Export,330ml,"€ 6,06 per litre"
Brewdog Punk AF Alcoholvrij,"€ 2,30",Scotland,2.88,BrewDog,0.5%,Non-Alcoholic - IPA,Can 330ml,"€ 6,97 per litre"
A Basic Equation (Wheat Beer Fruited),"€ 5,25",England,3.62,Turning Point Brew Co.,4.8%,Wheat Beer - Fruited,Can 440ml,"€ 11,93 per litre"
Buckley Reserve #1,"€ 36,00",United States,4.53,Transient Artisan Ales,15.5%,Stout - Imperial / Double,Bottle 500ml,"€ 72,00 per litre"
Igor '22 BA Woodford Reserve Bourbon,"€ 9,49",Netherlands,4.10,Kaapse Brouwers,11.2%,Stout - Imperial / Double,Bottle 500ml,"€ 72,00 per litre"
Brandgans '21 BA Calvados,"€ 9,49",Netherlands,3.50,Kaapse Brouwers/ Ramses Bier,10%,Wheat Beer - Wheat Wine,330ml,"€ 28,76 per litre"
Caramel Fudge Stout BA: Het Anker,"€ 4,99",Netherlands,4.21,Brouwerij Kees,11.5%,Stout - Imperial / Double,330ml,"€ 15,12 per litre"
Caramel Fudge Stout BA: Bourbon 2024,"€ 4,99",Netherlands,4.02,Brouwerij Kees,11.5%,Stout - Imperial / Double,330ml,"€ 15,12 per litre"
TDH Talus x Cascade IPA,"€ 5,60",Latvia,3.91,Ārpus Brewing Co.,6.5%,IPA - New England / Hazy,Can 440ml,"€ 12,73 per litre"
Caramel Fudge Stout Appelstroop,"€ 4,75",Netherlands,3.88,Brouwerij Kees,11.5%,Stout - Imperial / Double,330ml,"€ 14,39 per litre"
Crochet Spider,"€ 5,99",England,3.86,Azvex Brewing Company,5.5%,IPA - New England / Hazy,Can 440ml,"€ 13,61 per litre"
TDH Vista x McKenzie Session IPA,"€ 5,25",Latvia,3.85,Ārpus Brewing Co.,5%,IPA - Session,Can 440ml,"€ 11,93 per litre"
TDH Ella x Enigma IPA,"€ 5,60",Latvia,3.85,Ārpus Brewing Co.,6.5%,IPA - New England / Hazy,Can 440ml,"€ 12,73 per litre"
TDH Motueka x Riwaka x Galaxy DIPA,"€ 6,10",Latvia,3.84,Ārpus Brewing Co.,8%,IPA - New England / Hazy,Can 440ml,"€ 13,86 per litre"
Gozer '22 BA Speyside Whiskey,"€ 9,49",Netherlands,3.65,Kaapse Brouwers,9.8%,Stout - Imperial / Double Oatmeal,330ml,"€ 28,76 per litre"
Ludwig,"€ 2,99",Netherlands,3.37,Kaapse Brouwers,6%,Festbier,330ml,"€ 28,76 per litre"
Landsky Overload,"€ 5,99",Croatia,3.82,Pulfer Brewery,6.7%,IPA - American,500ml,"€ 11,98 per litre"
Pinkish Sound System,"€ 4,79",Poland,3.66,Piwne Podziemie,7.5%,IPA - Imperial / Double New England / Hazy,500ml,"€ 9,58 per litre"
Sour Candy Gose #1,"€ 4,99",Poland,3.58,Piwne Podziemie,3.5%,Sour - Fruited Gose,500ml,"€ 9,98 per litre"
Noa Pecan Mud Cake Basil Hayden,"€ 17,11",Sweden,4.36,Omnipollo,14%,Stout - Imperial / Double Pastry,330ml,"€ 51,85 per litre"
Omnipollo / Dugges - Double Barrel Aged Anagram Blueberry Cheesecake Stout,"€ 17,11",Sweden,4.33,Omnipollo,14%,Stout - Imperial / Double Pastry,330ml,"€ 51,85 per litre"
Omnipollo / Buxton - Barrel Aged Original Maple Truffle Ice Cream Waffle,"€ 17,13",Sweden,4.33,Omnipollo,15%,Porter - Imperial / Double,330ml,"€ 51,91 per litre"
Omnipollo / The Angry Chair - Lunar Lycan,"€ 17,11",Sweden,4.32,Omnipollo,14.3%,Stout - Imperial / Double Milk,330ml,"€ 51,85 per litre"
Omnipollo / J. Wakefield - Bianca Miami Madness Blueberry Lassi Gose,"€ 15,51",Sweden,4.30,Omnipollo,6%,Sour - Smoothie / Pastry,Can 440ml,"€ 35,25 per litre"
Omnipollo / Angry Chair / Side Project / 3 Sons / Horus / Phase Three / Private Press - Three Times Three Vol 3,"€ 17,55",Sweden,4.22,Omnipollo,12%,Stout - Imperial / Double,Can 440ml,"€ 39,89 per litre"
Omnipollo / The Answer - Bianca 3 Scoops Strawberry Passion Fruit Mango Lassi Gose,"€ 15,51",Sweden,4.21,Omnipollo,6%,Sour - Fruited Gose,Can 440ml,"€ 35,25 per litre"
Omnipollo / Närke - Tart-Kaggen!,"€ 17,08",Sweden,4.20,Omnipollo,13%,Porter - Imperial / Double,Can 330ml,"€ 51,76 per litre"
Noa Pecan Mud Cake,"€ 7,27",Sweden,4.19,Omnipollo,11%,Stout - Imperial / Double Pastry,330ml,"€ 22,03 per litre"
Omnipollo / Toppling Goliath - Pseudo Church,"€ 9,09",Sweden,4.08,Omnipollo,8.1%,IPA - Imperial / Double New England / Hazy,Can 440ml,"€ 20,66 per litre"
Deep Work,"€ 7,91",Sweden,3.93,Omnipollo,7.2%,IPA - Other,Can 440ml,"€ 17,98 per litre"
Nebuchadnezzar,"€ 4,24",Sweden,3.92,Omnipollo,8.5%,IPA - Imperial / Double,Can 330ml,"€ 12,85 per litre"
Omnipollos Hatt,"€ 4,37",Sweden,3.84,Omnipollo,6.2%,IPA - New England / Hazy,Can 330ml,"€ 13,24 per litre"
Fruit World Famous Blueberry Baked Goods Sour,"€ 6,57",Sweden,3.77,Omnipollo,6%,Sour - Fruited,Can 330ml,"€ 19,91 per litre"
Fruit World Famous Raspberry Pie Sour,"€ 5,62",Sweden,3.77,Omnipollo,6%,Sour - Fruited,Can 330ml,"€ 17,03 per litre"
Omnipollo / Sierra Nevada - Maze,"€ 7,38",Sweden,3.77,Omnipollo,5.6%,Pale Ale - American,Can 440ml,"€ 16,77 per litre"
Zodiak,"€ 3,60",Sweden,3.76,Omnipollo,6.2%,IPA - American,Can 330ml,"€ 10,91 per litre"
Levon,"€ 3,62",Sweden,3.66,Omnipollo,6.5%,Pale Ale - Belgian,330ml,"€ 10,97 per litre"
Pleroma Peach Melba Créme Brulée,"€ 5,62",Sweden,3.65,Omnipollo,6%,Sour - Smoothie / Pastry,Can 330ml,"€ 17,03 per litre"
High Desert,"€ 5,13",Sweden,3.62,Omnipollo,6%,IPA - American,Can 330ml,"€ 15,55 per litre"
Omnipollos Tokyo,"€ 3,49",Sweden,3.59,Omnipollo,5.4%,IPA - Other,Can 330ml,"€ 10,58 per litre"
Omnipollo / Newbarns - Gordon´s Comfort Mild,"€ 4,35",Sweden,3.36,Omnipollo,5.3%,Mild - Dark,Can 330ml,"€ 13,18 per litre"
Fatamorgana,"€ 5,48",Sweden,3.35,Omnipollo,8%,IPA - Session,Can 330ml,"€ 16,61 per litre"
Omnipollo / Burley Oak / J. Wakefield / The Answer / The Veil / Mortalis / Smooj - Three Times Three Vol 4,"€ 16,50",Sweden,3.35,Omnipollo,7%,Sour Ale,Can 440ml,"€ 37,50 per litre"
Triple Gelato: Mango Sticky Rice,"€ 11,60",Poland,4.04,Funky Fluid,7.5%,Sour - Smoothie / Pastry,500ml,"€ 23,20 per litre"
Cherry Sour,"€ 7,00",Poland,4.04,Funky Fluid,5.5%,Sour - Smoothie / Pastry,500ml,"€ 14,00 per litre"
Deep Funk,"€ 8,00",Poland,3.73,Funky Fluid,7%,Stout - Foreign / Export,500ml,"€ 16,00 per litre"
WTF?! Free Gelato AF,"€ 5,30",Poland,3.71,Funky Fluid,0.5%,Non-Alcoholic - Sour,330ml,"€ 16,06 per litre"
Aloha,"€ 5,80",Poland,3.54,Funky Fluid,4.5%,Pale Ale - American,500ml,"€ 11,60 per litre"
Shake It!,"€ 7,60",Poland,3.53,Funky Fluid,6%,Fruit Beer,500ml,"€ 15,20 per litre"
Lager,"€ 5,50",Poland,3.48,Funky Fluid,4.5%,Lager - Pale,500ml,"€ 11,00 per litre"
Bok,"€ 2,99",Netherlands,3.51,Kaapse Brouwers,6.5%,Bock - Single / Traditional,330ml,"€ 9,06 per litre"
Northern Monk x Outer Range Patrons Project 42.04 Waning Ember,"€ 7,20",England,4.04,Northern Monk,7%,IPA - New England / Hazy,Can 440ml,"€ 16,36 per litre"
Festbier,"€ 6,50",Scotland,3.76,Donzoko Brewing Company,5.6%,Festbier,Can 500ml,"€ 13,00 per litre"
Northern Monk x Amundsen x Overtone Patrons Project 43.03 Great Northern Grub Trifle Ale,"€ 8,40",England,3.63,Northern Monk,6%,Pale Ale - Fruited,Can 440ml,"€ 19,09 per litre"
La Great Northern Cerveza,"€ 3,60",England,3.54,Northern Monk,4%,Lager - Other,Can 440ml,"€ 8,18 per litre"
Brain Stew,"€ 5,10",England,3.48,Mash Gang,0.5%,Non-Alcoholic - IPA,Can 440ml,"€ 11,59 per litre"
Trippin' On Aether,"€ 5,10",England,2.63,Mash Gang,0.5%,Non-Alcoholic - IPA,Can 440ml,"€ 11,59 per litre"
WhiteDog WILL IT FLOAT #9,"€ 7,95",Netherlands,4.18,White Dog Brewery,6%,Sour - Smoothie / Pastry,Can 440ml,"€ 18,07 per litre"
Arpus ARPUS - TDH TALUS X CASCADE IPA,"€ 5,95",Latvia,3.91,Ārpus Brewing Co.,6.5%,IPA - New England / Hazy,Can 440ml,"€ 13,52 per litre"
WhiteDog Juicebox,"€ 6,95",Netherlands,3.88,White Dog Brewery,5.4%,IPA - New England / Hazy,Can 440ml,"€ 15,80 per litre"
Maisel Hopfenreiter 2024 - Double IPA,"€ 3,50",Germany,3.87,Brauerei Gebr. Maisel,8.5%,IPA - Imperial / Double,330ml,"€ 10,61 per litre"
Double Juice Punch,"€ 4,50",Netherlands,3.85,Brouwerij Frontaal,8.5%,IPA - Imperial / Double New England / Hazy,330ml,"€ 13,64 per litre"
Arpus TDH Ella X Enigma IPA,"€ 5,95",Latvia,3.85,Ārpus Brewing Co.,6.5%,IPA - New England / Hazy,Can 440ml,"€ 13,52 per litre"
Kia Ora,"€ 3,95",Netherlands,3.63,Brouwerij Frontaal,5.5%,IPA - New Zealand,330ml,"€ 11,97 per litre"
Head First,"€ 3,75",Netherlands,3.51,Brouwerij Frontaal,4.5%,IPA - Other,330ml,"€ 11,36 per litre"
Maisel Maisel's Weisse Leicht,"€ 2,50",Germany,3.16,Brauerei Gebr. Maisel,3.1%,Wheat Beer - Hefeweizen Light / Leicht,500ml,"€ 5,00 per litre"
For the Love of Hops ‘Turquoise',"€ 4,63",Netherlands,3.70,Brouwerij Frontaal,5.5%,IPA - New England / Hazy,Can 440ml,"€ 10,52 per litre"
The Last Private On The Western Front,"€ 7,25",Spain,4.06,La Pirata Brewing,15%,Stout - Imperial / Double,330ml,"€ 21,97 per litre"
Gouden Carolus Cuvée van de Keizer Imperial Dark,"€ 18,60",Belgium,4.05,Brouwerij Het Anker,12%,Belgian Strong Dark Ale,Bottle 750ml,"€ 24,80 per litre"
Gouden Carolus Whisky Infused (330ml),"€ 7,50",Belgium,4.00,Brouwerij Het Anker,11.7%,Belgian Strong Dark Ale,Bottle 330ml,"€ 22,73 per litre"
Gouden Carolus Whisky Infused (750ml),"€ 19,80",Belgium,4.00,Brouwerij Het Anker,11.7%,Belgian Strong Dark Ale,Bottle 750ml,"€ 26,40 per litre"
Gouden Carolus Classic,"€ 6,00",Belgium,3.73,Brouwerij Het Anker,8.5%,Belgian Strong Dark Ale,Bottle 330ml,"€ 18,18 per litre"
Gouden Carolus Christmas (330ml),"€ 6,40",Belgium,3.61,Brouwerij Het Anker,10%,Winter Ale,Bottle 330ml,"€ 19,39 per litre"
Margaretha,"€ 24,00",Belgium,3.54,Brouwerij Het Anker,8.5%,Belgian Strong Dark Ale,Bottle 750ml,"€ 32,00 per litre"
Blueprint (Enigma),"€ 6,99",Netherlands,4.13,Folkingebrew,8.5%,IPA - Imperial / Double New England / Hazy,Can 440ml,"€ 15,89 per litre"
Blueprint (Galaxy),"€ 6,99",Netherlands,4.12,Folkingebrew,8.5%,IPA - Imperial / Double New England / Hazy,Can 440ml,"€ 15,89 per litre"
Cryo Overture,"€ 7,49",Netherlands,4.09,Folkingebrew,10%,IPA - Triple New England / Hazy,Can 440ml,"€ 17,02 per litre"
Wind,"€ 6,99",Netherlands,4.07,Moersleutel Craft Brewery,12%,Belgian Quadrupel,Can 440ml,"€ 15,89 per litre"
GOTH SAVE THE QUEEN,"€ 5,49",Romania,3.79,Clandestin Beer,5.9%,IPA - New England / Hazy,500ml,"€ 10,98 per litre"
KING ArthuD2,"€ 5,29",Romania,3.78,Clandestin Beer,6%,IPA - New England / Hazy,500ml,"€ 10,58 per litre"
Deal With The Devil,"€ 4,77",Hungary,3.24,Etyeki Sörmanufaktúra,5%,Stout - Milk / Sweet,330ml,"€ 14,45 per litre"
Sunstead: White Peach 2023,"€ 27,75",Denmark,4.29,Insight Cellars,6.3%,Wild Ale - Other,Bottle 750ml,"€ 37,00 per litre"
Sequoia Affair,"€ 4,99",Norway,3.67,Bådin,7%,IPA - American,Can 440ml,"€ 11,34 per litre"
Marshmallow Wave,"€ 4,99",Norway,3.91,Bådin,10%,Stout - Imperial / Double Pastry,330ml,"€ 15,12 per litre"
Arctic Circles Part 3,"€ 5,49",Norway,3.80,Bådin,6.5%,IPA - New England / Hazy,Can 440ml,"€ 12,48 per litre"
Solitaire,"€ 3,99",Norway,3.64,Bådin,6.5%,IPA - New England / Hazy,330ml,"€ 12,09 per litre"
Saison Larsen,"€ 2,65",Norway,3.50,Bådin,6.5%,Farmhouse Ale - Saison,330ml,"€ 8,03 per litre"
Tiny Barrel Project Mean Riff Tokaji,"€ 10,29",Hungary,4.24,Mad Scientist,10.2%,Stout - Imperial / Double,Can 440ml,"€ 23,39 per litre"
9C,"€ 7,49",United States,4.06,Outer Range Brewing Co.,9%,IPA - Imperial / Double New England / Hazy,Can 440ml,"€ 17,02 per litre"
Blocks of Light,"€ 6,79",United States,4.04,Outer Range Brewing Co.,6.2%,IPA - New England / Hazy,Can 440ml,"€ 15,43 per litre"
Les Rocheuses,"€ 6,79",United States,3.98,Outer Range Brewing Co.,6.2%,IPA - New England / Hazy,Can 440ml,"€ 15,43 per litre"
Dryside,"€ 6,79",United States,3.87,Outer Range Brewing Co.,7.2%,IPA - American,Can 440ml,"€ 15,43 per litre"
Raspcherry Beret,"€ 4,49",Norway,3.70,Bådin,5.5%,Sour - Fruited,330ml,"€ 13,61 per litre"
The Black Council,"€ 5,29",Hungary,3.68,Mad Scientist,7%,Stout - Other,Can 440ml,"€ 12,02 per litre"
Postel Tripel,"€ 3,45",Belgium,3.55,Affligem Brouwerij,8.7%,Belgian Tripel,330ml,"€ 10,45 per litre"
Blond,"€ 2,85",Netherlands,3.25,'t Roesje Bier,6.5%,Blonde / Golden Ale - Other,330ml,"€ 8,64 per litre"
Luctor Et Emergo - Zeeuws Weizen,"€ 2,99",Netherlands,3.31,Bierbrouwerij Vermeersen,6%,Wheat Beer - Hefeweizen,330ml,"€ 8,64 per litre"
Spaccarella,"€ 21,90",Italy,4.02,Maestri del Sannio,6.2%,Wild Ale - Other,Bottle 750ml,"€ 29,20 per litre"
Cuvée Iannucci,"€ 21,90",Italy,3.91,Maestri del Sannio,7.6%,Grape Ale - Italian,Bottle 750ml,"€ 29,20 per litre"
Gismondi Paralleli,"€ 19,50",Italy,4.12,Maestri del Sannio,7%,Grape Ale - Italian,Bottle 750ml,"€ 26,00 per litre"
Demiurge,"€ 12,90",United States,4.33,Hudson Valley Brewery,8%,IPA - Sour,Can 473ml,"€ 27,27 per litre"
"Roads? Where We're Going, We Don't Need Roads","€ 10,90",United States,4.16,Hoof Hearted Brewing,9%,IPA - Imperial / Double,Can 473ml,"€ 23,04 per litre"
Money Mad Fat,"€ 10,60",United States,4.06,Barrier Brewing Company/ Interboro Spirits & Ales,7.3%,IPA - American,Can 473ml,"€ 22,41 per litre"
Zware jongen,"€ 3,99",Netherlands,3.58,Brouwerij Ouwetoeter,10.2%,Belgian Quadrupel,Can 473ml,"€ 22,41 per litre"
Sterke Blonde,"€ 3,49",Netherlands,3.55,Brouwerij Ouwetoeter,8.2%,Belgian Strong Golden Ale,330ml,"€ 10,58 per litre"
Dubbel,"€ 3,39",Netherlands,3.28,Brouwerij Ouwetoeter,6.5%,Belgian Dubbel,330ml,"€ 10,27 per litre"
Steezy DDH,"€ 7,29",United States,4.16,Outer Range Brewing Co.,7.2%,IPA - New England / Hazy,Can 440ml,"€ 16,57 per litre"
Techno Tomboy,"€ 6,79",United States,4.16,Outer Range Brewing French/Alps,7.2%,New England IPA,Can 440ml,"€ 15,43 per litre"
Wisp,"€ 5,49",United States,4.16,Outer Range Brewing French/Alps,4.1%,Witbier,Can 440ml,"€ 12,48 per litre"
Boerenerf Lambic'ado 2023,"€ 50,00",Belgium,4.25,Het Boerenerf Eylenbosch,7%,Lambic - Other,Bottle 1500ml,"€ 33,33 per litre"
La Mule Helles,"€ 3,03",Belgium,3.42,Brasserie de la Mule,4.8%,Lager - Helles,330ml,"€ 9,18 per litre"
Lervig Sour Suzy,"€ 2,47",Norway,3.18,LERVIG,4%,Sour - Berliner Weisse,330ml,"€ 7,48 per litre"
Strawberry & Kiwi Shake,"€ 7,75",Scotland,3.86,Vault City Brewing,6.2%,Sour - Fruited,Can 440ml,"€ 17,61 per litre"
Quaff Box | Octobre 2024,"€ 38,80",,,,,,,
Caramel Fudge Stout Het Anker,"€ 5,49",Netherlands,4.00,Brouwerij Kees,11.5%,Stout - Imperial / Double Pastry,330ml,"€ 16,64 per litre"
Early Retirement,"€ 6,49",Germany,3.95,FUERST WIACEK,6.8%,IPA - New England / Hazy,Can 440ml,"€ 14,75 per litre"
Don't Get Hit By Lightning (2024),"€ 6,49",Germany,3.94,FUERST WIACEK,6.8%,IPA - New England / Hazy,Can 440ml,"€ 14,75 per litre"
Solitary Sock,"€ 6,29",Germany,3.93,FUERST WIACEK,6.2%,IPA - New England / Hazy,Can 440ml,"€ 14,30 per litre"
All the Single Hops: Centennial,"€ 6,49",Germany,3.85,FUERST WIACEK,6.8%,IPA - New England / Hazy,Can 440ml,"€ 14,75 per litre"
Caramel Fudge Appelstroop,"€ 4,79",Netherlands,3.64,Brouwerij Kees,11.5%,Stout - Imperial / Double Pastry,330ml,"€ 14,52 per litre"
Mangofeber DIPA,"€ 3,99",Sweden,3.79,Brewski,8%,IPA - Imperial / Double,330ml,"€ 12,09 per litre"
Strawberry Pie,"€ 3,99",Sweden,3.77,Brewski,8.5%,Sour - Smoothie / Pastry,330ml,"€ 12,09 per litre"
Death Morita Doom,"€ 4,95",Bulgaria,3.89,Metalhead,12%,Porter - Imperial / Double,Bottle 250ml,"€ 19,80 per litre"
Smulbock,"€ 3,75",Netherlands,3.61,Rock City Brewing,9%,Bock - Doppelbock,330ml,"€ 11,36 per litre"
The Lift Off Game,"€ 5,49",United States,4.14,Bottle Logic Brewing/ Brewski,12.5%,Stout - Imperial / Double Pastry,330ml,"€ 16,64 per litre"
Double Ditzy,"€ 4,29",Sweden,3.81,Brewski,8%,IPA - Imperial / Double,330ml,"€ 13,00 per litre"
T-Horse,"€ 3,99",Sweden,3.79,Brewski,8.5%,IPA - Imperial / Double New England / Hazy,330ml,"€ 12,09 per litre"
Broen,"€ 3,79",Sweden,3.63,Brewski,5%,IPA - Session,330ml,"€ 11,48 per litre"
Mangofeber IPA,"€ 3,79",Sweden,3.32,Brewski,4.2%,IPA - Session,330ml,"€ 11,48 per litre"
Dream Nelson Sauvin,"€ 5,59",Belgium,3.78,Brasserie Surréaliste,6.5%,IPA - American,330ml,"€ 11,48 per litre"
Holy Red Fruits,"€ 3,97",Belgium,3.49,L'Ermitage,5.8%,Sour - Fruited,330ml,"€ 12,03 per litre"
L'Etoile,"€ 3,21",Belgium,3.43,L'Ermitage,4.6%,Lager - Pale,330ml,"€ 9,73 per litre"
La Mule / OSMA Berliner Bros,"€ 3,31",Belgium,3.43,,4.8%,Berliner Weisse,330ml,"€ 10,03 per litre"
Last Dayz,"€ 6,10",Poland,3.87,Browarny Craft Beer,7%,Sour - Smoothie / Pastry,500ml,"€ 12,20 per litre"
Basket Case,"€ 6,00",Poland,3.82,Browarny Craft Beer,6.5%,IPA - New England / Hazy,500ml,"€ 12,20 per litre"
Precious,"€ 5,80",United States,3.76,3 Floyds Brewing,6.5%,Porter - American,500ml,"€ 12,20 per litre"
Grime Coffee & Cocoa Beans,"€ 5,70",Poland,3.71,Browarny Craft Beer,6%,Stout - Coffee,500ml,"€ 11,40 per litre"
Grime Coffee & Cocoa Beans & Tonka & Cinnamon,"€ 5,70",Poland,3.64,Browarny Craft Beer,6%,Stout - Coffee,500ml,"€ 11,40 per litre"
Blackberry Spontan Blend,"€ 14,50",Denmark,4.02,Norbæk Gårdbryggeri,6.5%,Wild Ale - Other,Bottle 750ml,"€ 19,33 per litre"
Vertignasse,"€ 9,50",Belgium,3.59,Brasserie Fantôme,4.5%,Farmhouse Ale - Saison,Bottle 750ml,"€ 12,67 per litre"
3h12,"€ 19,95",Switzerland,4.03,Brasserie L'Apaisée/ Brasserie de la Goutte d'Or,6.2%,Wild Ale - Other,Bottle 750ml,"€ 26,60 per litre"
Lightbulb,"€ 5,90",England,3.74,Verdant Brewing Co,4.5%,Pale Ale - XPA (Extra Pale),Can 440ml,"€ 13,41 per litre"
(Growler) La Plonge,"€ 11,99",Canada,4.37,Brasserie du Bas-Canada,10%,IPA - Triple,Can 440ml,"€ 13,41 per litre"
Funky Music,"€ 5,90",England,3.67,Full Circle Brew Co,4.2%,Sour - Fruited,Can 440ml,"€ 13,41 per litre"
All Systems Down,"€ 4,20",England,3.64,Full Circle Brew Co,4.5%,Stout - Oatmeal,Can 440ml,"€ 9,55 per litre"
Prost,"€ 4,00",England,3.44,Full Circle Brew Co,4.1%,Lager - Helles,Can 440ml,"€ 9,09 per litre"
Red Currant Spontan Blend,"€ 14,50",Denmark,4.09,Norbæk Gårdbryggeri,6.5%,Sour - Fruited,Bottle 750ml,"€ 19,33 per litre"
Rhubarb and Raspberry Spontan Blend,"€ 13,50",Denmark,3.88,Norbæk Gårdbryggeri,6.5%,Wild Ale - Other,Bottle 750ml,"€ 18,00 per litre"
Pissenlit Vintage,"€ 9,50",Belgium,3.75,Brasserie Fantôme,8%,Farmhouse Ale - Saison,Bottle 750ml,"€ 12,67 per litre"
Alexander,"€ 3,05",Belgium,3.95,Brouwerij Rodenbach,5.6%,Sour - Flanders Red Ale,330ml,"€ 9,24 per litre"
Brewdog King Crush,"€ 3,15",Scotland,3.71,BrewDog,8.4%,IPA - Imperial / Double Milkshake,Can 440ml,"€ 7,16 per litre"
Weihenstephaner Kristall Weissbier,"€ 2,45",Germany,3.68,Bayerische Staatsbrauerei Weihenstephan,5.4%,Wheat Beer - Kristallweizen,500ml,"€ 4,90 per litre"
PMA,"€ 4,20",England,3.58,Moor Beer Company,5.3%,Pale Ale - American,Can 440ml,"€ 9,55 per litre"
Revival,"€ 4,00",England,3.43,Moor Beer Company,3.4%,Bitter - Session / Ordinary,Can 440ml,"€ 9,09 per litre"
Pecheresse,"€ 2,69",Belgium,3.57,Brouwerij Lindemans,2.5%,Lambic - Fruit,Bottle 250ml,"€ 10,76 per litre"
Funky Falcon,"€ 3,69",Netherlands,3.50,Two Chefs Brewing,5.2%,Pale Ale - American,330ml,"€ 11,18 per litre"
Lager,"€ 2,50",Germany,3.27,Einbecker Brauhaus,4.4%,Lager - Helles,330ml,"€ 7,58 per litre"
"De Verschoappeling, Pale Dubbel Bock","€ 3,50",Netherlands,3.54,Brouwhuus 't Zwarte Schoap,8.4%,Bock - Doppelbock,330ml,"€ 10,61 per litre"
Niej Schoap,"€ 3,80",Netherlands,3.46,Brouwhuus 't Zwarte Schoap,6%,IPA - American,330ml,"€ 11,52 per litre"
Blond Gezelschoap,"€ 3,80",Netherlands,3.28,Brouwhuus 't Zwarte Schoap,5.6%,Belgian Blonde,330ml,"€ 11,52 per litre"
Vriendschoap,"€ 3,80",Netherlands,3.10,Brouwhuus 't Zwarte Schoap,5.2%,Wheat Beer - Dunkelweizen,330ml,"€ 11,52 per litre"
Slobberbok Glutenvrij,"€ 3,20",Netherlands,3.52,Brouwerij Klein Duimpje,7.5%,Gluten-Free,330ml,"€ 9,70 per litre"
Snijkoek,"€ 4,40",Netherlands,3.35,Dorpsbrouwerij Uzzewuzze,7.6%,Bock - Doppelbock,330ml,"€ 13,33 per litre"
Blaugies / Hill Farmstead La Vermontoise,"€ 5,61",Belgium,3.80,Brasserie de Blaugies/ Hill Farmstead Brewery,6%,Farmhouse Ale - Saison,Bottle 375ml,"€ 14,96 per litre"
Blaugies Darbyste,"€ 7,27",Belgium,3.62,Brasserie de Blaugies,5.8%,Farmhouse Ale - Saison,Bottle 750ml,"€ 9,69 per litre"
Wingman Pale Ale,"€ 2,50",Australia,3.51,BrewDog Australia,4%,Pale Ale - Other,330ml,"€ 7,58 per litre"
Pilger,"€ 0,90",Germany,3.20,Paderborner Brauerei,5%,Kellerbier / Zwickelbier,330ml,"€ 2,73 per litre"
Alt,"€ 1,50",Germany,2.99,Frankenheim Brauerei,4.8%,Altbier - Traditional,330ml,"€ 4,55 per litre"
Extra Pilsener,"€ 0,90",Germany,2.77,Warsteiner,2.5%,Lager - Leichtbier,330ml,"€ 2,73 per litre"
Zuster Agatha,"€ 2,99",Netherlands,3.64,Muifelbrouwerij,10%,Belgian Quadrupel,330ml,"€ 9,06 per litre"
Pauwel Kwak,"€ 4,50",Belgium,3.76,Brouwerij Bosteels,8.4%,Pale Ale - Belgian,Bottle 330ml,"€ 13,64 per litre"
Aecht Schlenkerla Rauchbier Urbock,"€ 5,00",Germany,3.74,"Schlenkerla (""Heller-Bräu"" Trum)",6.5%,Rauchbier,Bottle 500ml,"€ 10,00 per litre"
Tynt Meadow,"€ 4,50",England,3.64,Mount Saint Bernard Abbey,7.4%,Strong Ale - English,Bottle 330ml,"€ 13,64 per litre"
Tynt Meadow Blond,"€ 4,20",England,3.55,Mount Saint Bernard Abbey,5%,Blonde / Golden Ale - English,Bottle 330ml,"€ 12,73 per litre"
Schlenkerla Rauchbier Weizen,"€ 4,70",Germany,3.55,"Schlenkerla (""Heller-Bräu"" Trum)",5.2%,Rauchbier,Bottle 500ml,"€ 9,40 per litre"
Lines of Light 2024,"€ 11,30",Canada,4.12,Third Moon Brewing Company,6.5%,IPA - New England / Hazy,Can 473ml,"€ 23,89 per litre"
Moored Dirigible,"€ 11,80",United States,4.11,Hop Butcher For The World,6.5%,IPA - New England / Hazy,Can 473ml,"€ 24,95 per litre"
Barn Owl No. 22 Apricot,"€ 16,30",Canada,3.99,Bellwoods Brewery,6.1%,Wild Ale - American,Bottle 500ml,"€ 32,60 per litre"
Opowieści z Mchu i Paproci,"€ 4,10",Poland,3.82,Browar Artezan,9.5%,Porter - Imperial / Double Baltic,Can 330ml,"€ 12,42 per litre"
IPA Unplugged,"€ 3,20",Poland,3.58,Trzech Kumpli,0.5%,Non-Alcoholic - IPA,Can 500ml,"€ 6,40 per litre"
Quetsche - keykeg,"€ 296,40",Belgium,4.17,Gueuzerie Tilquin,6.4%,Lambic - Fruit,20000ml,"€ 14,82 per litre"
Trinity in Black - keykeg,"€ 333,80",Russia,4.15,AF Brew/ Pühaste Brewery/ Zagovor Brewery,12.5%,Stout - Imperial / Double Milk,20000ml,"€ 16,69 per litre"
Batisserie Grasshopper Pie,"€ 8,90",United States,4.12,Energy City Brewing,10%,Stout - Imperial / Double Pastry,Can 473ml,"€ 18,82 per litre"
Surmapatt - keykeg,"€ 307,90",Estonia,4.07,Pühaste Brewery,12%,Porter - Imperial / Double,20000ml,"€ 15,40 per litre"
Blood Amulet,"€ 8,40",United States,4.06,B. Nektar Meadery,6.2%,Cider - Other Fruit,Can 355ml,"€ 23,66 per litre"
Chokoh Ha - keykeg,"€ 334,80",Estonia,4.03,Pühaste Brewery,12%,Porter - Imperial / Double,20000ml,"€ 16,74 per litre"
Rajska Gala Cydr Spokojny,"€ 6,90",Poland,4.03,Cydr Chyliczki,12%,Cider - Dry,Bottle 750ml,"€ 9,20 per litre"
Punk Lemonade,"€ 7,80",United States,3.94,B. Nektar Meadery,6.3%,Cider - Other Fruit,Can 355ml,"€ 21,97 per litre"
Zombie Killer,"€ 7,90",United States,3.94,B. Nektar Meadery,5.5%,Cider - Other Fruit,Can 355ml,"€ 22,25 per litre"
New Wave Lemonade,"€ 8,40",United States,3.94,B. Nektar Meadery,6.3%,Mead - Other,Can 355ml,"€ 23,66 per litre"
Czeremcha Cydr Spokojny,"€ 6,90",Poland,3.92,Cydr Chyliczki,6.3%,Cider - Other Fruit,Bottle 750ml,"€ 9,20 per litre"
Reneta 2023 Cydr Spokojny,"€ 6,90",Poland,3.88,Cydr Chyliczki,7.8%,Cider - Dry,Bottle 750ml,"€ 9,20 per litre"
Rusticus,"€ 7,90",Poland,3.87,Cydr Ignaców,7%,Cider - Dry,Bottle 750ml,"€ 10,53 per litre"
Tropical Cream Delight,"€ 8,40",United States,3.79,B. Nektar Meadery,5.9%,Mead - Other,Can 355ml,"€ 23,66 per litre"
Strawberry Cream Delight,"€ 8,40",United States,3.76,B. Nektar Meadery,5.9%,Mead - Other,Can 355ml,"€ 23,66 per litre"
Orange Cream Delight,"€ 8,40",United States,3.75,B. Nektar Meadery,5.9%,Mead - Session / Short,Can 355ml,"€ 23,66 per litre"
Tropical Sour #2,"€ 3,40",Poland,3.72,Piwne Podziemie,0.5%,Non-Alcoholic - Sour,Bottle 500ml,"€ 6,80 per litre"
Patt - keg,"€ 219,30",Estonia,3.72,Pühaste Brewery,6.6%,Porter - American,20000ml,"€ 10,97 per litre"
Milk Stout Chocolate,"€ 24,60",Poland,3.69,Browar Stu Mostów,5.7%,Stout - Milk / Sweet,20000ml,"€ 10,97 per litre"
Salamander Chocolate Milk Sout NITRO,"€ 59,60",Poland,3.69,Browar Stu Mostów,5.7%,Stout - Milk / Sweet,20-pack,"Total price: € 59,60"
Kill All the Golfers,"€ 8,40",United States,3.63,B. Nektar Meadery,6%,Mead - Metheglin,Can 355ml,"€ 23,66 per litre"
Per-ziek-lekker Sauternes BA - keg,"€ 182,50",Belgium,3.62,Dok Brewing Company,16.5%,Mead - Braggot,10000ml,"€ 18,25 per litre"
No Show Plumber - keykeg,"€ 168,50",Belgium,3.57,Dok Brewing Company,8%,Sour - Fruited,20000ml,"€ 8,43 per litre"
Scoville 9000 - keykeg,"€ 168,50",Belgium,3.55,Dok Brewing Company,9%,Porter - Other,20000ml,"€ 8,43 per litre"
Non Alcoholic Berliner Weisse,"€ 2,80",Poland,3.54,Browar Stu Mostów,0.5%,Non-Alcoholic - Sour,Bottle 500ml,"€ 5,60 per litre"
Zestaw Modern Grodziskie 3+1,"€ 5,60",Poland,3.53,Browar Grodzisk,3.1%,Grodziskie / Grätzer,Bottle 500ml,"€ 5,60 per litre"
Sowie Bezalkoholowe Mango Marakuja,"€ 2,40",Poland,3.53,Browar Wielka Sowa,0.5%,Non-Alcoholic - Shandy / Radler,Bottle 500ml,"€ 4,80 per litre"
Dzik Marakuja,"€ 2,70",Poland,3.51,Vin-Kon / Potęga Tradycji,0.5%,Non-Alcoholic - Cider / Perry,Bottle 330ml,"€ 8,18 per litre"
A ja Pale Ale - karton 10 szt.,"€ 25,50",Poland,3.50,Browar PINTA,5%,Pale Ale - American,Bottle 330ml,"€ 8,18 per litre"
Citrus APA Unplugged,"€ 3,10",Poland,3.46,Trzech Kumpli,5%,Non-Alcoholic - Pale Ale,Bottle 500ml,"€ 6,20 per litre"
Schops,"€ 48,60",Poland,3.44,WRCLW,5%,Historical Beer - Other,20-pack,"Total price: € 48,60"
Schops - karton 20 szt.,"€ 48,60",Poland,3.44,WRCLW,5%,Historical Beer - Other,20-pack,"Total price: € 48,60"
Schops - keg A,"€ 140,10",Poland,3.44,WRCLW,5%,Historical Beer - Other,30000ml,"€ 4,67 per litre"
Schops,"€ 20,10",Poland,3.44,WRCLW,5%,Historical Beer - Other,30000ml,"€ 4,67 per litre"
Bezalkoholowe IPA,"€ 1,90",Poland,3.43,Browar Fortuna,0.5%,Non-Alcoholic - IPA,Bottle 500ml,"€ 3,80 per litre"
Cydr Miłosławski Półsłodki - keg zwrotny,"€ 148,80",Poland,3.42,Browar Fortuna,4.5%,Cider - Sweet,30000ml,"€ 4,96 per litre"
Pszeniczne Bezalkoholowe,"€ 1,90",Poland,3.40,Browar Fortuna,4.5%,Non-Alcoholic - Wheat,Bottle 500ml,"€ 3,80 per litre"
Freefall,"€ 3,50",Poland,3.40,Magic Road,4.5%,Non-Alcoholic - IPA,Bottle 500ml,"€ 7,00 per litre"
Per-ziek-lekker Pineau des Charentes BA - keg,"€ 182,50",Belgium,3.39,Dok Brewing Company,16.5%,Mead - Braggot,10000ml,"€ 18,25 per litre"
Grodziskie Mango Ale Bezalkoholowe,"€ 2,00",Poland,3.28,Browar Grodzisk,16.5%,Non-Alcoholic - Other,Bottle 500ml,"€ 4,00 per litre"
Free Ride,"€ 2,70",Poland,3.23,Browar Kingpin,0.5%,Non-Alcoholic - IPA,Can 500ml,"€ 5,40 per litre"
Żeby Nie Było Niczego,"€ 3,00",Poland,3.21,Browar Artezan,0.5%,Non-Alcoholic - IPA,Can 500ml,"€ 6,00 per litre"
Lager Bezalkoholowe,"€ 2,00",Poland,2.89,Browar Zamkowy Cieszyn,0.5%,Non-Alcoholic - Lager,Bottle 500ml,"€ 4,00 per litre"
Amarus 2023,"€ 9,90",Poland,?,Cydr Ignaców,7.4%,Cider - Traditional / Apfelwein,Bottle 750ml,"€ 13,20 per litre"
Existence As A Radical Act,"€ 5,60",England,3.79,The Queer Brewing Project,5%,Pale Ale - American,Can 440ml,"€ 12,73 per litre"
Apfelstrudel Doppelbock,"€ 4,25",Netherlands,3.62,Uiltje Brewing Company,11%,Bock - Doppelbock,330ml,"€ 12,88 per litre"
Wind,"€ 6,25",Netherlands,4.07,Moersleutel Craft Brewery,12%,Belgian Quadrupel,Can 440ml,"€ 14,20 per litre"
Centennial Tripel IPA,"€ 4,30",Netherlands,3.62,Le Grand Crue,9.7%,IPA - Triple,330ml,"€ 13,03 per litre"
Modern Mosaic - Extreme Swag Edition,"€ 7,99",Romania,4.04,Hop Hooligans,9.1%,IPA - Imperial / Double New England / Hazy,500ml,"€ 15,98 per litre"
Jimmy the Man,"€ 6,29",Spain,3.93,Gross,6.5%,IPA - New England / Hazy,Can 440ml,"€ 14,30 per litre"
Drop Bock,"€ 4,79",Netherlands,3.61,Brouwerij Frontaal,7.5%,Bock - Doppelbock,330ml,"€ 14,52 per litre"
Bok,"€ 2,99",Netherlands,3.51,Kaapse Brouwers,6.5%,Bock - Single / Traditional,330ml,"€ 9,06 per litre"
Tripel,"€ 3,50",Netherlands,3.49,Le Grand Crue,8%,Belgian Tripel,330ml,"€ 10,61 per litre"
Bock,"€ 3,30",Netherlands,?,Le Grand Crue,7%,Bock - Single / Traditional,330ml,"€ 10,00 per litre"
Normal Things,"€ 9,95",Poland,4.24,Funky Fluid,12%,Stout - Imperial / Double Pastry,500ml,"€ 19,90 per litre"
Gelato XTREME Blueberry Raspberry Banana S'mores Milkshake Schmoojee,"€ 8,99",Poland,4.12,Funky Fluid,8%,Sour - Smoothie / Pastry,500ml,"€ 17,98 per litre"
Twin Chicks,"€ 9,95",Poland,4.09,Funky Fluid,12%,Stout - Imperial / Double Pastry,500ml,"€ 19,90 per litre"
Gelato XTREME Jungle Juice SLUSHY XXL,"€ 8,99",Poland,4.03,Funky Fluid,8%,Sour - Smoothie / Pastry,500ml,"€ 17,98 per litre"
Pink Mirror,"€ 6,99",Poland,3.93,Funky Fluid,8%,IPA - Imperial / Double New England / Hazy,500ml,"€ 13,98 per litre"
Slice of Life,"€ 6,50",Poland,3.86,Funky Fluid,6.5%,IPA - New England / Hazy,500ml,"€ 13,00 per litre"
Fresh Pulp,"€ 5,80",England,3.83,Buxton Brewery,6%,IPA - New England / Hazy,Can 440ml,"€ 13,18 per litre"
Ice Cream Van Classics // Screwball (Pale Ale Milkshake),"€ 5,75",England,3.72,Northern Monk,4.5%,Pale Ale - Milkshake,Can 440ml,"€ 13,07 per litre"
Tropical Twist,"€ 3,80",Scotland,3.69,Vault City Brewing,4.5%,Sour - Fruited,330ml,"€ 11,52 per litre"
Tor Of Duty (IPA Red),"€ 5,25",England,3.55,Buxton Brewery,5.7%,IPA - Red,Can 440ml,"€ 11,93 per litre"
Cream Of The Crop,"€ 5,25",England,3.53,Buxton Brewery,3.4%,Pale Ale - New England / Hazy,Can 440ml,"€ 11,93 per litre"
Strawberry Dreams,"€ 3,80",Scotland,3.32,Vault City Brewing,4.5%,Sour - Fruited,330ml,"€ 11,52 per litre"
Funky Fluid / Slice Beer Company Slice of Life,"€ 5,94",Poland,3.86,Funky Fluid,6.5%,IPA - New England / Hazy,500ml,"€ 11,88 per litre"
Kompaan Sticky Fingers,"€ 3,45",Netherlands,3.42,KOMPAAN Dutch Craft Beer Company,7%,Bock - Single / Traditional,500ml,"€ 11,88 per litre"
6th Anniversary,"€ 14,91",Poland,4.45,Funky Fluid,16%,Strong Ale - Other,330ml,"€ 45,18 per litre"
Gelato XTREME: Yellow Fluff,"€ 8,63",Poland,4.26,Funky Fluid,8%,Sour - Smoothie / Pastry,500ml,"€ 17,26 per litre"
Triple Gelato: Crunchy Berries,"€ 7,16",Poland,4.12,Funky Fluid,7%,Sour - Smoothie / Pastry,500ml,"€ 14,32 per litre"
Funky Fluid / Imprint Gelato XTREME: Blueb Raspb Banana S'mores Milkshake Schmoojee,"€ 8,63",Poland,4.12,Funky Fluid,8%,Sour - Smoothie / Pastry,500ml,"€ 17,26 per litre"
Funky Fluid / Hidden Springs Twin Chicks,"€ 9,31",Poland,4.09,Funky Fluid,12%,Stout - Imperial / Double Pastry,500ml,"€ 18,62 per litre"
Triple Gelato: Mango Sticky Rice,"€ 7,16",Poland,4.04,Funky Fluid,7.5%,Sour - Smoothie / Pastry,500ml,"€ 14,32 per litre"
Funky Fluid / 450 North Gelato XTREME: Jungle Juice SLUSHY XXL,"€ 8,63",Poland,4.03,Funky Fluid,8%,Sour - Smoothie / Pastry,500ml,"€ 17,26 per litre"
Funky Fluid / Ruse Pink Mirror,"€ 6,37",Poland,3.93,Funky Fluid,8%,IPA - Imperial / Double New England / Hazy,500ml,"€ 12,74 per litre"
Funky Fluid / One Drop All Out King,"€ 7,16",Poland,3.91,Funky Fluid,8%,Sour - Smoothie / Pastry,500ml,"€ 14,32 per litre"
Gelato: Neon Blue,"€ 6,01",Poland,3.89,Funky Fluid,5.5%,Sour - Smoothie / Pastry,500ml,"€ 12,02 per litre"
Funky Fluid / Tired Hands Breaking Good,"€ 5,41",Poland,3.73,Funky Fluid,6.3%,IPA - American,500ml,"€ 10,82 per litre"
TDH Talus x Cascade IPA,"€ 7,39",Latvia,3.91,Ārpus Brewing Co.,6.5%,IPA - New England / Hazy,Can 440ml,"€ 16,80 per litre"
TDH Ella x Enigma IPA,"€ 7,39",Latvia,3.85,Ārpus Brewing Co.,6.5%,IPA - New England / Hazy,Can 440ml,"€ 16,80 per litre"
TDH Motueka x Riwaka x Galaxy DIPA,"€ 7,89",Latvia,3.84,Ārpus Brewing Co.,6.5%,IPA - New England / Hazy,Can 440ml,"€ 17,93 per litre"
Schneider Weisse Aventinus Eisbock,"€ 2,75",Germany,3.79,Schneider Weisse G. Schneider & Sohn,12%,Bock - Eisbock,Can 440ml,"€ 17,93 per litre"
Delirium Red - one-way-keg,"€ 166,90",Belgium,3.58,Delirium - Huyghe Brewery,8%,Fruit Beer,30000ml,"€ 5,56 per litre"
First Belgian Cherry,"€ 4,10",Hungary,3.50,FIRST Craft Beer,4.5%,Fruit Beer,Can 330ml,"€ 12,42 per litre"
Blueprint Enigma,"€ 6,99",Netherlands,4.13,Folkingebrew,8.5%,IPA - Imperial / Double New England / Hazy,Can 440ml,"€ 15,89 per litre"
Blueprint Galaxy,"€ 6,99",Netherlands,4.12,Folkingebrew,8.5%,IPA - Imperial / Double New England / Hazy,Can 440ml,"€ 15,89 per litre"
Cryo Overture,"€ 7,25",Netherlands,4.09,Folkingebrew,10%,IPA - Triple New England / Hazy,Can 440ml,"€ 16,48 per litre"
Juicebox,"€ 6,75",Netherlands,3.88,White Dog Brewery,5.4%,IPA - New England / Hazy,Can 440ml,"€ 15,34 per litre"
The Beast,"€ 4,99",Romania,3.72,Clandestin Beer,6%,IPA - New England / Hazy,500ml,"€ 9,98 per litre"
WILL IT FLOAT #9,"€ 7,50",Netherlands,3.29,White Dog Brewery,6%,Belgian Blonde,Can 440ml,"€ 17,05 per litre"
IPA Unplugged,"€ 3,20",Poland,3.58,Trzech Kumpli,0.5%,Non-Alcoholic - IPA,Bottle 500ml,"€ 6,40 per litre"
Cydr Ignaców,"€ 3,30",Poland,3.38,Cydr Ignaców,6%,Cider - Traditional / Apfelwein,Bottle 330ml,"€ 10,00 per litre"
Mütze,"€ 7,90",Germany,3.46,Brauerei Kundmüller,5.6%,Märzen,500ml,"€ 15,80 per litre"
"Herren Pils 0,33l","€ 1,00",Germany,3.44,Keesmann Bräu,4.8%,Pilsner - German,330ml,"€ 3,03 per litre"
Zwicklbier,"€ 1,90",Germany,3.43,Arcobräu Gräfliches Brauhaus,5.2%,Kellerbier / Zwickelbier,330ml,"€ 5,76 per litre"
Flaschlbier,"€ 1,90",Germany,3.43,Familienbrauerei Jacob,4.9%,Lager - Helles,330ml,"€ 5,76 per litre"
König Ludwig Dunkel,"€ 1,50",Germany,3.40,König Ludwig Schlossbrauerei Kaltenberg,5.1%,Lager - Munich Dunkel,330ml,"€ 4,55 per litre"
Urfass,"€ 1,90",Germany,3.24,Arcobräu Gräfliches Brauhaus,5.2%,Lager - Helles,330ml,"€ 5,76 per litre"
Binkert - Original,"€ 1,90",Germany,3.22,Brauhaus Binkert,4.9%,Pilsner - German,500ml,"€ 3,80 per litre"
Deya Starburst Galaxy,"€ 6,99",England,3.74,DEYA Brewing Company,4.5%,Pale Ale - American,500ml,"€ 13,98 per litre"
Squeeze Those Juicy Melons,"€ 7,99",Sweden,3.69,Fermenterarna,5.6%,Sour - Fruited,Can 440ml,"€ 18,16 per litre"
Blech.Brut Helles Classic,"€ 4,69",Germany,3.67,Blech.Brut 8 Bit,5%,Lager - Helles,Can 440ml,"€ 10,66 per litre"
Maisel & Friends West Coast IPA,"€ 2,29",Germany,3.63,Brauerei Gebr. Maisel,6.6%,IPA - American,330ml,"€ 6,94 per litre"
Rosemary Aranciata,"€ 6,49",Finland,3.55,CoolHead Brew,5%,Sour - Fruited,Can 440ml,"€ 14,75 per litre"
Helge,"€ 4,49",Estonia,3.55,Põhjala,5%,Gluten-Free,330ml,"€ 13,61 per litre"
Oude Lambiek - 1 Year Old,"€ 28,68",Belgium,3.68,Brouwerij Kestemont,6%,Lambic - Traditional,5000ml,"€ 5,74 per litre"
Seven Seas of Rye - Wild Turkey,"€ 8,25",Estonia,4.10,Anderson's Craft Beer,13.5%,Stout - Imperial / Double,330ml,"€ 25,00 per litre"
Seven Seas of Rye - Fiji Rum,"€ 8,25",Estonia,4.01,Anderson's Craft Beer,12%,Stout - Imperial / Double,330ml,"€ 25,00 per litre"
Heimdall,"€ 3,70",Netherlands,3.80,Walhalla Brouwerij & Proeflokaal,8.5%,Bock - Doppelbock,330ml,"€ 11,21 per litre"
Hazy Reindeer,"€ 3,80",Estonia,3.76,Anderson's Craft Beer,7.9%,IPA - New England / Hazy,330ml,"€ 11,52 per litre"
Apfelstrudel Doppelbock,"€ 4,15",Netherlands,3.62,Uiltje Brewing Company,11%,Bock - Doppelbock,330ml,"€ 12,58 per litre"
Chouffe Bok 6666,"€ 2,40",Belgium,3.48,Brasserie d'Achouffe,6.66%,Bock - Single / Traditional,330ml,"€ 7,27 per litre"
Bar & Bok,"€ 2,95",Netherlands,3.45,Brouwerij de Molen,6.2%,Bock - Single / Traditional,330ml,"€ 8,94 per litre"
4-Granen Bok,"€ 3,05",Netherlands,3.39,Jopen,6.5%,Bock - Single / Traditional,330ml,"€ 9,24 per litre"
I Don't give a Sip,"€ 3,10",Estonia,3.36,Anderson's Craft Beer,6.1%,Pumpkin / Yam Beer,330ml,"€ 9,39 per litre"
Madeleine,"€ 3,50",Netherlands,3.34,Oedipus Brewing,6%,Bock - Single / Traditional,330ml,"€ 10,61 per litre"
Last raspberry in Paris,"€ 3,70",Estonia,3.25,Anderson's Craft Beer,6.2%,Fruit Beer,330ml,"€ 11,21 per litre"
Anderson's X (10th Anniversary),"€ 11,90",United States,?,Anderson Valley Brewing Company,12.3%,IPA - Imperial / Double,330ml,"€ 36,06 per litre"
Kellerbier,"€ 3,20",Germany,3.68,Brauerei Greifenklau,4.9%,Kellerbier / Zwickelbier,500ml,"€ 6,40 per litre"
Andechser Hell Lager,"€ 3,05",Germany,3.56,Klosterbrauerei Andechs,4.8%,Lager - Helles,500ml,"€ 6,10 per litre"
Märzen,"€ 3,25",Germany,3.48,"Schlenkerla (""Heller-Bräu"" Trum)",5.1%,Rauchbier,500ml,"€ 6,50 per litre"
Märzen,"€ 2,60",Germany,3.47,Badische Staatsbrauerei Rothaus,5.6%,Märzen,500ml,"€ 5,20 per litre"
Retrograde IPA,"€ 8,40",Sweden,4.04,Apex Brewing Company,6.5%,IPA - New England / Hazy,Can 440ml,"€ 19,09 per litre"
Fresh Pulp IPA,"€ 7,30",England,3.83,Buxton Brewery,6%,IPA - New England / Hazy,Can 440ml,"€ 16,59 per litre"
Banana Foster Pancake Stack Imperial Stout,"€ 8,90",England,3.58,Buxton Brewery,9.7%,Stout - Imperial / Double Pastry,Can 440ml,"€ 20,23 per litre"
Kringlor 2024,"€ 6,85",Netherlands,4.05,Brouwerij Halve Tamme,13.8%,Stout - Imperial / Double Coffee,Bottle 375ml,"€ 18,27 per litre"
The Castle (Strata),"€ 15,00",United States,4.20,Root + Branch Brewing,5.5%,Pale Ale - New England / Hazy,473ml,"€ 31,71 per litre"
Strike Gently,"€ 14,00",United States,4.03,Root + Branch Brewing,6.5%,IPA - American,473ml,"€ 31,71 per litre"
Zuiderzee Bier Schuimend Wit,"€ 3,50",Netherlands,3.38,Zuiderzeebier,4.8%,Wheat Beer - Witbier / Blanche,473ml,"€ 31,71 per litre"
Extra Tall Kiwi,"€ 10,99",United States,4.24,Other Half Brewing Co.,8.5%,IPA - Imperial / Double New England / Hazy,Can 470ml,"€ 23,38 per litre"
Comfort Hops,"€ 10,99",United States,4.19,Other Half Brewing Co.,8.5%,IPA - Imperial / Double New England / Hazy,Can 470ml,"€ 23,38 per litre"
Horror Vacui,"€ 26,99",Hungary,4.16,Mad Scientist,11.3%,Stout - Imperial / Double,500ml,"€ 53,98 per litre"
Carpe Noctem (2024),"€ 7,40",Germany,4.03,Sudden Death Brewing Co.,7.9%,IPA - Imperial / Double,Can 440ml,"€ 16,82 per litre"
Somewhere In Texas...,"€ 7,70",Germany,4.02,Sudden Death Brewing Co.,5.5%,Sour - Fruited,Can 440ml,"€ 17,50 per litre"
Haze From the Crypt: Hell Champion,"€ 7,30",Germany,4.02,Sudden Death Brewing Co.,6.8%,IPA - New England / Hazy,Can 440ml,"€ 16,59 per litre"
Orange O,"€ 5,50",Hungary,3.84,Mead Scientist,6.6%,Mead - Braggot,330ml,"€ 16,67 per litre"
MERCÈ,"€ 4,20",Spain,3.80,Garage Beer Co.,5%,IPA - New England / Hazy,330ml,"€ 12,73 per litre"
Bounty Mountie,"€ 3,70",Netherlands,3.23,Gallivant,6%,Bock - Single / Traditional,330ml,"€ 11,21 per litre"
Fuerst Wiacek Smooth Mover DDH IPA (),"€ 6,99",Germany,4.14,FUERST WIACEK,6.8%,IPA - New England / Hazy,Can 440ml,"€ 15,89 per litre"
Oma Lene Lebkuchen Ale,"€ 4,19",Germany,3.31,Mashsee Brauerei,6.6%,Winter Ale,330ml,"€ 12,70 per litre"
Kiloknaller,"€ 3,95",Netherlands,3.66,100 Watt Brewery,9%,IPA - Triple,330ml,"€ 11,97 per litre"
Caramel Fudge Stout Bourbon,"€ 5,15",Netherlands,4.02,Brouwerij Kees,11.5%,Stout - Imperial / Double,330ml,"€ 15,61 per litre"
Caramel Fudge Stout Het Anker,"€ 5,15",Netherlands,4.00,Brouwerij Kees,11.5%,Stout - Imperial / Double Pastry,330ml,"€ 15,61 per litre"
Raspberry Beeret,"€ 4,10",Netherlands,3.48,Jopen,8%,Stout - Other,330ml,"€ 12,42 per litre"
Anderson X,"€ 11,00",Estonia,4.21,Anderson's Craft Beer,12.3%,Stout - Imperial / Double,330ml,"€ 33,33 per litre"
Seven Seas of Rye Wild Turkey BA,"€ 8,10",Estonia,4.10,Anderson's Craft Beer,13.5%,Stout - Imperial / Double,330ml,"€ 24,55 per litre"
Seven Seas of Rye Fiji Rum BA,"€ 8,10",Estonia,4.01,Anderson's Craft Beer,12%,Stout - Imperial / Double,330ml,"€ 24,55 per litre"
Dance Rave Dance,"€ 3,43",Belgium,3.55,Brasserie Surréaliste,4.5%,IPA - Session,330ml,"€ 10,39 per litre"
Vinohradská 12,"€ 6,20",Czech Republic,3.70,Vinohradský pivovar,4.8%,Pilsner - Czech / Bohemian,Can 500ml,"€ 12,40 per litre"
Marble - Lagonda IPA,"€ 6,00",England,3.68,Marble Beers Ltd,5%,Pale Ale - English,Can 500ml,"€ 12,00 per litre"
Vinohradská 11,"€ 5,90",Czech Republic,3.53,Vinohradský pivovar,4.5%,Pilsner - Czech / Bohemian,Can 500ml,"€ 11,80 per litre"
Jantarová 13,"€ 6,60",Czech Republic,3.52,Vinohradský pivovar,4.9%,Lager - Polotmavé (Czech Amber),Can 500ml,"€ 13,20 per litre"
Taras Boulba,"€ 4,40",Belgium,3.35,Brasserie de la Senne,4.5%,Belgian Blonde,Bottle 330ml,"€ 13,33 per litre"
All Out,"€ 3,20",United States,3.33,Athletic Brewing Company,0.5%,Non-Alcoholic - Porter / Stout,Can 355ml,"€ 9,01 per litre"
All Citra Everything,"€ 10,99",United States,4.36,Other Half Brewing Co.,8.5%,IPA - Imperial / Double New England / Hazy,473ml,"€ 23,23 per litre"
lACEd In Space,"€ 11,49",United States,4.29,Other Half Brewing Co.,8%,IPA - Imperial / Double New England / Hazy,473ml,"€ 24,29 per litre"
Broccoli,"€ 10,79",United States,4.26,Other Half Brewing Co.,7.9%,IPA - Imperial / Double,473ml,"€ 22,81 per litre"
Green Power,"€ 11,49",United States,4.25,Other Half Brewing Co.,8%,IPA - Imperial / Double New England / Hazy,473ml,"€ 24,29 per litre"
Extra Tall Kiwi,"€ 11,49",United States,4.24,Other Half Brewing Co.,8.5%,IPA - Imperial / Double New England / Hazy,473ml,"€ 24,29 per litre"
Knockout Juice,"€ 11,49",United States,4.20,Other Half Brewing Co.,8%,IPA - Imperial / Double New England / Hazy,473ml,"€ 24,29 per litre"
Comfort Hops,"€ 11,49",United States,4.19,Other Half Brewing Co.,8.5%,IPA - Imperial / Double New England / Hazy,473ml,"€ 24,29 per litre"
47th Street,"€ 11,49",United States,4.16,Other Half Brewing Co.,8%,IPA - Imperial / Double New England / Hazy,473ml,"€ 24,29 per litre"
Green City,"€ 9,49",United States,4.15,Other Half Brewing Co.,7%,IPA - New England / Hazy,473ml,"€ 20,06 per litre"
Modus Mosaic,"€ 4,40",England,3.57,Marble Beers Ltd,3.4%,Pale Ale - American,Can 500ml,"€ 8,80 per litre"
Brusseleir,"€ 6,50",Belgium,3.48,Brasserie de la Senne,8%,IPA - Black / Cascadian Dark Ale,Bottle 330ml,"€ 19,70 per litre"
Petit Boulba,"€ 3,80",Belgium,3.46,Brasserie de la Senne,2.8%,Table Beer,Bottle 330ml,"€ 11,52 per litre"
Stouterik,"€ 4,80",Belgium,3.37,Brasserie de la Senne,5%,Stout - Belgian,Bottle 330ml,"€ 14,55 per litre"
Major Leagues,"€ 4,40",England,3.33,Marble Beers Ltd,5.1%,Brown Ale - American,Can 500ml,"€ 8,80 per litre"
Aardbei Seizoen 22|23,"€ 30,95",Belgium,4.47,Brouwerij 3 Fonteinen,6%,Lambic - Fruit,Bottle 750ml,"€ 41,27 per litre"
Oude Kriek no. 118 21|22,"€ 11,95",Belgium,4.27,Brouwerij 3 Fonteinen,6.8%,Lambic - Kriek,Bottle 375ml,"€ 31,87 per litre"
Oude Geuze No.10  22|23,"€ 8,95",Belgium,4.15,Brouwerij 3 Fonteinen,6.5%,Lambic - Gueuze,Bottle 375ml,"€ 23,87 per litre"
Mystery Gem  BA Black Currant,"€ 6,25",Netherlands,3.69,100 Watt Brewery,8.5%,Blonde / Golden Ale - Other,330ml,"€ 18,94 per litre"
Lobikatra IPA,"€ 5,10",Slovenia,3.62,Lobik,6.5%,IPA - American,Can 330ml,"€ 15,45 per litre"
Et Tu Brööte? IPA,"€ 5,00",Slovenia,3.56,Lobik,7%,IPA - American,Can 330ml,"€ 15,15 per litre"
Are You Not Entertained? NEIPA,"€ 4,90",Slovenia,3.54,Lobik,6.5%,IPA - New England / Hazy,Can 330ml,"€ 14,85 per litre"
Nectaron,"€ 5,80",Netherlands,3.95,Brouwerij LOST,6.8%,IPA - New England / Hazy,500ml,"€ 11,60 per litre"
Dopamine,"€ 5,75",Netherlands,4.04,Brouwerij LOST,8%,IPA - Imperial / Double New England / Hazy,500ml,"€ 11,50 per litre"
Space Age,"€ 6,50",England,3.67,Phantom Brewing Co.,5.5%,IPA - Red,Can 440ml,"€ 14,77 per litre"
Casualty of Society,"€ 9,40",Scotland,4.20,Vault City Brewing,12%,Stout - Imperial / Double Pastry,Can 330ml,"€ 28,48 per litre"
A Walking Study in Demonology,"€ 9,10",England,4.10,Low Key Barrel Project,12.4%,Barleywine - American,Can 330ml,"€ 27,58 per litre"
Hoptimum 2024 Appearance Triple IPA,"€ 4,25",United States,4.02,Sierra Nevada Brewing Co.,11%,IPA - Triple,355ml,"€ 11,97 per litre"
Autumn Berry Maple Swirl,"€ 7,10",Scotland,3.99,Vault City Brewing,5%,Sour - Smoothie / Pastry,Can 440ml,"€ 16,14 per litre"
Summa Rich Strong Ale,"€ 5,10",Netherlands,3.76,Van Moll,10.5%,Strong Ale - Other,Can 330ml,"€ 15,45 per litre"
Lanterne,"€ 3,41",Belgium,3.60,Brasserie Minne/ L'Ermitage,5.5%,Pale Ale - American,330ml,"€ 10,33 per litre"
Nothing Bound - South Acre - Pale Ale,"€ 6,60",England,3.93,Nothing Bound Brewing Co,5.2%,Pale Ale - New England / Hazy,500ml,"€ 13,20 per litre"
Weekend Project - Meadows - DDH Pale,"€ 6,60",England,3.92,Weekend Project,5.4%,Pale Ale - New England / Hazy,500ml,"€ 13,20 per litre"
Neon Raptor x MakeMake - Blood of the Past - Fruited Sour IPA,"€ 9,00",England,3.79,Neon Raptor Brewing Co.,7.2%,IPA - Fruited,Can 440ml,"€ 20,45 per litre"
Yonder - Rocky Road - Pastry Stout,"€ 7,20",England,3.76,Yonder Brewing & Blending,5%,Stout - Pastry,Can 440ml,"€ 16,36 per litre"
Oak Aged Dubbel Bock,"€ 3,60",Netherlands,3.51,Berging Brouwerij,6.5%,Bock - Doppelbock,330ml,"€ 10,91 per litre"
Hellehond Tripel,"€ 3,50",Netherlands,3.50,Brouwerij de Smokkelaar,7.6%,Belgian Tripel,330ml,"€ 10,61 per litre"
De Smokkelaar Smokkelbok,"€ 3,60",Netherlands,3.48,Brouwerij de Smokkelaar,7%,Bock - Single / Traditional,330ml,"€ 10,91 per litre"
B3 Drie Granen Tripel,"€ 3,30",Netherlands,3.46,Berging Brouwerij,8.4%,Belgian Tripel,330ml,"€ 10,00 per litre"
Devil's Fruit,"€ 2,25",Netherlands,3.34,Stadshaven Brouwerij,3.8%,Fruit Beer,330ml,"€ 6,82 per litre"
Sailors' Lager,"€ 1,95",Netherlands,3.30,Stadshaven Brouwerij,4.9%,Lager - Other,330ml,"€ 5,91 per litre"
Redhead Ale,"€ 2,30",Netherlands,3.25,Stadshaven Brouwerij,5.8%,Red Ale - Other,330ml,"€ 6,97 per litre"
Moray IPA 0.4,"€ 2,25",Netherlands,3.25,Stadshaven Brouwerij,0.4%,Alcoholarm,330ml,"€ 6,82 per litre"
Octopus Blond 0.4,"€ 2,25",Netherlands,3.25,Stadshaven Brouwerij,6%,Alcoholarm,330ml,"€ 6,82 per litre"
Sintermerte Herfstbok,"€ 3,70",Netherlands,3.41,Brouwerij De Klep,6.5%,Bock - Single / Traditional,330ml,"€ 11,21 per litre"
Grand Prestige Kruikje,"€ 6,75",Netherlands,3.81,Hertog Jan,10%,Barleywine - Other,330ml,"€ 11,21 per litre"
Bon Chef,"€ 3,90",Netherlands,3.62,Two Chefs Brewing,5%,IPA - New England / Hazy,330ml,"€ 11,82 per litre"
Plain Dark Beer,"€ 11,20",Scotland,4.06,Newbarns Brewery,11%,Stout - Foreign / Export,Can 330ml,"€ 33,94 per litre"
Festival Bier,"€ 5,70",Scotland,3.64,Newbarns Brewery,5.6%,Festbier,Can 440ml,"€ 12,95 per litre"
Assassin 2021,"€ 279,95",United States,4.66,Toppling Goliath Brewing Co.,13.6%,Stout - Imperial / Double,Can 440ml,"€ 12,95 per litre"
Augustiner Weissbier,"€ 4,70",Germany,3.67,Augustiner-Bräu München,5.4%,Wheat Beer - Hefeweizen,500ml,"€ 9,40 per litre"
Grand Prestige,"€ 2,05",Netherlands,3.81,Hertog Jan,10%,Barleywine - Other,Bottle 300ml,"€ 6,83 per litre"
Orval Trappist,"€ 2,80",Belgium,3.68,Brasserie d'Orval,6.2%,Pale Ale - Belgian,330ml,"€ 8,48 per litre"
Kapittel Tripel Abt,"€ 2,15",Belgium,3.53,Leroy Breweries,10%,Belgian Tripel,330ml,"€ 6,52 per litre"
De Weldoener Blond,"€ 3,10",Netherlands,3.47,Brouwerij Maallust,6.5%,Blonde / Golden Ale - Other,300ml,"€ 10,33 per litre"
Veldensteiner Pils,"€ 1,60",Germany,2.97,Kaiser Bräu,4.9%,Pilsner - German,330ml,"€ 4,85 per litre"
All Formats: Idaho 7,"€ 7,20",England,3.82,Wylam,5.2%,Pale Ale - American,Can 440ml,"€ 16,36 per litre"
Newbarns / Left Handed Giant - American Pilsner,"€ 5,90",Scotland,3.63,Newbarns Brewery,5%,Pilsner - Other,Can 440ml,"€ 13,41 per litre"
Rivington / Celestial - Trick My Wisdom,"€ 9,00",England,3.58,Rivington Brewing Co,6.5%,Sour - Fruited,Can 500ml,"€ 18,00 per litre"
Struck Me Down,"€ 6,80",England,3.53,Rivington Brewing Co,4.6%,Farmhouse Ale - Other,Can 500ml,"€ 13,60 per litre"
Brain Stew,"€ 5,90",England,3.48,Mash Gang,0.5%,Non-Alcoholic - IPA,Can 440ml,"€ 13,41 per litre"
Swirl,"€ 4,50",Netherlands,4.02,ROTT. Brouwers,10.5%,Stout - Imperial / Double Pastry,330ml,"€ 13,64 per litre"
Demon Head,"€ 4,99",Belgium,3.72,La Source Beer Co.,6.3%,IPA - Black / Cascadian Dark Ale,Can 330ml,"€ 15,12 per litre"
Taupe,"€ 4,99",Belgium,3.52,La Source Beer Co.,6%,Porter - Other,Can 330ml,"€ 15,12 per litre"
Kemker Aoltbeer 2022-05 - Sloeberries,"€ 25,13",Germany,4.07,Kemker Kultuur (Brauerei J. Kemker),6%,Wild Ale - Other,Bottle 750ml,"€ 33,51 per litre"
Kemker Appel Wien 2022-02 - Apple and Dornfelder Grapes,"€ 19,97",Germany,4.05,Kemker Kultuur (Brauerei J. Kemker),6%,Cider - Other Fruit,Bottle 750ml,"€ 33,51 per litre"
Kemker Aoltbeer 2023-01,"€ 19,71",Germany,3.90,Kemker Kultuur (Brauerei J. Kemker),6%,Sour - Other,Bottle 750ml,"€ 33,51 per litre"
Kemker Aoltbeer 2023-02 - Fliärblome,"€ 23,31",Germany,3.90,Kemker Kultuur (Brauerei J. Kemker),6%,Sour - Other,Bottle 750ml,"€ 33,51 per litre"
Kemker Rosa,"€ 15,91",Germany,3.84,Kemker Kultuur (Brauerei J. Kemker),5.5%,Farmhouse Ale - Other,Bottle 750ml,"€ 33,51 per litre"
"Kemker Lust 2022-01 - Apples, Quince and Aronia","€ 19,95",Germany,3.82,Kemker Kultuur (Brauerei J. Kemker),6%,Cider - Other Fruit,Bottle 750ml,"€ 33,51 per litre"
Zichovec Krahulik 12,"€ 4,49",Czech Republic,3.49,Rodinný Pivovar Zichovec,5.1%,Pilsner - Czech / Bohemian,500ml,"€ 8,98 per litre"
Fifty Fifty,"€ 13,75",Netherlands,3.46,Big Belly Brewing Company,9.5%,Blonde / Golden Ale - Other,Bottle 375ml,"€ 36,67 per litre"
7 Days Of Tuesdays Box 2022,"€ 350,00",United States,4.30,The Bruery,18.5%,Stout - Imperial / Double,Bottle 375ml,"€ 933,33 per litre"
Sour Series - Cherries on Acid,"€ 4,35",Hungary,3.50,HORIZONT Brewing,5.4%,Sour - Flanders Red Ale,Can 440ml,"€ 9,89 per litre"
Twin Chicks,"€ 9,90",Poland,4.09,Funky Fluid,12%,Stout - Imperial / Double Pastry,500ml,"€ 19,80 per litre"
Iron Sky,"€ 9,90",Scotland,3.99,Overtone Brewing Co,10%,IPA - Triple New England / Hazy,Can 440ml,"€ 22,50 per litre"
Pink Mirror,"€ 7,40",Poland,3.93,Funky Fluid,8%,IPA - Imperial / Double New England / Hazy,500ml,"€ 14,80 per litre"
Slice of Life,"€ 6,60",Poland,3.86,Funky Fluid,6.5%,IPA - New England / Hazy,500ml,"€ 13,20 per litre"
Driving South,"€ 7,90",Scotland,3.85,Overtone Brewing Co,6%,IPA - New Zealand,Can 440ml,"€ 17,95 per litre"
Rook & Rogge,"€ 3,90",Netherlands,3.58,Brouwerij de Molen,7.5%,IPA - Rye,330ml,"€ 11,82 per litre"
Fire & Ball,"€ 3,90",Netherlands,3.37,Brouwerij de Molen,7.5%,IPA - New England / Hazy,330ml,"€ 11,82 per litre"
Goed Huwelijk American IPA,"€ 3,50",Netherlands,3.53,Brouwerij Allema,7.4%,IPA - American,330ml,"€ 10,61 per litre"
Suikeroom,"€ 4,50",Netherlands,3.41,Brouwerij Allema,7%,IPA - New England / Hazy,330ml,"€ 13,64 per litre"
Goed Huwelijk Session IPA,"€ 3,00",Netherlands,3.11,Brouwerij Allema,3.8%,IPA - Session,330ml,"€ 9,09 per litre"
Blocks of Light,"€ 6,79",United States,4.04,Outer Range Brewing Co.,6.2%,IPA - New England / Hazy,Can 440ml,"€ 15,43 per litre"
Caramel Fudge Stout Het Anker,"€ 5,49",Netherlands,4.00,Brouwerij Kees,11.5%,Stout - Imperial / Double Pastry,330ml,"€ 16,64 per litre"
Destroying Fine Arts,"€ 6,99",France,3.99,Prizm Brewing Co.,8%,IPA - Imperial / Double,Can 440ml,"€ 15,89 per litre"
Midnight Giggle,"€ 4,79",Estonia,3.93,Pühaste Brewery,6%,Sour - Fruited Gose,330ml,"€ 14,52 per litre"
Caramel Fudge Stout Appelstroop,"€ 4,79",Netherlands,3.88,Brouwerij Kees,11.5%,Stout - Imperial / Double,330ml,"€ 14,52 per litre"
For the Love of Hops 'Indigo',"€ 6,99",Netherlands,3.80,Brouwerij Frontaal,9.5%,IPA - Triple,Can 440ml,"€ 15,89 per litre"
Calvados Edition 2024 Quadruple,"€ 9,90",Netherlands,3.84,Brouwerij de Molen,12%,Belgian Quadrupel,330ml,"€ 30,00 per litre"
Evolved Saint Georges Pale Sour,"€ 14,90",Belgium,3.82,Brouwerij Rodenbach,6.7%,Sour - Other,Bottle 750ml,"€ 19,87 per litre"
Zoet & Hout Peated Porter,"€ 4,90",Netherlands,3.55,Brouwerij de Molen,8%,Porter - Smoked,330ml,"€ 14,85 per litre"
Summerstorm Backyard BBQ - IPL,"€ 5,90",Netherlands,3.52,Uiltje Brewing Company,5.5%,Lager - IPL (India Pale Lager),Can 440ml,"€ 13,41 per litre"
Weihnacht,"€ 0,90",Germany,3.12,Herforder Brauerei,5.8%,Festbier,330ml,"€ 2,73 per litre"
Roman Rendez-Brew Grape Ale,"€ 4,90",Netherlands,3.10,Uiltje Brewing Company,5.9%,Grape Ale - Other,330ml,"€ 14,85 per litre"
Wildwuchs Bock O'range BIO,"€ 3,99",Germany,3.49,Wildwuchs Brauwerk Hamburg,7.9%,Bock - Doppelbock,330ml,"€ 12,09 per litre"
Wildwuchs Fastmoker Pils BIO,"€ 3,29",Germany,3.34,Wildwuchs Brauwerk Hamburg,4.9%,Pilsner - Other,330ml,"€ 9,97 per litre"
Wildwuchs Wachmoker Speicherstadt Kaffee Ale BIO,"€ 4,19",Germany,3.25,Wildwuchs Brauwerk Hamburg,4.9%,Brown Ale - Other,330ml,"€ 12,70 per litre"
Wildwuchs Altkanzler Rauchbier BIO,"€ 3,29",Germany,3.21,Wildwuchs Brauwerk Hamburg,5.1%,Rauchbier,330ml,"€ 9,97 per litre"
Comme Un Nouveau Soleil,"€ 7,99",France,4.17,Fauve,8.2%,IPA - Imperial / Double New England / Hazy,Can 440ml,"€ 18,16 per litre"
Les Yeux du Crocodile,"€ 6,99",France,3.99,Fauve,7%,IPA - New England / Hazy,Can 440ml,"€ 15,89 per litre"
Duvel Tripel Hop Cashmere,"€ 3,10",Belgium,3.61,Duvel Moortgat,9.5%,IPA - Belgian,330ml,"€ 9,39 per litre"
Raspberry Beeret,"€ 3,60",Netherlands,3.48,Jopen,7.8%,Stout - Other,330ml,"€ 10,91 per litre"
Lang Zal Die Leven,"€ 3,50",Netherlands,3.37,Hert Bier,7.2%,Pale Ale - Belgian,330ml,"€ 10,61 per litre"
Lightweaver,"€ 6,50",Spain,3.72,La Calavera,6.5%,Farmhouse Ale - Saison,Bottle 375ml,"€ 17,33 per litre"
Baltic Porter Day 2024,"€ 4,65",Estonia,4.04,Põhjala,10%,Porter - Imperial / Double Baltic,330ml,"€ 14,09 per litre"
Westvleteren 12,"€ 9,95",Belgium,4.48,Brouwerij De Sint-Sixtusabdij van Westvleteren,10.2%,Belgian Quadrupel,330ml,"€ 30,15 per litre"
Westvleteren Blond,"€ 9,95",Belgium,4.01,Brouwerij De Sint-Sixtusabdij van Westvleteren,5.8%,Belgian Blonde,330ml,"€ 30,15 per litre"
Herfstbock,"€ 3,85",Netherlands,3.49,Brouwerij 't Smakt,7.1%,Bock - Single / Traditional,330ml,"€ 11,67 per litre"
La Trappe Bockbier,"€ 2,25",Netherlands,3.52,Bierbrouwerij De Koningshoeven,7%,Bock - Single / Traditional,330ml,"€ 6,82 per litre"
Gouden Carolus Indulgence Margaretha,"€ 13,95",Belgium,3.54,Brouwerij Het Anker,8.5%,Belgian Strong Dark Ale,Bottle 750ml,"€ 18,60 per litre"
Schofferhofer Grapefruit,"€ 2,50",Germany,3.58,Radeberger Gruppe,2.5%,Shandy / Radler,330ml,"€ 7,58 per litre"
Reise X Schiling Brewing,"€ 4,20",England,3.85,Track Brewing Company,5.6%,Lager - Munich Dunkel,Can 440ml,"€ 9,55 per litre"
Haze From the Crypt: Hell Champion,"€ 7,00",Germany,4.02,Sudden Death Brewing Co.,6.5%,IPA - New England / Hazy,Can 440ml,"€ 15,91 per litre"
Ghost on the Highway X Two Flints X Pretty Decent Beer,"€ 6,60",England,3.96,Northern Monk,6.5%,IPA - New England / Hazy,Can 440ml,"€ 15,00 per litre"
Saison Dupont,"€ 2,95",Belgium,3.68,Brasserie Dupont,6.5%,Farmhouse Ale - Saison,330ml,"€ 8,94 per litre"
Mahrs Bräu Helles,"€ 2,29",Germany,3.52,Mahr's Bräu,4.9%,Lager - Helles,500ml,"€ 4,58 per litre"
Sencha,"€ 4,10",Romania,3.71,Hop Hooligans,5%,Spiced / Herbed Beer,Can 500ml,"€ 8,20 per litre"
Spinneret,"€ 5,90",England,3.71,Pressure Drop Brewing,4.6%,Stout - English,Can 440ml,"€ 13,41 per litre"
Wallbanger,"€ 5,90",England,3.46,Pressure Drop Brewing,4.7%,Wheat Beer - Witbier / Blanche,Can 440ml,"€ 13,41 per litre"
HepcAF,"€ 3,30",England,3.25,The Gipsy Hill Brewing Co.,0.5%,Non-Alcoholic - IPA,Can 330ml,"€ 10,00 per litre"
Julestemning,"€ 20,95",Norway,3.76,7 Fjell Bryggeri,8%,Stout - Coffee,Bottle 750ml,"€ 27,93 per litre"
Naka,"€ 5,30",Belgium,3.77,Brouwerij Alvinne,5.5%,Sour - Other,Bottle 330ml,"€ 16,06 per litre"
Black Beauty Cherries&Coffee,"€ 4,20",Poland,3.73,Magic Road,6%,Sour - Smoothie / Pastry,Can 500ml,"€ 8,40 per litre"
Sun & Fun Wild Pilsner,"€ 4,20",Belgium,3.61,Brouwerij Alvinne,5.3%,Pilsner - Other,Bottle 330ml,"€ 12,73 per litre"
Hegemon,"€ 3,20",Poland,3.49,Magic Road,4.4%,Pilsner - Other,Can 500ml,"€ 6,40 per litre"
Bloesem Van De Westhoek,"€ 3,10",Belgium,?,Brouwerij Westkwartier,7%,Belgian Blonde,Can 500ml,"€ 6,40 per litre"
Kasteel Rubus Framboise,"€ 2,40",Belgium,3.57,Kasteel Brouwerij Vanhonsebrouck,7%,Fruit Beer,Can 500ml,"€ 6,40 per litre"
La Vermontoise – Hill Farmstead Collab,"€ 9,75",Belgium,3.80,Brasserie de Blaugies/ Hill Farmstead Brewery,6%,Farmhouse Ale - Saison,Bottle 750ml,"€ 13,00 per litre"
Rauchbock,"€ 2,60",Brazil,3.50,Bamberg Bier/ Brauerei Kundmüller,7%,Rauchbier,500ml,"€ 5,20 per litre"
Rauchbier,"€ 1,90",Germany,3.39,Brauerei Kundmüller,5.3%,Rauchbier,500ml,"€ 3,80 per litre"
De Moersleutel Cinnamon Bun Plasterer,"€ 7,20",Netherlands,4.06,Moersleutel Craft Brewery,12%,Stout - Pastry,Can 440ml,"€ 16,36 per litre"
De Moersleutel 4 Elements: Wind,"€ 6,50",Netherlands,3.97,Moersleutel Craft Brewery,12%,Barleywine - Other,Can 440ml,"€ 14,77 per litre"
De Moersleutel Hazy Nebula,"€ 5,20",Netherlands,3.73,Moersleutel Craft Brewery,6%,IPA - New England / Hazy,Can 440ml,"€ 11,82 per litre"
De Moersleutel Remblock,"€ 4,65",Netherlands,3.48,Moersleutel Craft Brewery,6.5%,Bock - Single / Traditional,Can 440ml,"€ 10,57 per litre"
Zillertal Schwarzes,"€ 2,10",Austria,3.33,Zillertal Bier,5.2%,Schwarzbier,330ml,"€ 6,36 per litre"
Overtone x Cloudwater - Iron Sky - TIPA,"€ 10,80",Scotland,3.99,Overtone Brewing Co,10%,IPA - Triple New England / Hazy,Can 440ml,"€ 24,55 per litre"
Val-Dieu Grand Cru,"€ 3,95",Belgium,3.78,Brasserie de l'Abbaye du Val-Dieu,10.5%,Belgian Quadrupel,330ml,"€ 11,97 per litre"
Val-Dieu Triple,"€ 3,95",Belgium,3.67,Brasserie de l'Abbaye du Val-Dieu,9%,Belgian Tripel,330ml,"€ 11,97 per litre"
Val-Dieu Brune,"€ 3,50",Belgium,3.50,Brasserie de l'Abbaye du Val-Dieu,8%,Belgian Dubbel,330ml,"€ 10,61 per litre"
Blonde,"€ 2,50",Belgium,3.45,Brasserie de l'Abbaye du Val-Dieu,6%,Belgian Blonde,330ml,"€ 10,61 per litre"
Ruig Russian Imperial Stout,"€ 4,99",Netherlands,3.64,Brouwerij Heft,11.5%,Stout - Russian Imperial,330ml,"€ 15,12 per litre"
Trots Tripel,"€ 3,49",Netherlands,3.61,Brouwerij Heft,9%,Belgian Tripel,330ml,"€ 10,58 per litre"
Attent Alt,"€ 2,99",Netherlands,3.39,Brouwerij Heft,4.9%,Altbier - Traditional,330ml,"€ 9,06 per litre"
Night Shift 2024 Bourbon Choco Coffee RIS,"€ 10,47",Hungary,4.27,HORIZONT Brewing,11.2%,Stout - Imperial / Double Coffee,330ml,"€ 31,73 per litre"
Night Shift 2024 Tennessee RIS,"€ 9,45",Hungary,4.18,HORIZONT Brewing,11.3%,Stout - Russian Imperial,330ml,"€ 28,64 per litre"
Bokkienator Dubbelbock,"€ 3,10",Netherlands,3.46,BE+ER,8%,Bock - Doppelbock,330ml,"€ 9,39 per litre"
Bokkienator Dubbelbock,"€ 7,75",Netherlands,3.46,BE+ER,8%,Bock - Doppelbock,Bottle 750ml,"€ 10,33 per litre"
Eigenzinnige Herfstbok,"€ 3,10",Netherlands,3.44,BE+ER,6.5%,Bock - Single / Traditional,330ml,"€ 9,39 per litre"
Eigenzinnige Herfstbok,"€ 7,75",Netherlands,3.44,BE+ER,6.5%,Bock - Single / Traditional,Bottle 750ml,"€ 10,33 per litre"
Papa Quadrupel,"€ 9,49",Belgium,3.79,Brouwerij Van Steenberge,10.5%,Belgian Quadrupel,Bottle 750ml,"€ 12,65 per litre"
Schorschweizen,"€ 7,09",Germany,3.09,Schorschbräu,13%,Bock - Weizenbock,330ml,"€ 21,48 per litre"
Fuerst Wiacek Smooth Mover,"€ 6,99",Germany,4.01,FUERST WIACEK,6.8%,IPA - New England / Hazy,Can 440ml,"€ 15,89 per litre"
Traeblod,"€ 11,95",United States,4.09,Mikkeller Brewing San Diego,12%,Stout - Imperial / Double,473ml,"€ 25,26 per litre"
Tårt-Kaggen!,"€ 16,50",Sweden,4.20,Omnipollo,13%,Porter - Imperial / Double,330ml,"€ 50,00 per litre"
Descenes (August 2024 / Batch 2),"€ 14,95",United States,4.37,Root + Branch Brewing,6.5%,IPA - New England / Hazy,473ml,"€ 31,61 per litre"
A Thousand Plateaus (July 2024 / Batch 3),"€ 14,95",United States,4.35,Root + Branch Brewing,8.5%,IPA - Imperial / Double New England / Hazy,473ml,"€ 31,61 per litre"
Bianca 3 Scoops Strawberry Passion Fruit Mango Lassi Gose,"€ 16,50",Sweden,4.21,Omnipollo,6%,Sour - Fruited Gose,Can 440ml,"€ 37,50 per litre"
Fatamorgana X,"€ 9,75",Sweden,4.17,Omnipollo,8%,IPA - Imperial / Double,Can 440ml,"€ 22,16 per litre"
Mountains,"€ 8,75",Sweden,4.13,Stigbergets Bryggeri,13%,Stout - Imperial / Double Coffee,Can 440ml,"€ 19,89 per litre"
Pils,"€ 2,00",Germany,3.42,Brauerei Wagner Merkendorf,4.9%,Pilsner - German,500ml,"€ 4,00 per litre"
Super Sap,"€ 16,95",United States,4.34,Tree House Brewing Company,7.9%,IPA - Imperial / Double,500ml,"€ 4,00 per litre"
"Mango, Pineapple, Passion Fruit Vanilla Ice Cream","€ 10,25",Scotland,4.29,Vault City Brewing,8.4%,Sour - Smoothie / Pastry,Can 440ml,"€ 23,30 per litre"
Black Grape Buckie,"€ 10,25",Scotland,4.07,Vault City Brewing,8.3%,Sour - Fruited,Can 440ml,"€ 23,30 per litre"
Autumn Berry Maple Swirl,"€ 6,90",Scotland,3.99,Vault City Brewing,5%,Sour - Smoothie / Pastry,Can 440ml,"€ 15,68 per litre"
PATRONS PROJECT 47.01 // HEATHEN SOUNDS // BARBARIAN HERMIT // STEVEN YOYADA // BERETA BREWING // BLACK IPA,"€ 6,95",England,3.76,Northern Monk,7.5%,IPA - Black / Cascadian Dark Ale,Can 440ml,"€ 15,80 per litre"
La Meute,"€ 4,99",Belgium,3.82,La Source Beer Co.,6.5%,IPA - New England / Hazy,Can 330ml,"€ 15,12 per litre"
Carpe,"€ 4,49",Belgium,3.69,La Source Beer Co.,4.7%,IPA - Session,Can 330ml,"€ 13,61 per litre"
Silver Lining,"€ 31,95",Norway,4.43,Salikatt Bryggeri,15%,Stout - Imperial / Double,Bottle 375ml,"€ 85,20 per litre"
Fam,"€ 7,75",Spain,4.12,SOMA Beer,8%,IPA - Imperial / Double New England / Hazy,Can 440ml,"€ 17,61 per litre"
Off the Rack Australian Dark Rum 2022 by Rackhouse,"€ 18,55",Norway,4.35,LERVIG,15%,Stout - Imperial / Double,Bottle 375ml,"€ 49,47 per litre"
Lièvre,"€ 4,99",Belgium,3.71,La Source Beer Co.,6.5%,IPA - American,Can 330ml,"€ 15,12 per litre"
Mega Fruit CHP Cherry Pear,"€ 11,70",United States,4.21,Juicy Brewing Co,6%,Sour - Smoothie / Pastry,473ml,"€ 24,74 per litre"
Wolfgang,"€ 12,90",United States,4.11,Celestial Beerworks,10%,Stout - Imperial / Double,473ml,"€ 27,27 per litre"
Dreams 23,"€ 16,99",Austria,4.39,Brauhaus Bevog,19.6%,Freeze-Distilled Beer,330ml,"€ 51,48 per litre"
Sakadat,"€ 9,99",Romania,4.25,Blackout Brewing,11%,Stout - Imperial / Double Coffee,330ml,"€ 30,27 per litre"
Serenity 2 Bourbon,"€ 11,75",Ukraine,4.10,UTOPIA,12%,Stout - Imperial / Double Oatmeal,330ml,"€ 35,61 per litre"
Funky Foursome,"€ 6,99",Netherlands,4.05,KOMPAAN Dutch Craft Beer Company,12%,Belgian Quadrupel,Can 440ml,"€ 15,89 per litre"
Bombo,"€ 8,50",Spain,4.01,Menno Olivier Brewing,11.5%,Strong Ale - Other,330ml,"€ 25,76 per litre"
Tripel,"€ 2,75",Netherlands,3.69,Het Biermeisje,9%,Belgian Tripel,330ml,"€ 8,33 per litre"
Gymnastic Flies,"€ 4,00",Estonia,3.69,Pühaste Brewery,6.9%,IPA - American,330ml,"€ 12,12 per litre"
Witbier,"€ 2,50",Belgium,3.60,Brouwerij Van Steenberge,5%,Wheat Beer - Witbier / Blanche,330ml,"€ 7,58 per litre"
Mont des Cats Trappiste,"€ 3,80",France,3.53,Abbaye du Mont des Cats,7.6%,Belgian Strong Golden Ale,330ml,"€ 11,52 per litre"
Kingfisher,"€ 2,19",India,2.98,United Breweries,5%,Lager - Pale,330ml,"€ 6,64 per litre"
Lübi Premium Pale,"€ 6,90",Germany,3.80,Sudden Death Brewing Co.,5.5%,Pale Ale - XPA (Extra Pale),Can 440ml,"€ 15,68 per litre"
De Cam Wilde Bosbes,"€ 13,91",Belgium,3.93,Geuzestekerij De Cam,6.5%,Lambic - Fruit,Bottle 375ml,"€ 37,09 per litre"
Eric – Jahrgang 2020 – Bier Wein Hybrid – MHD 22.06.2022,"€ 8,95",Germany,3.79,Flügge,6.9%,Sour - Fruited,330ml,"€ 27,12 per litre"
Pitt & Rubi 2021 – Bier Wein Hybrid,"€ 8,95",Germany,3.77,Flügge,6.5%,Grape Ale - Other,330ml,"€ 27,12 per litre"
Deus Brut Des Flandres,"€ 19,95",Belgium,3.88,Brouwerij Bosteels,11.5%,Bière de Champagne / Bière Brut,Bottle 750ml,"€ 26,60 per litre"
Grand Cru Vlaams Rood,"€ 3,05",Belgium,3.65,Brouwerij Rodenbach,6%,Sour - Flanders Red Ale,330ml,"€ 9,24 per litre"
Lamme Goedzak Blond,"€ 8,95",Belgium,3.56,Scheldebrouwerij,7%,Belgian Blonde,Bottle 750ml,"€ 11,93 per litre"
Lamme Goedzak Blond,"€ 2,90",Belgium,3.56,Scheldebrouwerij,7%,Belgian Blonde,330ml,"€ 8,79 per litre"
Tripel,"€ 3,15",Netherlands,3.55,Grutte Pier Brouwerij,7.5%,Belgian Tripel,330ml,"€ 9,55 per litre"
Blond,"€ 2,45",Belgium,3.51,Brouwerij Corsendonk,6.5%,Belgian Blonde,330ml,"€ 7,42 per litre"
Blauwe Tram Tripel,"€ 2,65",Netherlands,3.45,Brouwerij Klein Duimpje,8%,Belgian Tripel,330ml,"€ 8,03 per litre"
Bokkelul Bokbier,"€ 3,40",Netherlands,3.42,Brouwerij de Eeuwige Jeugd,7%,Bock - Weizenbock,330ml,"€ 10,30 per litre"
Bok,"€ 3,80",Netherlands,3.39,Brouwerij Noordt,7%,Bock - Single / Traditional,Can 330ml,"€ 11,52 per litre"
Du Bois Des Pendus Blond,"€ 2,80",Belgium,3.36,Brasserie des Légendes,5.9%,Belgian Blonde,330ml,"€ 8,48 per litre"
Weihnachtsbier,"€ 2,49",Germany,3.31,Herr Schmidt,5.8%,Märzen,330ml,"€ 7,55 per litre"
Anti-Hero,"€ 4,29",United States,3.81,Revolution Brewing Company,6.7%,IPA - American,355ml,"€ 12,08 per litre"
Fist City,"€ 3,99",United States,3.77,Revolution Brewing Company,5.5%,Pale Ale - American,355ml,"€ 12,08 per litre"
Barrel Aged the Abduction,"€ 15,99",United States,4.18,Pipeworks Brewing Company,10.5%,Stout - Imperial / Double,355ml,"€ 12,08 per litre"
Pursuit of Freedom: Blackberry Lemonade,"€ 6,99",United States,4.06,Revolution Brewing Company,4.5%,Sour - Fruited,355ml,"€ 12,08 per litre"
Drive Thru Meatballs: the Franchise Expands To Idaho,"€ 10,49",United States,3.97,Pipeworks Brewing Company,8%,IPA - Imperial / Double,355ml,"€ 12,08 per litre"
Lizard King,"€ 9,99",United States,3.96,Pipeworks Brewing Company,6%,Pale Ale - American,355ml,"€ 12,08 per litre"
Double Fudge Barrel Aged Abduction,"€ 15,99",United States,3.93,Pipeworks Brewing Company,12.5%,Stout - Imperial / Double,355ml,"€ 12,08 per litre"
Doom Jazz Mambo,"€ 10,49",United States,3.67,Pipeworks Brewing Company,8.5%,IPA - Milkshake,355ml,"€ 12,08 per litre"
Islay Whisky Cask Aged Abduction,"€ 15,99",United States,3.58,Pipeworks Brewing Company,13%,Stout - Imperial / Double,355ml,"€ 12,08 per litre"
Super Zero,"€ 3,69",United States,3.46,Revolution Brewing Company,13%,Non-Alcoholic - Other,355ml,"€ 12,08 per litre"
Beluga Barrel-aged - Glen Moray/Aultmore,"€ 7,10",Netherlands,3.96,De Kromme Haring,11%,Stout - Russian Imperial,330ml,"€ 21,52 per litre"
Marrellomorpha (Cambrian Series),"€ 4,30",Netherlands,3.47,De Kromme Haring,6.9%,Bock - Doppelbock,330ml,"€ 13,03 per litre"
Mama Qucha,"€ 4,30",Netherlands,3.38,De Kromme Haring,5%,Farmhouse Ale - Saison,330ml,"€ 13,03 per litre"
Roosterfish,"€ 4,10",Netherlands,3.38,De Kromme Haring,10.5%,Farmhouse Ale - Saison,330ml,"€ 13,03 per litre"
Anderson's X BA,"€ 11,35",Estonia,3.63,Anderson's Craft Beer,7.7%,IPA - Other,330ml,"€ 34,39 per litre"
Unusual Horizons,"€ 6,90",Sweden,4.12,Stigbergets Bryggeri,8.3%,IPA - Imperial / Double New England / Hazy,Can 440ml,"€ 15,68 per litre"
Mountains,"€ 8,60",Sweden,4.13,Stigbergets Bryggeri,13%,Stout - Imperial / Double Coffee,Can 440ml,"€ 19,55 per litre"
Back Already?,"€ 8,60",Sweden,3.95,Stigbergets Bryggeri,12%,Stout - Imperial / Double Milk,Can 440ml,"€ 19,55 per litre"
Mango Pineapple Passion Fruit Vanilla Ice Cream,"€ 10,35",Scotland,4.29,Vault City Brewing,8.4%,Sour - Smoothie / Pastry,Can 440ml,"€ 23,52 per litre"
Walking Study In Demonology,"€ 8,65",England,4.10,Low Key Barrel Project,12.4%,Barleywine - American,330ml,"€ 26,21 per litre"
Heart Full Of Soul (bbf: 05-25),"€ 7,55",Germany,4.06,FrauGruber Brewing,10.5%,IPA - Triple New England / Hazy,Can 440ml,"€ 17,16 per litre"
Cookies & Cream Blueberry Double Stack,"€ 10,35",Scotland,4.00,Vault City Brewing,7.1%,Sour - Smoothie / Pastry,Can 440ml,"€ 23,52 per litre"
Black Grape Buckie,"€ 10,35",Scotland,4.07,Vault City Brewing,8.3%,Sour - Fruited,Can 440ml,"€ 23,52 per litre"
Urweisse,"€ 2,40",Germany,3.74,Ayinger Privatbrauerei,5.8%,Wheat Beer - Dunkelweizen,500ml,"€ 4,80 per litre"
Erdinger Weissbier,"€ 2,25",Germany,3.65,Erdinger Weissbräu,5.3%,Wheat Beer - Hefeweizen,500ml,"€ 4,50 per litre"
Augustiner Edelstoff,"€ 2,95",Germany,3.62,Augustiner-Bräu München,5.6%,Lager - Dortmunder / Export,500ml,"€ 5,90 per litre"
Steinbier,"€ 4,10",Germany,3.34,Brauhaus Leikeim,5.8%,Historical Beer - Steinbier,500ml,"€ 8,20 per litre"
Medium Raw,"€ 16,80",United States,4.48,Root + Branch Brewing,9.8%,IPA - Triple New England / Hazy,473ml,"€ 35,52 per litre"
Fear (Batch 6),"€ 13,80",United States,4.37,Root + Branch Brewing,8%,IPA - Imperial / Double New England / Hazy,473ml,"€ 29,18 per litre"
Burning From the Inside (Batch 2),"€ 13,80",United States,4.32,Root + Branch Brewing,8%,IPA - Imperial / Double New England / Hazy,473ml,"€ 29,18 per litre"
Preaching the Blues,"€ 13,20",United States,4.22,Root + Branch Brewing,6.5%,IPA - Sour,473ml,"€ 27,91 per litre"
Grammatical Fiction (Batch 6),"€ 13,20",United States,4.20,Root + Branch Brewing,6.5%,IPA - New England / Hazy,473ml,"€ 27,91 per litre"
BVC Blend #2,"€ 199,95",United States,4.51,Side Project Brewing,15%,Stout - Imperial / Double,473ml,"€ 27,91 per litre"
Sip of Sunshine,"€ 13,00",United States,4.31,Lawson's Finest Liquids,8%,IPA - Imperial / Double,473ml,"€ 27,91 per litre"
Barrel Aged Original Maple Truffle Ice Cream Waffle,"€ 18,99",Sweden,4.33,Omnipollo,15%,Porter - Imperial / Double,330ml,"€ 57,55 per litre"
Bianca 3 Scoops Strawberry Passion Fruit Mango Lassi Gose,"€ 16,99",Sweden,4.21,Omnipollo,6%,Sour - Fruited Gose,Can 440ml,"€ 38,61 per litre"
Fatamorgana X,"€ 9,79",Sweden,4.17,Omnipollo,8%,IPA - Imperial / Double,Can 440ml,"€ 22,25 per litre"
BBA Back Already?,"€ 8,99",Sweden,4.15,Stigbergets Bryggeri,13%,Stout - Imperial / Double Milk,Can 440ml,"€ 20,43 per litre"
Unusual Horizons,"€ 6,99",Sweden,4.12,Stigbergets Bryggeri,8.3%,IPA - Imperial / Double New England / Hazy,Can 440ml,"€ 15,89 per litre"
Dubbelmås,"€ 5,49",Sweden,4.05,Stigbergets Bryggeri,8.5%,IPA - Imperial / Double New England / Hazy,330ml,"€ 16,64 per litre"
Hyperboost,"€ 6,99",Poland,4.00,Funky Fluid,8.1%,IPA - Imperial / Double New England / Hazy,500ml,"€ 13,98 per litre"
Swift Driftin,"€ 6,99",Germany,3.94,FrauGruber Brewing,7.8%,IPA - Imperial / Double New England / Hazy,Can 440ml,"€ 15,89 per litre"
Midnight Giggle,"€ 4,79",Estonia,3.93,Pühaste Brewery,6%,Sour - Fruited Gose,330ml,"€ 14,52 per litre"
MELLANMÅS,"€ 5,99",Sweden,3.82,Stigbergets Bryggeri,5%,IPA - New England / Hazy,Can 440ml,"€ 13,61 per litre"
Lillemor,"€ 6,49",Sweden,3.70,Stigbergets Bryggeri,7%,IPA - American,Can 440ml,"€ 14,75 per litre"
Legit,"€ 5,79",Poland,3.69,Funky Fluid,7%,IPA - New England / Hazy,500ml,"€ 11,58 per litre"
Shake It! Mango / Passionfuit / Pineapple,"€ 5,79",Poland,3.53,Funky Fluid,6%,Fruit Beer,500ml,"€ 11,58 per litre"
Bok,"€ 2,99",Netherlands,3.51,Kaapse Brouwers,7%,Bock - Single / Traditional,330ml,"€ 9,06 per litre"
Marrellomorpha (Cambrian Series),"€ 3,79",Netherlands,3.47,De Kromme Haring,6.9%,Bock - Doppelbock,330ml,"€ 11,48 per litre"
PATRONS PROJECT 47.01 // HEATHEN SOUNDS // BARBARIAN HERMIT // STEVEN YOYADA // BERETA BREWING // BLACK IPA,"€ 6,99",England,3.76,Northern Monk,7.5%,IPA - Black / Cascadian Dark Ale,Can 440ml,"€ 15,89 per litre"
Cherry Lady,"€ 3,99",Netherlands,3.75,Rolo1977 Beers,4.8%,Sour - Fruited,Can 440ml,"€ 15,89 per litre"
Fais De Beaux Reves,"€ 11,80",Canada,4.26,Messorem,8.5%,IPA - Imperial / Double New England / Hazy,Can 440ml,"€ 26,82 per litre"
I GOT 5 ON IT,"€ 9,50",United States,4.06,Resident Culture Brewing Co.,8.5%,IPA - Imperial / Double New England / Hazy,Can 440ml,"€ 21,59 per litre"
Lightning Drops,"€ 8,20",United States,4.03,Resident Culture Brewing Co.,6.5%,IPA - New England / Hazy,Can 440ml,"€ 18,64 per litre"
Bullhouse - Rolling Papers,"€ 4,50",Northern Ireland,3.79,Bullhouse Brew Co,5.5%,IPA - New England / Hazy,Can 440ml,"€ 10,23 per litre"
Kriek VINTAGE 2016,"€ 14,99",Belgium,4.26,Brasserie Cantillon,5%,Lambic - Kriek,Bottle 370ml,"€ 40,51 per litre"
Rosé de Gambrinus 2018,"€ 14,49",Belgium,4.36,Brasserie Cantillon,5%,Lambic - Framboise,Bottle 370ml,"€ 39,16 per litre"
Rosé de Gambrinus VINTAGE 2016,"€ 14,99",Belgium,4.27,Brasserie Cantillon,5%,Lambic - Framboise,Bottle 370ml,"€ 40,51 per litre"
Lervig / Evil Twin Big Ass Money Stout,"€ 17,99",United States,4.03,Evil Twin Brewing/ LERVIG,17.2%,Stout - Imperial / Double,330ml,"€ 54,52 per litre"
4er,"€ 105,45",Hungary,4.01,Mad Scientist,10%,Sour - Smoothie / Pastry,4130ml,"€ 25,53 per litre"
Papa's Tripel,"€ 3,99",Netherlands,3.55,Brouwerij 't Meuleneind,8.6%,Belgian Tripel,4490ml,"€ 27,02 per litre"
Lush Blossom Punch,"€ 8,40",Germany,4.20,Sudden Death Brewing Co.,5%,Sour - Smoothie / Pastry,Can 440ml,"€ 19,09 per litre"
Sunrise,"€ 22,20",England,4.18,Terra Tempo Brewing,5.7%,Wild Ale - Other,Bottle 750ml,"€ 29,60 per litre"
Quantum Kitty: Blackberry,"€ 8,40",Germany,4.14,Sudden Death Brewing Co.,5.5%,Sour - Fruited,Can 440ml,"€ 19,09 per litre"
Pils,"€ 5,40",England,4.11,Mills Brewing,6%,Pilsner - Other,Can 440ml,"€ 19,09 per litre"
Give me Shelter,"€ 7,80",Germany,4.00,Sudden Death Brewing Co.,7%,IPA - New England / Hazy,Can 440ml,"€ 17,73 per litre"
Six One Nine,"€ 8,40",Germany,3.91,Sudden Death Brewing Co.,5.5%,Sour - Fruited,Can 440ml,"€ 19,09 per litre"
Lübi Libre,"€ 6,00",Germany,3.19,Sudden Death Brewing Co.,0.5%,Non-Alcoholic - Pale Ale,Can 440ml,"€ 13,64 per litre"
If You Happy With You Need Do Nothing,"€ 22,20",England,?,Terra Tempo Brewing,6%,Lambic - Faro,Bottle 750ml,"€ 29,60 per litre"
Boerenerf Kriek,"€ 5,90",Belgium,4.20,Het Boerenerf Eylenbosch,7%,Lambic - Kriek,Bottle 375ml,"€ 15,73 per litre"
Appel - Bosbes Geuze,"€ 30,29",Belgium,?,Publitasting,7%,Lambic - Gueuze,Bottle 750ml,"€ 40,39 per litre"
Guldenberg,"€ 2,45",Belgium,3.61,Brouwerij De Ranke,8%,Belgian Tripel,Bottle 330ml,"€ 7,42 per litre"
Tete de Mort Triple Amber,"€ 2,95",Belgium,3.58,Brasserie du Bocq,8.1%,Belgian Tripel,330ml,"€ 8,94 per litre"
Finesse,"€ 3,50",Belgium,3.56,Brouwerij De Dochter van de Korenaar,8.5%,Belgian Tripel,330ml,"€ 10,61 per litre"
Tete de Mort Triple Amber,"€ 2,95",Belgium,3.58,Brasserie du Bocq,8.1%,Belgian Tripel,330ml,"€ 8,94 per litre"
Finesse,"€ 3,50",Belgium,3.56,Brouwerij De Dochter van de Korenaar,8.5%,Belgian Tripel,330ml,"€ 10,61 per litre"
De Blauwe Tram,"€ 2,60",Netherlands,3.45,Brouwerij Klein Duimpje,8%,Belgian Tripel,330ml,"€ 7,88 per litre"
Hilleveld,"€ 3,00",Belgium,3.35,Brouwerij Westkwartier,6.2%,Sour - Other,330ml,"€ 9,09 per litre"
Platinum Blend (Season 20|21) Blend No. 41,"€ 39,60",Belgium,4.28,Brouwerij 3 Fonteinen,6.9%,Lambic - Gueuze,Bottle 750ml,"€ 52,80 per litre"
Intens Rood Assemblage 78 19|20 (750ml),"€ 35,40",Belgium,4.20,Brouwerij 3 Fonteinen,6%,Lambic - Kriek,Bottle 750ml,"€ 47,20 per litre"
Derivation (Blend #19),"€ 199,95",United States,4.64,Side Project Brewing,15%,Stout - Imperial / Double,Bottle 375ml,"€ 533,20 per litre"
Abricot du Fermier (Blend #4),"€ 43,99",United States,4.39,Side Project Brewing,8%,Farmhouse Ale - Saison,Bottle 750ml,"€ 58,65 per litre"
Comb The Desert,"€ 5,90",England,3.82,Gravity Well Brewing Co,5%,Pale Ale - New England / Hazy,Can 440ml,"€ 13,41 per litre"
GOTH SAVE THE QUEEN,"€ 5,79",Romania,3.79,Clandestin Beer,5.9%,IPA - New England / Hazy,500ml,"€ 11,58 per litre"
MELLANMÅS,"€ 5,95",Sweden,3.82,Stigbergets Bryggeri,5%,IPA - New England / Hazy,Can 440ml,"€ 13,52 per litre"
Amber Sandstorm,"€ 5,49",Croatia,3.92,Pulfer Brewery,6.2%,IPA - New England / Hazy,Can 440ml,"€ 13,52 per litre"
Djinn Sultan,"€ 5,99",Croatia,3.89,Pulfer Brewery,8%,IPA - Imperial / Double New England / Hazy,500ml,"€ 11,98 per litre"
Smoothie Beer French Tart Pineapple/ Yellow Kiwi,"€ 5,29",Poland,3.98,Maryensztadt,4.2%,Sour - Smoothie / Pastry,500ml,"€ 10,58 per litre"
Kauri,"€ 5,99",Poland,3.96,Browar Artezan,6%,IPA - New Zealand,500ml,"€ 11,98 per litre"
Trasa,"€ 5,99",Poland,3.88,Browar Cztery Ściany,6.8%,Pale Ale - New England / Hazy,500ml,"€ 11,98 per litre"
Precious,"€ 6,29",Poland,3.88,Browarny Craft Beer,6.5%,IPA - New England / Hazy,500ml,"€ 12,58 per litre"
Buna Apple Cider (2022),"€ 17,99",Croatia,3.85,Buzdovan,7.3%,Cider - Traditional / Apfelwein,Bottle 750ml,"€ 23,99 per litre"
Follow the Light,"€ 5,79",Poland,3.82,Browar Rockmill,6.5%,IPA - New England / Hazy,500ml,"€ 11,58 per litre"
Brew Paths,"€ 4,99",Poland,3.80,Maryensztadt,7%,IPA - New England / Hazy,500ml,"€ 9,98 per litre"
Brew Paths,"€ 4,99",Poland,3.80,Maryensztadt,7%,IPA - New England / Hazy,500ml,"€ 9,98 per litre"
Przekład,"€ 4,49",Poland,3.71,Przetwórnia Chmielu,4%,Scottish Ale,500ml,"€ 8,98 per litre"
Ziher,"€ 3,99",Croatia,3.57,Pulfer Brewery,5.5%,Pale Ale - American,500ml,"€ 7,98 per litre"
You Can't Quit Me Baby,"€ 3,49",Netherlands,3.44,Baxbier,7%,Bock - Doppelbock,330ml,"€ 10,58 per litre"
The Evil Has Landed,"€ 3,79",Netherlands,?,Baxbier,8.5%,Stout - Pastry,330ml,"€ 11,48 per litre"
Saint Brandarius Whisky Infused,"€ 4,29",Netherlands,3.85,Brouwerij Kees,10%,Stout - Imperial / Double,330ml,"€ 13,00 per litre"
Simple & Easy alkoholfreies American IPA,"€ 3,99",Poland,3.51,Browar Nepomucen,0.5%,Non-Alcoholic - IPA,500ml,"€ 7,98 per litre"
Wildwuchs Freihafen Alkoholfreies Weizen BIO,"€ 3,29",Germany,3.05,Wildwuchs Brauwerk Hamburg,0.4%,Non-Alcoholic - Wheat,330ml,"€ 9,97 per litre"
Open Craft 2024 Pastry Sour Ale,"€ 6,49",Poland,4.00,Browar Nepomucen,5.3%,Sour - Smoothie / Pastry,500ml,"€ 12,98 per litre"
Crazy Lines #59 - El Dorado vs. Amarillo DDH DIPA,"€ 5,99",Poland,3.94,Browar Nepomucen,7%,IPA - Imperial / Double New England / Hazy,500ml,"€ 11,98 per litre"
Crazy Lines #57 - HBC 1019 Single Hop Hazy IPA,"€ 6,49",Poland,3.91,Browar Nepomucen,6.4%,IPA - New England / Hazy,500ml,"€ 12,98 per litre"
Crazy Lines #60 - High Level Triple NEIPA,"€ 6,49",Poland,3.91,Browar Nepomucen,8.3%,IPA - Triple New England / Hazy,500ml,"€ 12,98 per litre"
Journey To The Valley #3 Bockbier,"€ 5,99",Poland,3.76,Browar Nepomucen,6.9%,Bock - Single / Traditional,500ml,"€ 11,98 per litre"
Caramel Fudge Stout,"€ 3,95",Netherlands,3.88,Brouwerij Kees,11.5%,Stout - Imperial / Double,Can 330ml,"€ 11,97 per litre"
Gebrouwen door Vrouwen Bloesem Blond,"€ 3,40",Netherlands,3.46,Gebrouwen Door Vrouwen,6.2%,Belgian Blonde,330ml,"€ 10,30 per litre"
Cuvee de Tetreault,"€ 42,30",United States,4.33,Trillium Brewing Company,11.4%,Wild Ale - American,Bottle 750ml,"€ 56,40 per litre"
Bockenreyder Speculaas Bock,"€ 3,45",Netherlands,3.29,Big Belly Brewing Company,7%,Bock - Weizenbock,330ml,"€ 10,45 per litre"
Rivington x Celestial Beerworks Trick My Wisdom,"€ 7,80",England,3.58,Rivington Brewing Co,6.5%,Sour - Fruited,Can 500ml,"€ 15,60 per litre"
Leftover Lemon & Elderflower,"€ 3,00",Netherlands,3.34,Lowlander Beer,3.8%,Fruit Beer,330ml,"€ 9,09 per litre"
Gleam,"€ 6,00",England,3.87,Track Brewing Company,5%,Pale Ale - New England / Hazy,Can 440ml,"€ 13,64 per litre"
Track x Schilling Reise,"€ 4,80",England,3.85,Track Brewing Company,5.6%,Lager - Munich Dunkel,Can 440ml,"€ 10,91 per litre"
Fall,"€ 4,80",England,3.82,Track Brewing Company,4.6%,Bitter - Best,Can 440ml,"€ 10,91 per litre"
Spezial,"€ 5,40",England,3.79,Track Brewing Company,5.7%,Festbier,Can 440ml,"€ 12,27 per litre"
Raspberry Rush Non-Alcoholic Beer,"€ 4,60",Denmark,3.18,Mikkeller,0.3%,Non-Alcoholic - Other,330ml,"€ 13,94 per litre"
CANTILLON Vigneronne,"€ 32,00",Belgium,4.26,Brasserie Cantillon,7.5%,Lambic - Fruit,Bottle 750ml,"€ 42,67 per litre"
Slushy XXL Hindu Cush,"€ 13,40",United States,4.00,450 North Brewing Company,5.3%,Sour - Smoothie / Pastry,473ml,"€ 28,33 per litre"
SLUSHY XXL Poison Dino,"€ 11,70",United States,3.97,450 North Brewing Company,5.3%,Sour - Fruited,473ml,"€ 24,74 per litre"
Beach Run,"€ 6,00",United States,3.61,AleSmith Brewing Company,6.9%,IPA - American,473ml,"€ 12,68 per litre"
Pohjala Uus Maailim,"€ 3,60",Estonia,3.55,Põhjala,4.7%,IPA - Session,330ml,"€ 10,91 per litre"
Lervig House Party,"€ 3,20",Norway,3.51,LERVIG,4%,IPA - Session,330ml,"€ 9,70 per litre"
Wildwuchs Große Freiheit,"€ 2,99",Germany,2.86,Wildwuchs Brauwerk Hamburg,0.29%,Non-Alcoholic - Other,330ml,"€ 9,06 per litre"
"Gelato: Passion Fruit, Mango & Peach","€ 5,19",Poland,3.94,Funky Fluid,5.5%,Sour - Smoothie / Pastry,500ml,"€ 10,38 per litre"
Schaarbeekse Oude Kriek,"€ 9,73",Belgium,3.99,Hanssens Artisanaal,6.5%,Lambic - Kriek,Bottle 750ml,"€ 12,97 per litre"
Oude Geuze,"€ 7,22",Belgium,3.98,Hanssens Artisanaal,6%,Lambic - Gueuze,Bottle 750ml,"€ 9,63 per litre"
Omnipollo x Buxton Barrel Aged Original Maple Truffle Ice Cream Waffle,"€ 21,60",Sweden,4.33,Omnipollo,15%,Porter - Imperial / Double,Bottle 330ml,"€ 65,45 per litre"
Omnipollo x Närke Tårt-Kaggen!,"€ 20,40",Sweden,4.20,Omnipollo,13%,Porter - Imperial / Double,Can 330ml,"€ 61,82 per litre"
Omnipollo x Brooklyn Blacker Chocolate Stout,"€ 20,40",Sweden,4.05,Omnipollo,10%,Stout - Imperial / Double,Can 330ml,"€ 61,82 per litre"
De Eeuwige Jeugd Bokkelul,"€ 3,00",Netherlands,3.42,Brouwerij de Eeuwige Jeugd,7%,Bock - Weizenbock,330ml,"€ 9,09 per litre"
PATRONS PROJECT 41.04 // BOBBI ABBEY // GHOST ON THE HIGHWAY // TWO FLINTS // PRETTY DECENT BEER CO // DDH IPA,"€ 7,29",England,3.96,Northern Monk,6.5%,IPA - New England / Hazy,Can 440ml,"€ 16,57 per litre"
PATRONS PROJECT 47.01 // HEATHEN SOUNDS // BARBARIAN HERMIT // STEVEN YOYADA // BERETA BREWING // BLACK IPA,"€ 7,29",England,3.76,Northern Monk,7.5%,IPA - Black / Cascadian Dark Ale,Can 440ml,"€ 16,57 per litre"
Barrel-aged Speedway Stout Vietnamese Coffee Edition (2024),"€ 16,00",United States,4.25,AleSmith Brewing Company,13.6%,Stout - Imperial / Double Coffee,473ml,"€ 33,83 per litre"
Biermeisje Special #3,"€ 9,50",Netherlands,4.12,Brouwerij Holevoort,10.8%,Belgian Quadrupel,Bottle 375ml,"€ 25,33 per litre"
Stoopid: Black Forest Gateau,"€ 9,99",Scotland,4.16,Vault City Brewing,6.5%,Sour - Smoothie / Pastry,Can 440ml,"€ 22,70 per litre"
Autumn Berry Maple Swirl,"€ 6,29",Scotland,3.99,Vault City Brewing,5%,Sour - Smoothie / Pastry,Can 440ml,"€ 14,30 per litre"
Cookies & Cream Blueberry Double Stack,"€ 9,99",Scotland,4.00,Vault City Brewing,7.1%,Sour - Smoothie / Pastry,Can 440ml,"€ 22,70 per litre"
"Mango, Pineapple, Passion Fruit Vanilla Ice Cream","€ 9,99",Scotland,3.99,Vault City Brewing,5%,Sour - Smoothie / Pastry,Can 440ml,"€ 22,70 per litre"
Gelato: Szarlotka,"€ 5,99",Poland,4.09,Funky Fluid,5.5%,Sour - Smoothie / Pastry,500ml,"€ 11,98 per litre"
Evolved St Georges,"€ 10,90",Belgium,3.82,Brouwerij Rodenbach,6.7%,Sour - Other,Bottle 750ml,"€ 14,53 per litre"
Oude Lambiek 2017,"€ 19,67",Belgium,4.12,Brouwerij 3 Fonteinen,6.9%,Lambic - Traditional,Bottle 750ml,"€ 26,23 per litre"
De Cam Appellambiek Malus Domestica,"€ 27,54",Belgium,4.09,Geuzestekerij De Cam,7%,Lambic - Fruit,Bottle 750ml,"€ 36,72 per litre"
Brussels Beer Project Dansaert Saison-Lambic,"€ 6,89",Belgium,4.09,,7%,Lambic - Fruit,Bottle 375ml,"€ 18,37 per litre"
Swift Haze,"€ 4,80",Sweden,3.47,Brewski,4.2%,Pale Ale - New England / Hazy,Can 330ml,"€ 14,55 per litre"
Mangofeber IPA,"€ 4,70",Sweden,3.32,Brewski,4.2%,IPA - Session,Can 330ml,"€ 14,24 per litre"
Mad Scientist Red Grape PBJ Time,"€ 17,95",Hungary,3.69,Mead Scientist,11%,Mead - Other,Bottle 375ml,"€ 47,87 per litre"
Buxton / Omnipollo Yellow Belly Sundae - VINTAGE 2018,"€ 16,99",England,4.43,Buxton Brewery/ Omnipollo,12%,Stout - Imperial / Double Pastry,330ml,"€ 51,48 per litre"
Noa Pecan Mud Cake - Bourbon - VINTAGE 2017,"€ 16,99",Sweden,4.35,Omnipollo,11%,Stout - Imperial / Double Pastry,Bottle 330ml,"€ 51,48 per litre"
Alesmith Wee Heavy Bourbon BA VINTAGE 2012,"€ 47,99",United States,4.26,AleSmith Brewing Company,10%,Scotch Ale / Wee Heavy,Bottle 750ml,"€ 63,99 per litre"
Crooked Stave Raspberry Dark Origins 2013,"€ 20,99",United States,4.24,Crooked Stave Artisan Beer Project,9.67%,Sour - Other,Bottle 370ml,"€ 56,73 per litre"
Framboise de Amorosa 2013,"€ 22,49",United States,4.24,The Lost Abbey,7.8%,Wild Ale - American,Bottle 370ml,"€ 60,78 per litre"
Hypnopompa RUM BA - VINTAGE 2017,"€ 16,99",Sweden,4.22,Omnipollo,11%,Stout - Imperial / Double,330ml,"€ 51,48 per litre"
Old Numbskull Bourbon BA VINTAGE 2012,"€ 59,99",United States,4.19,AleSmith Brewing Company,11%,Barleywine - American,Bottle 750ml,"€ 79,99 per litre"
Crooked Stave L'Brett d'Plum 2013,"€ 17,99",United States,4.13,Crooked Stave Artisan Beer Project,6%,Wild Ale - American,Bottle 370ml,"€ 48,62 per litre"
Crooked Stave Persica Wild Wild Brett 2013 Batch 1,"€ 12,59",United States,4.12,Crooked Stave Artisan Beer Project/ Omnipollo,6%,Wild Ale - American,Bottle 370ml,"€ 34,03 per litre"
Omnipollo / Crooked Stave Bianca Wild Wild Brett Peach VINTAGE 2017,"€ 15,99",United States,4.12,Crooked Stave Artisan Beer Project/ Omnipollo,6%,Wild Ale - American,Bottle 370ml,"€ 43,22 per litre"
Red Poppy Ale VINTAGE 2015,"€ 15,99",United States,4.10,The Lost Abbey,6.5%,Sour - Flanders Red Ale,Bottle 370ml,"€ 43,22 per litre"
Crooked Stave L'Brett d'Blackberry 2013,"€ 17,99",United States,4.08,Crooked Stave Artisan Beer Project,6%,Sour - Fruited,Bottle 370ml,"€ 48,62 per litre"
Cuvee de Tomme VINTAGE 2013,"€ 22,49",United States,4.08,The Lost Abbey,11%,Wild Ale - American,Bottle 370ml,"€ 60,78 per litre"
Crooked Stave Persica Wild Wild Brett 2013 Batch 2 37cl,"€ 13,99",United States,4.07,Crooked Stave Artisan Beer Project,7.5%,Wild Ale - American,Bottle 370ml,"€ 37,81 per litre"
Farking Wheaton w00tstout 3.0 (2015),"€ 26,99",United States,4.02,Stone Brewing,11.5%,Stout - Imperial / Double,Bottle 650ml,"€ 41,52 per litre"
Chris Banker/Insurgente/Stone Xocoveza Mocha Stout - Extra Añejo 2015 BATCH6,"€ 19,99",Mexico,4.01,Cervecería Insurgente/ Chris Banker/ Stone Brewing,8.1%,Stout - Imperial / Double Milk,500ml,"€ 39,98 per litre"
Xocoveza Mocha Stout - Charred 2015 BATCH7,"€ 22,49",Mexico,4.01,Cervecería Insurgente/ Chris Banker/ Stone Brewing,8.1%,Stout - Imperial / Double Milk,500ml,"€ 44,98 per litre"
Alesmith Grand Cru Red Wine VINTAGE 2012,"€ 47,99",United States,3.92,AleSmith Brewing Company,10%,Belgian Strong Dark Ale,Bottle 750ml,"€ 63,99 per litre"
Locoveza Charred 2015 - Batch 5,"€ 17,49",United States,3.87,Stone Brewing,10%,Stout - Other,500ml,"€ 34,98 per litre"
Give Me Stout or Give Me Death VINTAGE 2016,"€ 19,99",United States,3.76,Stone Brewing,9.5%,Stout - Imperial / Double,Bottle 650ml,"€ 30,75 per litre"
Many Worlds,"€ 8,70",England,4.07,Makemake,8%,IPA - Sour,500ml,"€ 17,40 per litre"
Sub Sandwich Singularity,"€ 7,80",England,4.06,Makemake,7.2%,IPA - New England / Hazy,500ml,"€ 15,60 per litre"
Towards The Glowing Sky,"€ 7,20",England,3.99,Makemake,6%,IPA - Sour,500ml,"€ 14,40 per litre"
Morning Delight 2024,"€ 159,99",United States,4.49,Toppling Goliath Brewing Co.,11.6%,Stout - Imperial / Double,500ml,"€ 14,40 per litre"
Light Show,"€ 8,39",United States,4.20,Little Willow Brewing Company,8.2%,IPA - Imperial / Double New England / Hazy,473ml,"€ 17,74 per litre"
Willy Goat,"€ 8,39",United States,4.18,Little Willow Brewing Company,8%,IPA - Imperial / Double New England / Hazy,473ml,"€ 17,74 per litre"
Gone Fishing,"€ 8,39",United States,4.18,Little Willow Brewing Company,8.2%,IPA - New England / Hazy,473ml,"€ 17,74 per litre"
DDH Island Time,"€ 7,49",United States,4.11,Mill 77 Brewing,6.5%,IPA - New England / Hazy,473ml,"€ 17,74 per litre"
Play Time,"€ 7,69",United States,4.09,Little Willow Brewing Company,7.1%,IPA - New England / Hazy,473ml,"€ 17,74 per litre"
Silk Screen,"€ 6,39",Netherlands,3.96,Floem,7.7%,IPA - Imperial / Double New England / Hazy,Can 440ml,"€ 14,52 per litre"
Doppleganger,"€ 33,60",Netherlands,3.96,Noita,10.5%,IPA - Imperial / Double New England / Hazy,Bottle 750ml,"€ 44,80 per litre"
Enuma Elis,"€ 36,00",Netherlands,3.96,Noita,11.5%,IPA - Imperial / Double New England / Hazy,Bottle 750ml,"€ 48,00 per litre"
Whale Shark v8,"€ 6,90",Netherlands,3.94,De Kromme Haring,8%,IPA - Imperial / Double,Can 330ml,"€ 20,91 per litre"
Fall,"€ 5,20",England,3.82,Track Brewing Company,4.6%,Bitter - Best,Can 440ml,"€ 11,82 per litre"
Mudskipper v18,"€ 6,20",Netherlands,3.73,De Kromme Haring,5.5%,IPA - New England / Hazy,Can 330ml,"€ 18,79 per litre"
Existential,"€ 5,20",England,3.62,Siren Craft Brew,4.8%,Pale Ale - XPA (Extra Pale),Can 440ml,"€ 11,82 per litre"
Lactic Fantastic: Apricot,"€ 7,90",Netherlands,3.58,De Kromme Haring,5.5%,Wild Ale - American,Bottle 330ml,"€ 23,94 per litre"
Hypernova,"€ 4,60",England,3.43,Siren Craft Brew,3.8%,Pilsner - German,Can 440ml,"€ 10,45 per litre"
Dubbelmås,"€ 5,49",Sweden,4.05,Stigbergets Bryggeri,8.5%,IPA - Imperial / Double New England / Hazy,330ml,"€ 16,64 per litre"
"Passion Fruit, Lime, Mango Lassi Heathen // Tropical Lassi IPA","€ 7,29",England,3.79,Northern Monk,7.2%,IPA - Fruited,Can 440ml,"€ 16,57 per litre"
Lillemor,"€ 6,29",Sweden,3.70,Stigbergets Bryggeri,7%,IPA - American,Can 440ml,"€ 14,30 per litre"
Superdelic Saiyan,"€ 5,35",Poland,3.74,Browar Rockmill,5.5%,IPA - New England / Hazy,500ml,"€ 10,70 per litre"
Buna Apple Cider (Cider Traditional / Apfelwein),"€ 19,50",Croatia,4.02,Buzdovan,7.3%,Cider - Traditional / Apfelwein,Bottle 750ml,"€ 26,00 per litre"
Follow The Light,"€ 5,45",Poland,3.82,Browar Rockmill,6.5%,IPA - New England / Hazy,500ml,"€ 10,90 per litre"
De Cam Riesling Lambic 2023,"€ 31,96",Belgium,4.24,Geuzestekerij De Cam,7.5%,Lambic - Fruit,Bottle 750ml,"€ 42,61 per litre"
Augustinerbrau Lagerbier Hell,"€ 3,00",Germany,3.64,Augustiner-Bräu München,5.2%,Lager - Helles,Bottle 750ml,"€ 42,61 per litre"
Track / Lost & Grounded - Spezial,"€ 5,70",Germany,3.81,FUERST WIACEK/ Lost and Grounded Brewers/ Track Brewing Company,5.7%,IPA - Imperial / Double,Can 440ml,"€ 12,95 per litre"
Yulu,"€ 3,00",England,3.46,Siren Craft Brew,3.6%,Pale Ale - Other,Can 330ml,"€ 9,09 per litre"
Haze,"€ 13,95",United States,4.47,Tree House Brewing Company,8.2%,IPA - Imperial / Double New England / Hazy,Can 330ml,"€ 9,09 per litre"
Drogone 2021,"€ 97,50",Belgium,4.42,Brasserie Cantillon,6.5%,Lambic - Fruit,Can 330ml,"€ 9,09 per litre"
Bright,"€ 15,95",United States,4.31,Tree House Brewing Company,7.8%,IPA - Imperial / Double,Can 330ml,"€ 9,09 per litre"
Spirit of A Champion,"€ 17,95",United States,4.30,Tree House Brewing Company,7.8%,IPA - Imperial / Double New England / Hazy,Can 330ml,"€ 9,09 per litre"
Drink of the Gods,"€ 37,99",United States,4.16,Tree House Brewing Company,10%,Stout - Imperial / Double,Can 330ml,"€ 9,09 per litre"
Drogone 2020,"€ 97,50",Belgium,4.41,Brasserie Cantillon,6.5%,Lambic - Fruit,Can 330ml,"€ 9,09 per litre"
Double Shot Nitro,"€ 21,95",United States,4.39,Tree House Brewing Company,8.2%,Stout - Coffee,Can 330ml,"€ 9,09 per litre"
Curiosity One Hundred Forty Four,"€ 19,95",United States,4.35,Tree House Brewing Company,8%,IPA - Imperial / Double New England / Hazy,Can 330ml,"€ 9,09 per litre"
Nelson Many Ways - Freestyle Hops,"€ 19,95",United States,4.35,Tree House Brewing Company,8.2%,IPA - Imperial / Double New England / Hazy,Can 330ml,"€ 9,09 per litre"
Faith In A Positive Outcome,"€ 19,95",United States,4.33,Tree House Brewing Company,8.1%,IPA - Imperial / Double New England / Hazy,Can 330ml,"€ 9,09 per litre"
Rainbow,"€ 19,95",United States,4.28,Tree House Brewing Company,8.1%,IPA - Imperial / Double,Can 330ml,"€ 9,09 per litre"
Luminosa Squeeze,"€ 16,95",United States,4.22,Tree House Brewing Company,7.2%,IPA - New England / Hazy,Can 330ml,"€ 9,09 per litre"
Little Machine,"€ 14,95",United States,4.13,Tree House Brewing Company,5.5%,Pale Ale - American,Can 330ml,"€ 9,09 per litre"
Eureka (w/ Peacharine),"€ 13,95",United States,4.10,Tree House Brewing Company,4.2%,Blonde / Golden Ale - Other,Can 330ml,"€ 9,09 per litre"
American IPA - Blue Ox Malthouse,"€ 14,95",United States,4.05,Tree House Brewing Company,6.5%,IPA - New England / Hazy,Can 330ml,"€ 9,09 per litre"
Whisper,"€ 13,95",United States,4.02,Tree House Brewing Company,5.3%,Märzen,Can 330ml,"€ 9,09 per litre"
Freispiel,"€ 2,99",Austria,2.85,Trumer Privatbrauerei,0.5%,Non-Alcoholic - Lager,330ml,"€ 9,06 per litre"
24181 Tripel,"€ 8,99",Belgium,3.76,Brouwerij De Halve Maan,9%,Belgian Tripel,Bottle 750ml,"€ 11,99 per litre"
Texels Stormbock,"€ 12,50",Netherlands,3.65,Texelse Bierbrouwerij,10%,Bock - Doppelbock,Bottle 750ml,"€ 16,67 per litre"
One & Dunn,"€ 33,99",United States,4.29,The Bruery,13.7%,Stout - Imperial / Double,Bottle 750ml,"€ 16,67 per litre"
OG Armand & Gaston 21/22 Assemblage n° 73,"€ 59,95",Belgium,4.22,Brouwerij 3 Fonteinen,6.2%,Lambic - Gueuze,Bottle 1500ml,"€ 39,97 per litre"
Pannepot Reserva 2012,"€ 7,50",Belgium,4.06,De Struise Brouwers,10%,Belgian Strong Dark Ale,330ml,"€ 22,73 per litre"
Saltimbocca,"€ 6,30",Belgium,3.83,Brasserie Zythologist,5.5%,Farmhouse Ale - Bière de Garde,Bottle 375ml,"€ 16,80 per litre"
"Damn, You're... Majestic!","€ 6,80",Luxembourg,3.73,Totenhopfen Brauhaus,8.2%,IPA - Imperial / Double New England / Hazy,Can 440ml,"€ 15,45 per litre"
Lievre,"€ 4,40",Belgium,3.71,La Source Beer Co.,6.5%,IPA - American,330ml,"€ 13,33 per litre"
Vivid Dreams,"€ 6,50",Luxembourg,3.64,Totenhopfen Brauhaus,4.9%,Gluten-Free,Can 440ml,"€ 14,77 per litre"
XXX Bitter,"€ 10,00",Belgium,3.64,Brouwerij De Ranke,6%,IPA - Belgian,Bottle 750ml,"€ 13,33 per litre"
Kamehameha,"€ 4,50",Belgium,3.62,Brasserie Zythologist,7%,IPA - New England / Hazy,330ml,"€ 13,64 per litre"
Bonsai,"€ 6,30",Belgium,3.61,Brasserie Zythologist,4.5%,Sour - Other,Bottle 375ml,"€ 16,80 per litre"
Akamai,"€ 6,00",Belgium,3.58,Brasserie Zythologist,5.5%,IPA - Belgian,Can 440ml,"€ 13,64 per litre"
Laid Back,"€ 6,00",Luxembourg,3.23,Totenhopfen Brauhaus,0.5%,Non-Alcoholic - Pale Ale,Can 440ml,"€ 13,64 per litre"
Zichovec 12 Years Of Innovation 18,"€ 7,99",Czech Republic,4.01,Rodinný Pivovar Zichovec,6.5%,Sour - Smoothie / Pastry,500ml,"€ 15,98 per litre"
Zichovec Juicy Lucy 15,"€ 6,99",Czech Republic,3.86,Rodinný Pivovar Zichovec,6.5%,IPA - New England / Hazy,500ml,"€ 13,98 per litre"
Zichovec A Misspent Youth 12,"€ 5,79",Czech Republic,3.71,Rodinný Pivovar Zichovec,5.1%,Pilsner - Other,500ml,"€ 11,58 per litre"
Shroomies,"€ 16,95",United States,4.31,Other Half Brewing Co.,10%,IPA - Triple New England / Hazy,500ml,"€ 11,58 per litre"
Fireproof,"€ 33,99",United States,4.37,The Bruery,14.7%,Stout - Imperial / Double,500ml,"€ 11,58 per litre"
No Oven Required,"€ 33,99",United States,4.30,The Bruery,17.7%,Stout - Imperial / Double,500ml,"€ 11,58 per litre"
Forgotten Lore,"€ 33,99",United States,4.28,The Bruery,21.5%,Stout - Imperial / Double,,
The Malt Mill,"€ 33,99",United States,4.24,The Bruery,19.7%,Stout - Imperial / Double,,
Demon Water,"€ 33,99",United States,4.18,The Bruery,17.7%,Stout - Imperial / Double,,
Black Tuesday - Tequila Barrel Aged,"€ 33,99",United States,4.12,The Bruery,18.7%,Stout - Imperial / Double,Bottle 375ml,"€ 90,64 per litre"
Black Tuesday - Gin Barrel Aged,"€ 33,99",United States,4.11,The Bruery,18.4%,Stout - Imperial / Double,Bottle 375ml,"€ 90,64 per litre"
Popstar - Gluten Free Ipa,"€ 3,99",Hungary,3.52,Mad Scientist,6%,Gluten-Free,Bottle 375ml,"€ 90,64 per litre"
TDH Waimea X Riwaka DIPA,"€ 6,29",Latvia,3.96,Ārpus Brewing Co.,8%,IPA - Imperial / Double New England / Hazy,Can 440ml,"€ 14,30 per litre"
TDH Rakau X Galaxy DIPA,"€ 6,29",Latvia,3.93,Ārpus Brewing Co.,8%,IPA - Imperial / Double New England / Hazy,Can 440ml,"€ 14,30 per litre"
TDH Hops X Art #24 IPA,"€ 5,79",Latvia,3.89,Ārpus Brewing Co.,6.5%,IPA - New England / Hazy,Can 440ml,"€ 13,16 per litre"
TDH Motueka X Peacharine IPA,"€ 5,79",Latvia,3.88,Ārpus Brewing Co.,6.5%,IPA - New England / Hazy,Can 440ml,"€ 13,16 per litre"
Firepit,"€ 6,49",Norway,3.82,Salikatt Bryggeri,6%,IPA - American,Can 440ml,"€ 14,75 per litre"
Hopschepper,"€ 2,10",Belgium,3.48,Hopscheppers,7%,IPA - Belgian,Can 440ml,"€ 14,75 per litre"
Arpus TDH Rakau X Galaxy DIPA,"€ 6,50",Latvia,3.93,Ārpus Brewing Co.,8%,IPA - Imperial / Double New England / Hazy,Can 440ml,"€ 14,77 per litre"
Arpus TDH Hops X Art #24 IPA,"€ 5,95",Latvia,3.89,Ārpus Brewing Co.,6.5%,IPA - New England / Hazy,Can 440ml,"€ 13,52 per litre"
Arpus TDH Motueka X Peacharine IPA,"€ 5,95",Latvia,3.88,Ārpus Brewing Co.,6.5%,IPA - New England / Hazy,Can 440ml,"€ 13,52 per litre"
To Ol Patio Patio Peach Iced Tea Pale Ale,"€ 3,95",Denmark,3.14,To Øl,5%,Pale Ale - Other,Can 440ml,"€ 8,98 per litre"
NEIPA,"€ 3,50",Nederland,3.14,Eem,6.5%,IPA,330ml,"€ 10,61 per litre"
Gold Viking Helles,"€ 2,59",Hungary,3.29,MONYO Brewing Co.,4.5%,Lager - Helles,330ml,"€ 7,85 per litre"
Põhjala / Moersleutel - Dark Engineering,"€ 15,00",Estonia,4.30,Põhjala,14%,Stout - Imperial / Double Oatmeal,Bottle 330ml,"€ 45,45 per litre"
Cosy Days,"€ 5,20",Estonia,3.50,Põhjala,6%,Red Ale - American Amber / Red,Can 330ml,"€ 15,76 per litre"
Joel's Journey,"€ 3,83",Hungary,3.64,MONYO Brewing Co.,5.5%,IPA - New England / Hazy,330ml,"€ 11,61 per litre"
Midnight Giggle,"€ 4,45",Estonia,3.93,Pühaste Brewery,6%,Sour - Fruited Gose,330ml,"€ 13,48 per litre"
Midnight Snack,"€ 6,75",Germany,3.99,FUERST WIACEK,8%,IPA - Imperial / Double,Can 440ml,"€ 15,34 per litre"
Color Television,"€ 6,25",Germany,3.94,FUERST WIACEK,6.8%,IPA - New England / Hazy,Can 440ml,"€ 14,20 per litre"
Second Breakfast,"€ 7,25",France,4.07,Prizm Brewing Co.,11%,Stout - Imperial / Double,Can 440ml,"€ 16,48 per litre"
High Ground,"€ 6,25",France,3.85,Prizm Brewing Co.,6%,IPA - New England / Hazy,Can 440ml,"€ 14,20 per litre"
Sunscreen Hangman,"€ 5,50",Netherlands,3.75,Uiltje Brewing Company,6.9%,IPA - New England / Hazy,Can 440ml,"€ 12,50 per litre"
Hofbräu Oktoberfestbier,"€ 1,99",Germany,3.60,Staatliches Hofbräuhaus München,6.3%,Festbier,500ml,"€ 3,98 per litre"
Spaten Oktoberfestbier,"€ 1,99",Germany,3.56,Spaten-Franziskaner-Löwenbräu-Gruppe,5.9%,Festbier,500ml,"€ 3,98 per litre"
Saison Dupont,"€ 3,99",Belgium,3.68,Brasserie Dupont,6.5%,Farmhouse Ale - Saison,330ml,"€ 12,09 per litre"
WILD#28 Blueberry Mix Fermentation Saison,"€ 9,10",Poland,4.01,Browar Stu Mostów,7.1%,Wild Ale - Other,Bottle 375ml,"€ 24,27 per litre"
Jacques Holy Quadrupel,"€ 4,75",Netherlands,3.78,Big Belly Brewing Company,11%,Belgian Quadrupel,Can 330ml,"€ 14,39 per litre"
Smulbock Dessertbock Dubbelbock,"€ 4,25",Netherlands,3.61,Rock City Brewing,9%,Bock - Doppelbock,330ml,"€ 12,88 per litre"
Bock 7 Herfstbock,"€ 3,95",Netherlands,3.38,Maximus Brouwerij,7%,Bock - Single / Traditional,330ml,"€ 11,97 per litre"
Tesselaar Ezelen Bok,"€ 3,30",Netherlands,3.52,Tesselaar Familiebrouwerij Diks,7.5%,Bock - Doppelbock,300ml,"€ 11,00 per litre"
Angel's Share – Barrel Works,"€ 16,99",Spain,4.27,Basqueland Brewing,12.8%,Stout - Imperial / Double,300ml,"€ 11,00 per litre"
Second Breakfast,"€ 6,99",France,4.07,Prizm Brewing Co.,11%,Stout - Imperial / Double,Can 440ml,"€ 15,89 per litre"
Naturel Mede – Woodford Reserver Barrel Aged #2,"€ 16,99",Netherlands,4.04,Mederij Marcus,11%,Mead - Traditional,Can 440ml,"€ 15,89 per litre"
Greatest Fear,"€ 6,99",France,3.94,Prizm Brewing Co.,11%,Stout - Imperial / Double,Can 440ml,"€ 15,89 per litre"
Midnight Giggle,"€ 3,69",Estonia,3.93,Pühaste Brewery,6%,Sour - Fruited Gose,330ml,"€ 11,18 per litre"
Chili Mede 2024 Madame Jeanette,"€ 16,99",Netherlands,3.79,Mederij Marcus,11%,Mead - Metheglin,330ml,"€ 11,18 per litre"
Strawberry Pie,"€ 2,69",Sweden,3.77,Brewski,4%,Sour - Smoothie / Pastry,330ml,"€ 8,15 per litre"
Rákóczi Túrós Strawberry EDT,"€ 3,99",Hungary,3.69,Mad Scientist,10%,Sour - Smoothie / Pastry,330ml,"€ 12,09 per litre"
Bockbier,"€ 2,79",Netherlands,3.52,Bierbrouwerij De Koningshoeven,7%,Bock - Single / Traditional,330ml,"€ 12,09 per litre"
Bokbeest,"€ 3,19",Belgium,3.45,Scheldebrouwerij,7.5%,Bock - Doppelbock,330ml,"€ 9,67 per litre"
Black Tuesday - Brandy Barrel Aged,"€ 33,99",United States,4.34,The Bruery,20.7%,Stout - Imperial / Double,Bottle 375ml,"€ 90,64 per litre"
Black Tuesday - Tequila Barrel Aged,"€ 33,99",United States,4.12,The Bruery,18.7%,Stout - Imperial / Double,Bottle 375ml,"€ 90,64 per litre"
Second Hand Emotion,"€ 6,99",Germany,3.93,FrauGruber Brewing,8%,IPA - Imperial / Double New England / Hazy,Can 440ml,"€ 15,89 per litre"
A Saison Brambled,"€ 18,50",Canada,4.10,Trial & Ale Brewing Company,7.4%,Farmhouse Ale - Saison,Bottle 750ml,"€ 24,67 per litre"
An Era of Sturm Und Drang,"€ 18,50",Canada,4.05,Trial & Ale Brewing Company,6.2%,Sour - Fruited,Bottle 750ml,"€ 24,67 per litre"
A Cordial Invitation,"€ 18,50",Canada,3.94,Trial & Ale Brewing Company,6.9%,Sour - Fruited,Bottle 750ml,"€ 24,67 per litre"
Dead Water,"€ 15,00",Finland,4.09,Paihalas Brewery,5.8%,Wild Ale - Other,Bottle 375ml,"€ 40,00 per litre"
Corner Guy,"€ 14,75",Finland,4.08,Paihalas Brewery,7.1%,Wild Ale - Other,Bottle 375ml,"€ 39,33 per litre"
Rested Wind,"€ 14,50",Finland,4.08,Paihalas Brewery,5.4%,Wild Ale - Other,Bottle 375ml,"€ 38,67 per litre"
Beneath My Heart,"€ 13,00",Finland,4.05,Paihalas Brewery,6.2%,Wild Ale - Other,Bottle 375ml,"€ 38,67 per litre"
Butterscotch Foundry,"€ 7,95",Netherlands,4.04,Moersleutel Craft Brewery,13%,Stout - Imperial / Double Pastry,Can 440ml,"€ 18,07 per litre"
Spring Being,"€ 14,50",Finland,3.95,Paihalas Brewery,5.4%,Farmhouse Ale - Saison,Can 440ml,"€ 18,07 per litre"
CYCT Flexure,"€ 7,00",Netherlands,3.91,Moersleutel Craft Brewery,8.5%,IPA - Imperial / Double New England / Hazy,Can 440ml,"€ 15,91 per litre"
CYCT Pressure,"€ 6,50",Netherlands,3.82,Moersleutel Craft Brewery,7%,IPA - New England / Hazy,Can 440ml,"€ 14,77 per litre"
Kracht Van Eenvoud,"€ 6,95",Netherlands,3.68,Moersleutel Craft Brewery,7%,Stout - Other,Can 440ml,"€ 15,80 per litre"
Hop To Be Square,"€ 4,00",Netherlands,3.55,Jopen,6%,IPA - Cold,330ml,"€ 12,12 per litre"
Farmhouse Rock,"€ 4,00",Netherlands,3.46,Jopen,7%,Farmhouse Ale - Other,330ml,"€ 12,12 per litre"
Malle Babbe,"€ 4,00",Netherlands,3.39,Jopen,5.5%,Wheat Beer - Other,330ml,"€ 12,12 per litre"
Lets Gose To The Beach,"€ 4,00",Netherlands,3.36,Jopen,4%,Sour - Other Gose,330ml,"€ 12,12 per litre"
Lets Get Spanish,"€ 4,00",Netherlands,3.22,Jopen,5%,Wheat Beer - Hefeweizen,330ml,"€ 12,12 per litre"
"Juice Land - Mosaic, Simcoe, Amarillo","€ 7,99",United States,4.09,Beer Tree Brew,8.4%,IPA - Imperial / Double New England / Hazy,330ml,"€ 12,12 per litre"
Saison Bernice,"€ 26,90",United States,4.35,Sante Adairius Rustic Ales,6.5%,Farmhouse Ale - Brett,Bottle 750ml,"€ 35,87 per litre"
Lady In Grey,"€ 26,00",United States,4.31,Sante Adairius Rustic Ales,4.8%,Farmhouse Ale - Grisette,Bottle 750ml,"€ 34,67 per litre"
Cellarman,"€ 27,90",United States,4.30,Sante Adairius Rustic Ales/ Triple Rock Brewing,6.5%,Farmhouse Ale - Saison,Bottle 750ml,"€ 37,20 per litre"
Twilight Whispers,"€ 26,50",United States,4.29,Sante Adairius Rustic Ales,12.3%,Belgian Quadrupel,500ml,"€ 53,00 per litre"
Spots & Dots,"€ 8,40",United States,4.11,Sante Adairius Rustic Ales,7%,IPA - American,473ml,"€ 17,76 per litre"
CCBA Brewers Collaboration,"€ 6,90",United States,4.06,Sante Adairius Rustic Ales,4.2%,IPA - American,473ml,"€ 14,59 per litre"
Capitola Sunset,"€ 26,90",United States,4.06,Sante Adairius Rustic Ales,5.7%,Farmhouse Ale - Saison,Bottle 750ml,"€ 35,87 per litre"
A Small Rest,"€ 26,00",United States,4.06,Sante Adairius Rustic Ales,3.1%,Table Beer,Bottle 750ml,"€ 34,67 per litre"
Reasonable Reasons,"€ 8,40",United States,4.06,Sante Adairius Rustic Ales,6.3%,IPA - New England / Hazy,473ml,"€ 17,76 per litre"
Sunshine Panorama,"€ 8,40",United States,4.04,Sante Adairius Rustic Ales,7.3%,IPA - American,473ml,"€ 17,76 per litre"
1662,"€ 8,80",United States,4.01,Sante Adairius Rustic Ales,8.31%,IPA - Imperial / Double,473ml,"€ 18,60 per litre"
Capitola Bright,"€ 6,60",United States,3.92,Sante Adairius Rustic Ales,4.2%,Lager - American Light,473ml,"€ 13,95 per litre"
Pepper Paws,"€ 8,40",United States,3.82,Sante Adairius Rustic Ales,6.8%,IPA - American,473ml,"€ 17,76 per litre"
Sun & Fun Wild Pilsner,"€ 2,97",Belgium,3.61,Brouwerij Alvinne,6%,Pilsner - Other,330ml,"€ 9,00 per litre"
9th Anniversary Gold Label Born Day,"€ 35,99",United States,4.37,Magnify Brewing Company,13.5%,Stout - Imperial / Double Pastry,330ml,"€ 9,00 per litre"
Today Years Old,"€ 10,49",United States,4.28,Magnify Brewing Company,5%,Sour - Smoothie / Pastry,330ml,"€ 9,00 per litre"
9th Anniversary Sundae Born Day,"€ 34,99",United States,4.19,Magnify Brewing Company,13.5%,Stout - Imperial / Double Pastry,330ml,"€ 9,00 per litre"
Vivid Trees V2,"€ 7,99",United States,4.19,Beer Tree Brew,8.2%,IPA - Imperial / Double New England / Hazy,330ml,"€ 9,00 per litre"
"Lost Forest: Idaho 7, Galaxy, Citra","€ 8,99",United States,4.17,Beer Tree Brew,10.2%,IPA - Triple New England / Hazy,330ml,"€ 9,00 per litre"
Chromosphere,"€ 7,69",United States,4.16,Beer Tree Brew,7.3%,IPA - New England / Hazy,330ml,"€ 9,00 per litre"
Edge of the Earth,"€ 7,69",United States,4.15,Beer Tree Brew,7.6%,IPA - New England / Hazy,473ml,"€ 16,26 per litre"
Star Gazing,"€ 7,69",United States,4.14,Beer Tree Brew,7.1%,IPA - New England / Hazy,473ml,"€ 16,26 per litre"
Imperial Maine Event,"€ 8,99",United States,4.10,Magnify Brewing Company,8%,IPA - Imperial / Double,473ml,"€ 16,26 per litre"
Fudgement Day: Temple of Hazelnut,"€ 8,29",United States,4.10,Magnify Brewing Company,11%,Stout - Imperial / Double,473ml,"€ 16,26 per litre"
Watermelon Sugar V2,"€ 10,99",United States,4.10,Magnify Brewing Company,5%,Sour - Smoothie / Pastry,473ml,"€ 16,26 per litre"
Days Of Sun,"€ 7,69",United States,4.10,Beer Tree Brew,7.2%,IPA - New England / Hazy,473ml,"€ 16,26 per litre"
Citra Grove,"€ 9,99",United States,4.07,Beer Tree Brew,6.7%,IPA - New England / Hazy,473ml,"€ 21,12 per litre"
Dream Forest Gen II,"€ 7,69",United States,4.02,Beer Tree Brew,7.1%,IPA - New England / Hazy,473ml,"€ 21,12 per litre"
Pillow Talk,"€ 8,99",United States,3.98,Magnify Brewing Company,7%,IPA - American,473ml,"€ 19,01 per litre"
Froot Stripez,"€ 8,99",United States,3.96,Magnify Brewing Company,8%,Sour - Fruited,473ml,"€ 19,01 per litre"
Cloudy Haze - Citra,"€ 7,49",United States,3.94,Beer Tree Brew,5.8%,Pale Ale - New England / Hazy,473ml,"€ 19,01 per litre"
Double Vanilla Mind Over Matter,"€ 8,99",United States,3.88,Magnify Brewing Company,8%,Stout - Imperial / Double Milk,473ml,"€ 19,01 per litre"
Beer Tree Lager,"€ 6,99",United States,3.83,Beer Tree Brew,4.8%,Schwarzbier,,
Oh Yeaaa!,"€ 8,69",United States,3.82,Magnify Brewing Company,6%,Sour - Other,,
Raspberry Jammin',"€ 7,69",United States,3.80,Beer Tree Brew,5.2%,Wheat Beer - American Pale Wheat,,
Carrot Cake,"€ 10,40",Scotland,4.05,Vault City Brewing,8%,Sour - Smoothie / Pastry,Can 440ml,"€ 23,64 per litre"
Orange Creamsicle,"€ 6,30",Scotland,4.03,Vault City Brewing,4.8%,Sour - Smoothie / Pastry,Can 440ml,"€ 14,32 per litre"
Passo,"€ 7,50",England,4.07,Beak Brewery,6.5%,IPA - New England / Hazy,Can 440ml,"€ 17,05 per litre"
Pineapple Upside-Down Cake,"€ 10,40",Scotland,4.07,Vault City Brewing,8%,Sour - Smoothie / Pastry,Can 440ml,"€ 23,64 per litre"
Scoots,"€ 6,90",England,3.95,Beak Brewery,5.6%,Pale Ale - New England / Hazy,Can 440ml,"€ 15,68 per litre"
Strawberry Sundae,"€ 4,90",Scotland,3.95,Vault City Brewing,5%,Sour - Fruited,330ml,"€ 14,85 per litre"
A Modern Classic,"€ 6,70",Wales,3.81,Polly's Brew Co.,5.9%,Stout - American,Can 440ml,"€ 15,23 per litre"
Cloudy Lemonade,"€ 3,80",Scotland,3.79,Vault City Brewing,4.2%,Sour - Fruited,330ml,"€ 11,52 per litre"
Sonrisa,"€ 5,70",England,3.54,Buxton Brewery,4.7%,Pale Ale - Fruited,Can 440ml,"€ 12,95 per litre"
4th Anniversary,"€ 11,95",Poland,4.15,Browar Rockmill,12%,Porter - Imperial / Double,500ml,"€ 23,90 per litre"
Infinity Rum BA,"€ 10,95",Poland,4.14,Browar Rockmill,12%,Porter - Imperial / Double,500ml,"€ 21,90 per litre"
Follow the Light,"€ 5,50",Poland,3.82,Browar Rockmill,6.5%,IPA - New England / Hazy,500ml,"€ 11,00 per litre"
Cuvée John & Marjon,"€ 4,49",Belgium,3.85,Brouwerij Alvinne,7.5%,Farmhouse Ale - Saison,330ml,"€ 13,61 per litre"
Stu Mostow X Morpheus Pruim (Plum),"€ 4,49",Belgium,3.84,Brouwerij Alvinne,5.5%,Sour - Other,330ml,"€ 13,61 per litre"
Under The Same Sky,"€ 8,99",England,4.20,Verdant Brewing Co,8.4%,IPA - Imperial / Double New England / Hazy,Can 440ml,"€ 20,43 per litre"
Crew Republic Drunken Sailor,"€ 2,09",Germany,3.58,CREW Republic,6.4%,IPA - American,330ml,"€ 6,33 per litre"
Group E,"€ 7,30",Ukraine,3.61,Дідько Brewery,7%,Sour - Fruited Gose,Can 440ml,"€ 16,59 per litre"
Faba Bourbon BA (Silver Series),"€ 9,39",Estonia,4.40,Pühaste Brewery,14.5%,Stout - Imperial / Double Coffee,330ml,"€ 28,45 per litre"
Double Dry Hopped #GatineauIsTrending,"€ 11,99",Canada,4.38,Brasserie du Bas-Canada,10%,IPA - Triple,330ml,"€ 28,45 per litre"
La Bière Des Clans,"€ 10,99",Canada,4.36,Messorem,8.6%,IPA - Imperial / Double,473ml,"€ 23,23 per litre"
Triple Statim Finis,"€ 10,99",Canada,4.35,Messorem,10.6%,IPA - Triple,473ml,"€ 23,23 per litre"
Vanilla Coffee Bourbon Barrel Dark Apparition (2024),"€ 21,99",United States,4.35,Jackie O's Brewery,13.9%,Stout - Russian Imperial,Bottle 375ml,"€ 58,64 per litre"
Structure,"€ 11,99",Canada,4.34,Brasserie du Bas-Canada,10%,IPA - Triple,Bottle 375ml,"€ 58,64 per litre"
Bourbon Barrel Dark Apparition (2024),"€ 20,99",United States,4.34,Jackie O's Brewery,12.5%,Stout - Russian Imperial,Bottle 375ml,"€ 58,64 per litre"
Triple Den of Thieves,"€ 11,99",Canada,4.32,Third Moon Brewing Company,10.5%,IPA - Triple New England / Hazy,Bottle 375ml,"€ 58,64 per litre"
Borrowed Brilliance,"€ 10,99",United States,4.32,Timber Ales,12%,Stout - Imperial / Double,473ml,"€ 23,23 per litre"
TDH PUNGE (Motueka And Nelson Sauvin),"€ 10,99",United States,4.32,Tired Hands Brewing Company,8.3%,IPA - Imperial / Double New England / Hazy,473ml,"€ 23,23 per litre"
Double Alien Church,"€ 10,99",United States,4.32,Tired Hands Brewing Company,9%,IPA - Imperial / Double,473ml,"€ 23,23 per litre"
Fiend Without A Face (Ghost FIEND),"€ 9,89",United States,4.23,Adroit Theory,10.2%,IPA - Triple New England / Hazy,473ml,"€ 23,23 per litre"
1-800-DoubleDouble-XtraXtra-FrootieFrootie-BiggieBiggie-JuicyJuicy,"€ 8,29",United States,4.22,Hoof Hearted Brewing,10%,IPA - Triple,473ml,"€ 23,23 per litre"
Fall From Grace,"€ 22,99",United States,4.22,Equilibrium Brewery,11%,Stout - Imperial / Double,500ml,"€ 45,98 per litre"
Barrel Aged Old Rasputin XXVI,"€ 8,99",United States,4.21,North Coast Brewing Company,11.2%,Stout - Russian Imperial,500ml,"€ 45,98 per litre"
Sensi Rum BA (Silver Series),"€ 9,99",Estonia,4.19,Pühaste Brewery,12.5%,Stout - Imperial / Double,330ml,"€ 30,27 per litre"
RIOT (Ghost RIOT),"€ 9,89",United States,4.19,Adroit Theory,10%,IPA - Triple New England / Hazy,330ml,"€ 30,27 per litre"
Petit Jus De Mort : Pêche + Orange + Canneberge,"€ 9,99",Canada,4.12,Messorem,6%,Sour - Smoothie / Pastry,330ml,"€ 30,27 per litre"
Salzstout Bourbon/Cognac BA (Silver Series),"€ 10,49",Estonia,4.11,Pühaste Brewery,13.5%,Stout - Imperial / Double,330ml,"€ 31,79 per litre"
Tripel Karmeliet,"€ 2,69",Belgium,3.99,Brouwerij Bosteels,8.4%,Belgian Tripel,330ml,"€ 8,15 per litre"
Obsidian,"€ 6,49",Ireland,3.98,Galway Bay Brewery,12%,Stout - Imperial / Double Pastry,,
La Corne du Bois des Pendus Triple,"€ 3,49",Belgium,3.64,Brasserie des Légendes,10%,Belgian Tripel,,
Tropical Space Muffin 2024,"€ 5,99",Hungary,3.53,Mad Scientist,9%,Sour - Smoothie / Pastry,330ml,"€ 18,15 per litre"
Brewdog Hazy Jane Guava,"€ 2,30",Scotland,3.71,BrewDog,5%,IPA - Milkshake,330ml,"€ 18,15 per litre"
De Molen Koel & Krachtig,"€ 2,65",Netherlands,3.50,Brouwerij de Molen,7.1%,IPA - Cold,330ml,"€ 8,03 per litre"
Kokomo Weekday,"€ 5,10",England,3.64,Good Chemistry Brewing,4.3%,IPA - Session,Can 440ml,"€ 11,59 per litre"
Grischbeerla,"€ 2,70",Germany,3.62,Brauerei Kundmüller,4.5%,IPA - Session,500ml,"€ 5,40 per litre"
Schwärzla,"€ 2,60",Germany,3.38,Brauerei Kundmüller,5.3%,Stout - English,500ml,"€ 5,20 per litre"
Gelato XTREME Blueberry Raspberry Banana Smores,"€ 6,80",Poland,4.12,Funky Fluid,8%,Sour - Smoothie / Pastry,Can 500ml,"€ 13,60 per litre"
Gelato XTREME Jungle Juice Slushy XXL,"€ 6,80",Poland,4.03,Funky Fluid,8%,Sour - Smoothie / Pastry,Can 500ml,"€ 13,60 per litre"
Pink Mirror,"€ 5,20",Poland,3.93,Funky Fluid,8%,IPA - Imperial / Double New England / Hazy,Can 500ml,"€ 10,40 per litre"
Slice of Life,"€ 4,90",Poland,3.86,Funky Fluid,6.5%,IPA - New England / Hazy,Can 500ml,"€ 9,80 per litre"
Ernst,"€ 3,20",Poland,3.64,Funky Fluid,5.2%,Pilsner - German,Can 500ml,"€ 6,40 per litre"
Lumina,"€ 3,80",England,3.60,Siren Craft Brew,4.2%,IPA - Session,Can 330ml,"€ 11,52 per litre"
Charlotte,"€ 3,10",Poland,3.48,Browar Nepomucen,4.9%,Fruit Beer,Can 500ml,"€ 6,20 per litre"
Lervig Nitro Stout,"€ 3,29",Norway,3.27,LERVIG,4.7%,Stout - Irish Dry,Can 440ml,"€ 7,48 per litre"
Hofbräu Dunkel,"€ 4,80",Germany,3.70,Staatliches Hofbräuhaus München,5.5%,Lager - Munich Dunkel,Bottle 500ml,"€ 9,60 per litre"
Kasteel Donker,"€ 7,00",Belgium,3.64,Kasteel Brouwerij Vanhonsebrouck,11%,Belgian Quadrupel,Bottle 330ml,"€ 21,21 per litre"
Hofbräu Original,"€ 4,80",Germany,3.55,Staatliches Hofbräuhaus München,5.1%,Lager - Helles,Bottle 500ml,"€ 9,60 per litre"
Jever Pilsener,"€ 4,60",Germany,3.13,Friesisches Brauhaus zu Jever,4.9%,Pilsner - German,Bottle 500ml,"€ 9,20 per litre"
Hazy Sunrise,"€ 3,50",Netherlands,3.69,Brouwerij Kees,7.1%,IPA - New England / Hazy,330ml,"€ 10,61 per litre"
vandeStreek Hazy Weekend,"€ 3,50",Netherlands,3.62,vandeStreek bier,6.6%,IPA - New England / Hazy,330ml,"€ 10,61 per litre"
Choco Porter,"€ 3,50",Netherlands,3.29,Rock City Brewing,4.5%,Porter - American,330ml,"€ 10,61 per litre"
Good Chemistry / Amity - City Break,"€ 5,60",England,3.88,Good Chemistry Brewing,5%,IPA - New England / Hazy,Can 440ml,"€ 12,73 per litre"
Festbier 2024,"€ 7,20",Scotland,3.76,Donzoko Brewing Company,5.6%,Festbier,Can 500ml,"€ 14,40 per litre"
Party On,"€ 6,20",England,3.71,Good Chemistry Brewing,6%,Farmhouse Ale - Saison,Can 440ml,"€ 14,09 per litre"
Shadow Future,"€ 5,00",England,3.61,Good Chemistry Brewing,4.2%,Stout - Oatmeal,Can 440ml,"€ 11,36 per litre"
Chocolate Rain,"€ 52,00",United States,4.50,The Bruery,19.5%,Stout - Imperial / Double,Bottle 750ml,"€ 69,33 per litre"
Thr3e,"€ 36,00",United States,4.37,The Bruery,16.1%,Barleywine - American,Bottle 750ml,"€ 69,33 per litre"
Black Tuesday - Red Wine,"€ 52,00",United States,4.33,The Bruery,18%,Stout - Imperial / Double,Bottle 375ml,"€ 138,67 per litre"
Blueprint (Enigma),"€ 6,99",Netherlands,4.13,Folkingebrew,8.5%,IPA - Imperial / Double New England / Hazy,Can 440ml,"€ 15,89 per litre"
Blueprint (Galaxy),"€ 6,99",Netherlands,4.12,Folkingebrew,8.5%,IPA - Imperial / Double New England / Hazy,Can 440ml,"€ 15,89 per litre"
Les Yeux Du Crocodile,"€ 6,79",France,3.99,Fauve,7%,IPA - New England / Hazy,Can 440ml,"€ 15,43 per litre"
Wereshark,"€ 6,79",England,3.95,Azvex Brewing Company,6.8%,IPA - New England / Hazy,Can 440ml,"€ 15,43 per litre"
Surveillance Does,"€ 6,99",England,3.95,Azvex Brewing Company,6.5%,IPA - New England / Hazy,Can 440ml,"€ 15,89 per litre"
Electronic Butterfly,"€ 5,49",England,3.81,Azvex Brewing Company,4%,Pale Ale - New England / Hazy,Can 440ml,"€ 12,48 per litre"
Magnificent Tree Frog,"€ 5,79",England,3.81,Azvex Brewing Company,4.6%,Pale Ale - American,Can 440ml,"€ 13,16 per litre"
Clear Craze,"€ 5,99",England,3.73,Azvex Brewing Company,5.6%,IPA - American,Can 440ml,"€ 13,61 per litre"
Silver Lining,"€ 37,99",Norway,4.43,Salikatt Bryggeri,15%,Stout - Imperial / Double,Bottle 375ml,"€ 101,31 per litre"
Lowkey,"€ 7,90",Spain,4.15,SOMA Beer,8%,IPA - Imperial / Double,Can 440ml,"€ 17,95 per litre"
Fam,"€ 8,10",Spain,4.12,SOMA Beer,8%,IPA - Imperial / Double New England / Hazy,Can 440ml,"€ 18,41 per litre"
Rizz,"€ 7,90",Spain,4.11,SOMA Beer,8%,IPA - Imperial / Double New England / Hazy,Can 440ml,"€ 17,95 per litre"
Midnight Giggle,"€ 4,70",Estonia,3.93,Pühaste Brewery,6%,Sour - Fruited Gose,330ml,"€ 14,24 per litre"
Hazy Reindeer,"€ 4,30",Estonia,3.76,Anderson's Craft Beer,7.9%,IPA - New England / Hazy,330ml,"€ 13,03 per litre"
Kolleke Ome Jan,"€ 3,50",Netherlands,3.19,Stadsbrouwerij Van Kollenburg,6.5%,Blonde / Golden Ale - Other,330ml,"€ 10,61 per litre"
Kolleke PIPA,"€ 3,60",Nederland,3.19,Stadsbrouwerij Van Kollenburg,6%,IPA,330ml,"€ 10,91 per litre"
De Molen Balcones Edition 2024 Barley Wine,"€ 5,80",Netherlands,4.13,Brouwerij de Molen,11.4%,Barleywine - English,330ml,"€ 17,58 per litre"
Brewdog Paradox,"€ 9,95",Scotland,4.09,BrewDog,10.5%,Stout - Imperial / Double,330ml,"€ 30,15 per litre"
Ontbijtkoekbock,"€ 3,50",Netherlands,3.37,Uiltje Brewing Company,6.5%,Bock - Single / Traditional,330ml,"€ 10,61 per litre"
Kolleke Bock (2024),"€ 3,50",Netherlands,3.38,Stadsbrouwerij Van Kollenburg,6.7%,Bock - Single / Traditional,330ml,"€ 10,61 per litre"
Brewdog Dog M,"€ 9,95",Scotland,4.10,BrewDog/ Fierce Beer,11%,Stout - Imperial / Double,330ml,"€ 30,15 per litre"
Arpus Brewing Co. Mango X Apricot X Pineapple X Cherry X Coconut X Vanille Smoothie Sour Ale,"€ 5,67",Latvia,4.24,Ārpus Brewing Co.,5%,Sour - Smoothie / Pastry,Can 440ml,"€ 12,89 per litre"
Gouden Carolus Margaretha,"€ 17,50",Belgium,3.54,Brouwerij Het Anker,8.5%,Belgian Strong Dark Ale,Bottle 750ml,"€ 23,33 per litre"
Arpus Brewing Co. Lime X Mango X Passionfruit X Pineapple X Coconut X Vanilla Smoothie Sour Ale,"€ 5,67",Belgium,3.54,,8.5%,Belgian Strong Dark Ale,Bottle 750ml,"€ 23,33 per litre"
Arpus Brewing Co. Tdh Hops X Art #24 Ipa,"€ 4,83",Belgium,3.54,,8.5%,Belgian Strong Dark Ale,Bottle 750ml,"€ 23,33 per litre"
99 Luftballons,"€ 3,50",Spain,3.56,Cierzo Brewing Co.,5.8%,Festbier,Can 440ml,"€ 7,95 per litre"
Sarajevsko Svijetlo Pivo (Bosnia),"€ 3,35",Bosnia and Herzegovina,2.97,Sarajevska Pivara,4.9%,Lager - Pale,330ml,"€ 10,15 per litre"
Zötler Heilewelt,"€ 2,99",Germany,3.45,Privat-Brauerei Zötler,4.9%,Pale Ale - English,330ml,"€ 9,06 per litre"
Zötler Schwarzer Ritter Baltic Porter,"€ 2,99",Germany,3.42,Privat-Brauerei Zötler,7.7%,Porter - Baltic,330ml,"€ 9,06 per litre"
Zötler Hell,"€ 2,29",Germany,3.39,Privat-Brauerei Zötler,4.9%,Lager - Helles,500ml,"€ 4,58 per litre"
Zötler Gold,"€ 2,29",Germany,3.31,Privat-Brauerei Zötler,5.3%,Lager - Dortmunder / Export,500ml,"€ 4,58 per litre"
Zötler Pils,"€ 2,29",Germany,3.31,Privat-Brauerei Zötler,4.9%,Pilsner - German,500ml,"€ 4,58 per litre"
Zötler Gold Alkoholfrei,"€ 2,29",Germany,2.93,Privat-Brauerei Zötler,0.2%,Non-Alcoholic - Lager,500ml,"€ 4,58 per litre"
Quantum Kitty Blackberry Fruit Sour,"€ 6,99",Germany,4.14,Sudden Death Brewing Co.,5.1%,Sour - Fruited,Can 440ml,"€ 15,89 per litre"
Somewhere In Texas Fruit Sour,"€ 6,99",Germany,4.02,Sudden Death Brewing Co.,5.5%,Sour - Fruited,Can 440ml,"€ 15,89 per litre"
Mettle,"€ 16,00",United States,4.33,Trillium Brewing Company,8.4%,IPA - Imperial / Double New England / Hazy,Bottle 650ml,"€ 259,22 per litre"
Stillings Street,"€ 16,00",United States,4.22,Trillium Brewing Company,7.2%,IPA - New England / Hazy,Bottle 650ml,"€ 259,22 per litre"
Arpus Brewing Co. Tdh Motueka X Peacharine Ipa,"€ 4,83",Latvia,3.99,Ārpus Brewing Co.,6.5%,IPA - New England / Hazy,Bottle 650ml,"€ 259,22 per litre"
Arpus Brewing Co. Tdh Rakau X Galaxy Dipa,"€ 5,17",Latvia,3.99,Ārpus Brewing Co.,6.5%,IPA - New England / Hazy,Bottle 650ml,"€ 259,22 per litre"
Arpus Brewing Co. Tdh Waimea X Riwaka Dipa,"€ 5,17",Latvia,3.99,Ārpus Brewing Co.,6.5%,IPA - New England / Hazy,Bottle 650ml,"€ 259,22 per litre"
Caribic IPA,"€ 3,30",Slovakia,3.39,Nilio Brewery,6%,IPA - American,330ml,"€ 10,00 per litre"
OMER. Traditional Blond,"€ 2,90",Belgium,3.60,Omer Vander Ghinste,8%,Belgian Blonde,330ml,"€ 8,79 per litre"
Playground Non Alcoholic IPA,"€ 2,90",Netherlands,3.33,vandeStreek bier,0.5%,Non-Alcoholic - IPA,330ml,"€ 8,79 per litre"
Juicy Lucy,"€ 4,50",Netherlands,3.64,Uiltje Brewing Company,5.5%,IPA - New England / Hazy,Can 330ml,"€ 13,64 per litre"
Deerhunter,"€ 3,38",Netherlands,3.98,Brouwerij Frontaal,13.4%,Stout - Russian Imperial,330ml,"€ 10,24 per litre"
Mannenliefde,"€ 2,16",Netherlands,3.46,Oedipus Brewing,6%,Farmhouse Ale - Saison,330ml,"€ 6,55 per litre"
Gouverneur Dubbel,"€ 1,95",Netherlands,3.28,Lindeboom,6.5%,Belgian Dubbel,300ml,"€ 6,50 per litre"
Belvedère Bock,"€ 3,45",Netherlands,3.63,De Gekroonde Merlet,8.1%,Bock - Doppelbock,330ml,"€ 10,45 per litre"
Pannepot Special Reserva,"€ 6,25",Belgium,3.86,De Struise Brouwers,10%,Belgian Strong Dark Ale,330ml,"€ 18,94 per litre"
GLOW DAZE,"€ 7,70",Spain,4.09,Garage Beer Co.,9%,IPA - Imperial / Double New England / Hazy,Can 440ml,"€ 17,50 per litre"
STONE & FLESH,"€ 7,60",Spain,4.07,Garage Beer Co.,8%,IPA - Imperial / Double,Can 440ml,"€ 17,27 per litre"
40 IN THE SHADE,"€ 7,10",Spain,3.96,Garage Beer Co.,6.6%,IPA - Fruited,Can 440ml,"€ 16,14 per litre"
ZESTORIA,"€ 6,70",Spain,3.83,Garage Beer Co.,6.6%,IPA - American,Can 440ml,"€ 15,23 per litre"
MERCE,"€ 4,40",Spain,3.80,Garage Beer Co.,5%,IPA - New England / Hazy,330ml,"€ 13,33 per litre"
COLD WHITE PORCELAIN,"€ 6,00",Spain,3.79,Garage Beer Co.,4.6%,Sour - Fruited Berliner Weisse,Can 440ml,"€ 13,64 per litre"
Oakham Green Devil,"€ 4,04",England,3.71,Oakham Ales,6%,IPA - American,500ml,"€ 8,08 per litre"
Abbaye des Rocs Brune,"€ 3,03",Belgium,3.64,Brasserie de l'Abbaye des Rocs,9%,Belgian Strong Dark Ale,330ml,"€ 9,18 per litre"
Oakham Citra,"€ 3,71",England,3.62,Oakham Ales,4.6%,IPA - Session,500ml,"€ 7,42 per litre"
Abbaye des Rocs Blanche des Honelles,"€ 2,83",Belgium,3.37,Brasserie de l'Abbaye des Rocs,6%,Wheat Beer - Witbier / Blanche,330ml,"€ 8,58 per litre"
Merci (2024),"€ 33,75",United States,4.37,Side Project Brewing,6.3%,Wild Ale - American,Bottle 375ml,"€ 90,00 per litre"
Bloodless VII,"€ 11,75",United States,4.23,The Veil Brewing Co.,12.5%,IPA - Quadruple,473ml,"€ 24,84 per litre"
Fire On the Coals,"€ 21,00",United States,4.40,Jackie O's Brewery,14%,Porter - Imperial / Double,Bottle 375ml,"€ 56,00 per litre"
Iron Furnace (2024),"€ 23,00",United States,4.40,Jackie O's Brewery,13.6%,Barleywine - Other,Bottle 375ml,"€ 61,33 per litre"
Bedlam,"€ 8,49",Finland,4.19,Revenant Brewing Project,10%,IPA - Triple New England / Hazy,Can 440ml,"€ 19,30 per litre"
Surveillance Does,"€ 6,99",England,3.95,Azvex Brewing Company,6.5%,IPA - New England / Hazy,Can 440ml,"€ 15,89 per litre"
Cellar Cuvee 15,"€ 23,00",United States,4.40,Jackie O's Brewery,14.7%,Strong Ale - American,Bottle 375ml,"€ 61,33 per litre"
Bourbon Barrel Dark Apparition (2024),"€ 19,75",United States,4.34,Jackie O's Brewery,12.5%,Stout - Russian Imperial,Bottle 375ml,"€ 52,67 per litre"
Petit Jus De Mort : Pêche + Orange + Canneberge,"€ 12,00",Canada,4.12,Messorem,6%,Sour - Smoothie / Pastry,473ml,"€ 25,37 per litre"
Camel Up!,"€ 7,29",Norway,4.19,Salikatt Bryggeri,8%,IPA - Imperial / Double New England / Hazy,Can 440ml,"€ 16,57 per litre"
Singletrack Nelson,"€ 6,99",Norway,4.09,Salikatt Bryggeri,8%,IPA - Imperial / Double New England / Hazy,Can 440ml,"€ 15,89 per litre"
Firepit,"€ 6,49",Norway,3.82,Salikatt Bryggeri,6%,IPA - American,Can 440ml,"€ 14,75 per litre"
Digital Twin,"€ 3,79",Netherlands,3.65,Van Moll,6%,IPA - New England / Hazy,330ml,"€ 11,48 per litre"
Walking Study In Demonology,"€ 7,99",England,4.10,Low Key Barrel Project,12.4%,Barleywine - American,330ml,"€ 24,21 per litre"
Mango Smoothie,"€ 6,79",Norway,3.97,Salikatt Bryggeri,5.5%,Sour - Smoothie / Pastry,Can 440ml,"€ 15,43 per litre"
Silver Lining,"€ 34,99",Norway,4.43,Salikatt Bryggeri,15%,Stout - Imperial / Double,Bottle 375ml,"€ 93,31 per litre"
Mango X Apricot X Pineapple X Cherry X Coconut X Vanilla Smoothie Sour Ale,"€ 6,99",Latvia,4.24,Ārpus Brewing Co.,5%,Sour - Smoothie / Pastry,Can 440ml,"€ 15,89 per litre"
FAM,"€ 7,49",Spain,4.12,SOMA Beer,8%,IPA - Imperial / Double New England / Hazy,Can 440ml,"€ 17,02 per litre"
Jungle Factory,"€ 7,29",Norway,4.11,Salikatt Bryggeri,8%,IPA - Imperial / Double New England / Hazy,Can 440ml,"€ 16,57 per litre"
RIZZ,"€ 7,49",Spain,4.11,SOMA Beer,8%,IPA - Imperial / Double New England / Hazy,Can 440ml,"€ 17,02 per litre"
WAVY,"€ 6,99",Spain,4.08,SOMA Beer,6.5%,IPA - New England / Hazy,Can 440ml,"€ 15,89 per litre"
BAE,"€ 6,99",Spain,4.06,SOMA Beer,6%,IPA - New England / Hazy,Can 440ml,"€ 15,89 per litre"
TDH Waimea X Riwaka DIPA,"€ 6,49",Latvia,3.96,Ārpus Brewing Co.,8%,IPA - Imperial / Double New England / Hazy,Can 440ml,"€ 14,75 per litre"
TDH Rakau X Galaxy DIPA,"€ 6,49",Latvia,3.93,Ārpus Brewing Co.,8%,IPA - Imperial / Double New England / Hazy,Can 440ml,"€ 14,75 per litre"
TDH Hops X Art #24 IPA,"€ 5,99",Latvia,3.89,Ārpus Brewing Co.,6.5%,IPA - New England / Hazy,Can 440ml,"€ 13,61 per litre"
TDH Motueka X Peacharine IPA,"€ 5,99",Latvia,3.88,Ārpus Brewing Co.,6.5%,IPA - New England / Hazy,Can 440ml,"€ 13,61 per litre"
Nillerzzzzz Blend #5 (2022),"€ 169,99",United States,4.49,Forager Brewery,14%,Stout - American,Can 440ml,"€ 13,61 per litre"
10th Anniversary,"€ 42,99",United States,4.47,Fremont Brewing,11.1%,Stout - Imperial / Double,Bottle 650ml,"€ 66,14 per litre"
Plaisir,"€ 139,99",Belgium,4.42,Brasserie Cantillon,6.5%,Lambic - Fruit,Bottle 650ml,"€ 66,14 per litre"
Schaarbeekse Kriek Oogst 2019 (season 19|20) Blend No. 73,"€ 44,95",Belgium,4.42,Brouwerij 3 Fonteinen,7.7%,Lambic - Kriek,,
Schaarbeekse Kriek Oogst 2019 (season 19|20) Blend No. 74,"€ 44,95",Belgium,4.42,Brouwerij 3 Fonteinen,7.5%,Lambic - Kriek,,
Senescence (2021),"€ 139,99",United States,4.38,Floodland Brewing,4.89%,Farmhouse Ale - Saison,,
Racine 2021,"€ 99,95",Belgium,4.36,Brasserie Cantillon,7%,Lambic - Fruit,,
Hommage (season 19|20) Blend No. 72,"€ 15,95",Belgium,4.30,Brouwerij 3 Fonteinen,6.3%,Lambic - Framboise,Bottle 375ml,"€ 42,53 per litre"
Pulling Nails (Blend #14),"€ 54,99",United States,4.30,Side Project Brewing,7%,Wild Ale - American,Bottle 375ml,"€ 42,53 per litre"
Oude Geuze Geturfd (season 19|20) Blend No. 61,"€ 18,99",Belgium,4.29,Brouwerij 3 Fonteinen,10.6%,Lambic - Gueuze,Bottle 750ml,"€ 25,32 per litre"
Pruim Vroege Tolse (season 21|22) Blend No. 5,"€ 27,95",Belgium,4.27,Brouwerij 3 Fonteinen,7.5%,Lambic - Fruit,Bottle 750ml,"€ 37,27 per litre"
Oude Geuze Cuvée Armand & Gaston (season 19|20) Blend No. 84,"€ 69,95",Belgium,4.24,Brouwerij 3 Fonteinen,6.5%,Lambic - Gueuze,Bottle 750ml,"€ 37,27 per litre"
Oude Geuze Cuvée Armand & Gaston (season 21|22) Blend No. 78,"€ 19,95",Belgium,4.24,Brouwerij 3 Fonteinen,6.5%,Lambic - Gueuze,Bottle 750ml,"€ 37,27 per litre"
Vlierbloesem (season 21|22) Blend No. 79,"€ 27,95",Belgium,4.23,Brouwerij 3 Fonteinen,7.6%,Lambic - Other,Bottle 750ml,"€ 37,27 per litre"
Nillerzzzzz Killerzzzzz (Vintage 2022),"€ 129,99",United States,4.23,Forager Brewery,14%,Stout - Imperial / Double Coffee,Bottle 750ml,"€ 37,27 per litre"
Druif Dornfelder (season 20|21) Blend No. 27,"€ 29,99",Belgium,4.23,Brouwerij 3 Fonteinen,7.7%,Lambic - Fruit,Bottle 750ml,"€ 39,99 per litre"
La Ruche (10 Year),"€ 44,99",United States,4.22,Side Project Brewing,5%,Farmhouse Ale - Saison,Bottle 750ml,"€ 59,99 per litre"
Frambozenlambik Oogst 2019 (season 19|20) Blend No. 33,"€ 16,95",Belgium,4.22,Brouwerij 3 Fonteinen,6.8%,Lambic - Framboise,Bottle 375ml,"€ 45,20 per litre"
Iridium Flare (2017),"€ 49,95",United States,4.17,Bottle Logic Brewing,13.9%,Mead - Braggot,Bottle 375ml,"€ 45,20 per litre"
Oude Kriek (season 19|20) Blend No. 84,"€ 24,99",Belgium,4.13,Brouwerij 3 Fonteinen,6.6%,Lambic - Kriek,Bottle 375ml,"€ 45,20 per litre"
Strenge Winter (season 19|20) Blend No. 53,"€ 24,95",Belgium,4.12,Brouwerij 3 Fonteinen,7.1%,Wild Ale - Other,Bottle 750ml,"€ 33,27 per litre"
Golden Doesjel (season 19|20) Blend No. 41,"€ 13,95",Belgium,4.11,Brouwerij 3 Fonteinen,6%,Lambic - Gueuze,Bottle 375ml,"€ 37,20 per litre"
Paix Dieu 75cl,"€ 12,95",Belgium,3.77,Brasserie Caulier,10%,Belgian Tripel,Bottle 375ml,"€ 37,20 per litre"
Woest,"€ 3,35",Netherlands,3.76,Dutch Bargain,10%,Stout - Imperial / Double,330ml,"€ 10,15 per litre"
The Original Smokey,"€ 3,50",Netherlands,3.62,De Kromme Haring,8.5%,Porter - Smoked,330ml,"€ 10,61 per litre"
vandeStreek Fun House Non Alcoholic NEIPA,"€ 2,50",Hong Kong,3.31,Gweilo Beer/ vandeStreek bier,0.5%,Non-Alcoholic - IPA,330ml,"€ 7,58 per litre"
Lervig No Worries,"€ 2,75",Norway,3.19,LERVIG,0.5%,Non-Alcoholic - IPA,330ml,"€ 8,33 per litre"
Jever Fun,"€ 1,19",Germany,2.57,Friesisches Brauhaus zu Jever,0.3%,Non-Alcoholic - Lager,330ml,"€ 8,33 per litre"
Hofbräu Oktoberfestbier,"€ 3,10",Germany,3.60,Staatliches Hofbräuhaus München,6.3%,Festbier,500ml,"€ 6,20 per litre"
Gouverneur Tripel,"€ 2,40",Netherlands,3.47,Lindeboom,8.2%,Belgian Tripel,500ml,"€ 6,20 per litre"
Bonfire Stout,"€ 3,00",Wales,3.02,Drop Bear Beer Co.,0.5%,Non-Alcoholic - Porter / Stout,Can 330ml,"€ 9,09 per litre"
Tropical IPA,"€ 3,00",Wales,2.91,Drop Bear Beer Co.,0.5%,Non-Alcoholic - IPA,Can 330ml,"€ 9,09 per litre"
New World Lager,"€ 3,00",Wales,2.89,Drop Bear Beer Co.,0.5%,Non-Alcoholic - Lager,Can 330ml,"€ 9,09 per litre"
Mountains,"€ 8,90",Sweden,4.13,Stigbergets Bryggeri,13%,Stout - Imperial / Double Coffee,Can 440ml,"€ 20,23 per litre"
Silk Screen,"€ 7,00",Netherlands,3.96,Floem,7.7%,IPA - Imperial / Double New England / Hazy,Can 440ml,"€ 15,91 per litre"
Elburg - Witte Voswief,"€ 3,10",Nederland,3.96,Stadsbrouwerij Vos,5%,Witbier,330ml,"€ 9,39 per litre"
Punk IPA,"€ 1,90",Scotland,3.71,BrewDog,5.2%,IPA - American,330ml,"€ 5,76 per litre"
Original Helles,"€ 1,90",Germany,3.61,Bayerische Staatsbrauerei Weihenstephan,5.1%,Lager - Helles,500ml,"€ 3,80 per litre"
Cubulteria,"€ 5,50",Italy,3.56,Karma,6.5%,Wheat Beer - Witbier / Blanche,330ml,"€ 16,67 per litre"
Hefeweissbier dunkel,"€ 1,90",Germany,3.76,Bayerische Staatsbrauerei Weihenstephan,5.3%,Wheat Beer - Dunkelweizen,500ml,"€ 3,80 per litre"
Every Day Is Pretzel Day,"€ 3,70",Romania,3.55,Hop Hooligans,5%,Pilsner - German,Can 500ml,"€ 7,40 per litre"
The OGB,"€ 4,80",England,3.86,DMC Brewery,5.2%,Hard Ginger Beer,Can 440ml,"€ 10,91 per litre"
Val-Dieu Grand Cru,"€ 6,95",Belgium,3.78,Brasserie de l'Abbaye du Val-Dieu,10.5%,Belgian Quadrupel,Bottle 750ml,"€ 9,27 per litre"
Bräuweisse,"€ 2,35",Germany,3.72,Ayinger Privatbrauerei,5.1%,Wheat Beer - Hefeweizen,,
Cornet Oaked,"€ 1,85",Belgium,3.61,Brouwerij De Hoorn,8.5%,Belgian Strong Golden Ale,330ml,"€ 5,61 per litre"
Pecheresse,"€ 1,85",Belgium,3.57,Brouwerij Lindemans,2.5%,Lambic - Fruit,Bottle 250ml,"€ 7,40 per litre"
Filou,"€ 6,95",Belgium,3.53,Kasteel Brouwerij Vanhonsebrouck,8.5%,Belgian Tripel,Bottle 750ml,"€ 9,27 per litre"
Kriek,"€ 3,55",Belgium,3.53,Brouwerij Boon,25%,Lambic - Kriek,Bottle 370ml,"€ 9,59 per litre"
Seef Bier,"€ 2,20",Belgium,3.53,Antwerpse Brouw Compagnie,6.5%,Belgian Blonde,330ml,"€ 6,67 per litre"
Hapkin,"€ 2,60",Belgium,3.50,Brouwerij Alken-Maes,8.5%,Belgian Strong Golden Ale,330ml,"€ 7,88 per litre"
Prion Des Fleurs,"€ 2,55",Belgium,3.47,Brouwerij Kompel,8%,Honey Beer,330ml,"€ 7,73 per litre"
Kapittel Blond,"€ 1,85",Belgium,3.25,Leroy Breweries,6.5%,Belgian Blonde,330ml,"€ 5,61 per litre"
La Corne Blond,"€ 2,45",Belgium,3.21,Brasserie d'Ebly,5.6%,IPA - Belgian,330ml,"€ 7,42 per litre"
Oude Geuze Barrel Selection Port Wood Whisky Edition 2022,"€ 20,85",Belgium,4.16,Oud Beersel,7%,Lambic - Gueuze,Bottle 750ml,"€ 27,80 per litre"
Oude Geuze Barrel Selection Foeder 21 2022,"€ 7,96",Belgium,4.10,Oud Beersel,6.5%,Lambic - Gueuze,Bottle 375ml,"€ 21,23 per litre"
Oude Geuze Barrel Selection Demi-Muids,"€ 7,52",Belgium,4.06,Oud Beersel,6.5%,Lambic - Gueuze,Bottle 375ml,"€ 20,05 per litre"
Tilquin 40-60 Gueuze,"€ 4,92",Belgium,4.05,Gueuzerie Tilquin,6.8%,Lambic - Gueuze,Bottle 375ml,"€ 13,12 per litre"
Tilquin 60-40 Gueuze,"€ 4,92",Belgium,4.01,Gueuzerie Tilquin,6.8%,Lambic - Gueuze,Bottle 375ml,"€ 13,12 per litre"
Ambreus Oude Geuze,"€ 4,96",Belgium,3.99,Stekerij Ambreus,6.5%,Lambic - Gueuze,Bottle 375ml,"€ 13,23 per litre"
Oude Geuze Vandervelden 142,"€ 14,74",Belgium,3.96,Oud Beersel,6.5%,Lambic - Gueuze,Bottle 750ml,"€ 19,65 per litre"
Winter Lambiek Sparkling,"€ 14,71",Belgium,3.87,Oud Beersel,7.2%,Lambic - Other,Bottle 750ml,"€ 19,61 per litre"
Rabarberlambiek,"€ 29,89",Belgium,3.75,Oud Beersel,5%,Lambic - Other,3100ml,"€ 9,64 per litre"
Iron Furnace (2024),"€ 24,99",United States,4.40,Jackie O's Brewery,13.6%,Barleywine - Other,Bottle 375ml,"€ 66,64 per litre"
On the First Light of the Fifth Day,"€ 26,99",United States,4.33,The Bruery,13.7%,Stout - Imperial / Double,Bottle 375ml,"€ 71,97 per litre"
Green & Black Elevators,"€ 23,49",United States,4.27,Jackie O's Brewery,12.5%,Stout - Imperial / Double,Bottle 375ml,"€ 71,97 per litre"
Fall From Grace,"€ 22,49",United States,4.22,Equilibrium Brewery,11%,Stout - Imperial / Double,500ml,"€ 44,98 per litre"
Westward Whiskey Barrel Aged Old Rasputin,"€ 20,49",United States,4.15,North Coast Brewing Company,12.2%,Stout - Russian Imperial,500ml,"€ 44,98 per litre"
Retreat [this is a hazy double IPA],"€ 8,29",United States,4.02,Offshoot Beer Co.,8.6%,IPA - Imperial / Double New England / Hazy,473ml,"€ 17,53 per litre"
All Wise,"€ 20,99",United States,3.98,Equilibrium Brewery,11%,Stout - Imperial / Double Pastry,473ml,"€ 17,53 per litre"
Circinae,"€ 19,99",United States,3.90,Equilibrium Brewery,11%,Stout - Imperial / Double,473ml,"€ 17,53 per litre"
Escape [it's your everyday West Coast IPA],"€ 6,69",United States,3.79,Offshoot Beer Co.,7.1%,IPA - American,473ml,"€ 14,14 per litre"
Tesselaar Slufter Bok,"€ 3,30",Netherlands,3.50,Tesselaar Familiebrouwerij Diks,7.5%,Bock - Single / Traditional,330ml,"€ 10,00 per litre"
Weijsbeer Bock,"€ 3,70",Netherlands,3.48,De Blauwe IJsbeer,6%,Bock - Weizenbock,330ml,"€ 11,21 per litre"
French Toast,"€ 4,70",Hungary,3.82,Mad Scientist,6%,Sour - Smoothie / Pastry,330ml,"€ 14,24 per litre"
Salzstout Bourbon/Cognac BA (Silver Series),"€ 10,15",Estonia,4.11,Pühaste Brewery,13.5%,Stout - Imperial / Double,330ml,"€ 30,76 per litre"
Polymers are Forever (canned: 22-07-24),"€ 6,60",Germany,3.98,FUERST WIACEK,6.8%,IPA - New England / Hazy,Can 440ml,"€ 15,00 per litre"
Whirly Brain (canned: 22-07-24),"€ 7,05",Germany,3.94,FUERST WIACEK,8%,IPA - Imperial / Double,Can 440ml,"€ 16,02 per litre"
Sunstead: White Nectarine 2023,"€ 27,75",Denmark,4.30,Insight Cellars,6.6%,Wild Ale - Other,Bottle 750ml,"€ 37,00 per litre"
Star People,"€ 8,55",Sweden,4.22,Elmeleven,5%,Sour - Smoothie / Pastry,Can 440ml,"€ 19,43 per litre"
Rhineland Harmonie 2021,"€ 27,95",Denmark,4.19,Insight Cellars,8.5%,Wild Ale - Other,Bottle 750ml,"€ 37,27 per litre"
Glimmering Grove 2023,"€ 27,75",Denmark,4.19,Insight Cellars,6.6%,Wild Ale - Other,Bottle 750ml,"€ 37,00 per litre"
The Lift Off Game,"€ 5,20",United States,4.14,Bottle Logic Brewing/ Brewski,12.5%,Stout - Imperial / Double Pastry,330ml,"€ 15,76 per litre"
Boyicao (bbf: 07-25),"€ 7,15",Spain,4.08,Basqueland Brewing,12.5%,Stout - Imperial / Double Pastry,Can 440ml,"€ 16,25 per litre"
Lode of Gold (canned: 08-08-24),"€ 7,50",Germany,4.05,Sudden Death Brewing Co.,7.7%,IPA - Imperial / Double New England / Hazy,Can 440ml,"€ 17,05 per litre"
Midnight Snack (canned: 13-08-24),"€ 7,20",Germany,3.99,FUERST WIACEK,8%,IPA - Imperial / Double,Can 440ml,"€ 16,36 per litre"
More German Goes Not (canned: 30-07-24),"€ 7,45",Germany,3.92,Sudden Death Brewing Co.,7.8%,Bock - Weizenbock,Can 440ml,"€ 16,93 per litre"
Roulette Hop Series: HBC 1019 (bbf: 25-07-25),"€ 4,55",Estonia,3.88,Pühaste Brewery,6.9%,IPA - New England / Hazy,330ml,"€ 13,79 per litre"
Comet Surfer (canned: 06-06-24),"€ 6,80",Germany,3.87,Sudden Death Brewing Co.,7.5%,IPA - American,Can 440ml,"€ 15,45 per litre"
Peoleo (bbf: 02-11-25),"€ 4,50",Estonia,3.78,Pühaste Brewery,6%,IPA - New England / Hazy,330ml,"€ 13,64 per litre"
Cumulus,"€ 12,50",France,4.25,Aerofab,5.3%,Sour - Berliner Weisse,Bottle 750ml,"€ 16,67 per litre"
Cumulus Humilis,"€ 16,00",France,4.25,Aerofab,4.5%,Sour - Berliner Weisse,Bottle 750ml,"€ 21,33 per litre"
Fluctus,"€ 12,80",France,4.10,Aerofab,8.7%,IPA - Farmhouse,Bottle 750ml,"€ 17,07 per litre"
Sur la crête vosgienne 2023,"€ 19,50",France,4.03,Nano Brasserie SPO,5.6%,Cider - Graff,Bottle 750ml,"€ 26,00 per litre"
Mammatus,"€ 12,00",France,3.95,Aerofab,4.8%,Farmhouse Ale - Brett,Bottle 750ml,"€ 16,00 per litre"
Cumulus Fractus,"€ 12,50",France,3.65,Aerofab,6.5%,Sour - Berliner Weisse,Bottle 750ml,"€ 16,67 per litre"
Lièvre,"€ 3,93",Belgium,3.71,La Source Beer Co.,6.5%,IPA - American,330ml,"€ 11,91 per litre"
Carpe,"€ 3,79",Belgium,3.69,La Source Beer Co.,4.7%,IPA - Session,330ml,"€ 11,48 per litre"
Taupe,"€ 3,79",Belgium,3.52,La Source Beer Co.,5.4%,Porter - Other,330ml,"€ 11,48 per litre"
Cannonball,"€ 3,95",England,3.74,Magic Rock Brewing,7.4%,IPA - American,Can 440ml,"€ 8,98 per litre"
Birodalmi Bagoly Bourbon BA 2023,"€ 10,90",Hungary,4.08,Balkezes,12%,Porter - Imperial / Double Baltic,330ml,"€ 33,03 per litre"
Birodalmi Bagoly Rhum 2023,"€ 10,90",Hungary,3.91,Balkezes,12%,Porter - Imperial / Double Baltic,330ml,"€ 33,03 per litre"
Ugar Brewery Stróman,"€ 4,10",Hungary,3.75,UGAR Brewery,6.5%,IPA - New England / Hazy,330ml,"€ 12,42 per litre"
Kenderes IPA,"€ 4,10",Hungary,3.30,BAZ Beer,5.7%,IPA - Other,330ml,"€ 12,42 per litre"
Sureshot x Two Flints Bigfoot Rodeo,"€ 9,60",England,4.10,Sureshot Brewing,8%,IPA - Imperial / Double,Can 440ml,"€ 21,82 per litre"
Toot Sweet,"€ 6,00",England,3.73,DMC Brewery,4.5%,Hard Ginger Beer,Can 440ml,"€ 13,64 per litre"
Your Favourite Reference,"€ 6,50",England,3.63,Sureshot Brewing,4.5%,Sour - Fruited,Can 440ml,"€ 14,77 per litre"
Jambe de Bois,"€ 3,50",Belgium,3.56,Brasserie de la Senne,8%,Belgian Tripel,330ml,"€ 10,61 per litre"
Dead Rabbit,"€ 3,22",Hungary,3.74,MONYO Brewing Co.,9.5%,IPA - Imperial / Double,330ml,"€ 9,76 per litre"
Fam,"€ 7,79",Spain,4.12,SOMA Beer,8%,IPA - Imperial / Double New England / Hazy,Can 440ml,"€ 17,70 per litre"
Rizz,"€ 7,79",Spain,4.11,SOMA Beer,8%,IPA - Imperial / Double New England / Hazy,Can 440ml,"€ 17,70 per litre"
Wavy,"€ 7,29",Spain,4.08,SOMA Beer,6.5%,IPA - New England / Hazy,Can 440ml,"€ 16,57 per litre"
Heriot IPA,"€ 5,49",Sweden,3.98,Apex Brewing Company,6.5%,IPA - New England / Hazy,Can 440ml,"€ 12,48 per litre"
Step Steadier,"€ 5,49",Ireland,3.86,Whiplash,6.8%,IPA - American,Can 440ml,"€ 12,48 per litre"
Pillow Talk,"€ 4,79",Norway,3.84,LERVIG,6.6%,IPA - New England / Hazy,330ml,"€ 14,52 per litre"
Fields Of Citra,"€ 7,70",England,3.91,Burnt Mill Brewery,6%,IPA - New England / Hazy,Can 440ml,"€ 17,50 per litre"
Taiga DDH Neipa,"€ 8,10",Spain,3.94,Attik Brewing,6.6%,IPA - New England / Hazy,Can 440ml,"€ 18,41 per litre"
"Flexure – Soft, Sweet & creamy  Nedipa","€ 7,10",Netherlands,3.91,Moersleutel Craft Brewery,8.5%,IPA - Imperial / Double New England / Hazy,Can 440ml,"€ 16,14 per litre"
Pompa DDH IPA,"€ 8,10",Spain,3.90,Attik Brewing,6.4%,IPA - New England / Hazy,Can 440ml,"€ 18,41 per litre"
"Moersleutel  Perssure  Passionfruit,Grapefruit,Smooth Neipa","€ 6,45",Netherlands,3.82,Moersleutel Craft Brewery,7%,IPA - New England / Hazy,Can 440ml,"€ 14,66 per litre"
Rook & Rogge – Smoked Rye IPA,"€ 3,60",Netherlands,3.58,Brouwerij de Molen,7.5%,IPA - Rye,330ml,"€ 10,91 per litre"
Zoet & Hout – Peated Porter,"€ 3,55",Netherlands,3.55,Brouwerij de Molen,8%,Porter - Smoked,330ml,"€ 10,76 per litre"
"Moersleutel Remblok Smooth,Dark,Chocolate Bock","€ 5,10",Netherlands,3.48,Moersleutel Craft Brewery,6.5%,Bock - Single / Traditional,Can 440ml,"€ 11,59 per litre"
Fire & Ball – NEIPA,"€ 3,60",Netherlands,3.37,Brouwerij de Molen,7.5%,IPA - New England / Hazy,330ml,"€ 10,91 per litre"
Orange O,"€ 4,77",Hungary,3.84,Mead Scientist,6.6%,Mead - Braggot,330ml,"€ 14,45 per litre"
Madhouse DDH,"€ 5,08",Hungary,3.75,Mad Scientist,5.5%,IPA - New England / Hazy,Can 440ml,"€ 11,55 per litre"
Rákóczi Túrós,"€ 5,08",Hungary,3.74,Mad Scientist,10%,Sour - Smoothie / Pastry,330ml,"€ 15,39 per litre"
Popstar,"€ 3,83",Hungary,3.52,Mad Scientist,6%,Gluten-Free,Can 440ml,"€ 8,70 per litre"
Raspberry & Funk,"€ 16,09",Hungary,3.97,MadX,5.7%,Farmhouse Ale - Other,Bottle 750ml,"€ 21,45 per litre"
Selfish Games Juicy Hopwave,"€ 4,76",Hungary,3.84,HORIZONT Brewing,6%,IPA - New England / Hazy,Can 440ml,"€ 10,82 per litre"
Selfish Games Cashmere Shores,"€ 4,47",Hungary,3.77,HORIZONT Brewing,6.5%,IPA - New England / Hazy,Can 440ml,"€ 10,16 per litre"
Galaxy Lager,"€ 2,59",Hungary,3.51,RothBeer,5%,Lager - IPL (India Pale Lager),330ml,"€ 7,85 per litre"
Selfish Games Golden Glow,"€ 4,04",Hungary,3.40,HORIZONT Brewing,5.1%,Wheat Beer - Witbier / Blanche,Can 440ml,"€ 9,18 per litre"
Black Potion Pastry Stout,"€ 6,10",Netherlands,3.81,Brouwerij Kees,13.8%,Stout - Pastry,Can 330ml,"€ 18,48 per litre"
Hazy Nebula Neipa,"€ 6,10",Netherlands,3.73,Moersleutel Craft Brewery,6%,IPA - New England / Hazy,Can 440ml,"€ 13,86 per litre"
Hop Thing Vermont Ipa,"€ 5,60",Netherlands,3.70,Brouwerij Kees,7%,IPA - Other,Can 440ml,"€ 12,73 per litre"
Eastern Triangle East Coast Ipa,"€ 6,10",Netherlands,3.59,Brouwerij Kees,6.2%,IPA - American,Can 440ml,"€ 13,86 per litre"
Quadrupel Barrel Aged,"€ 6,95",Netherlands,3.50,Brouwerij De 12 Stuyvers,6.2%,Belgian Quadrupel,330ml,"€ 21,06 per litre"
Are the Leaves are Brown,"€ 5,60",Netherlands,3.48,X-brewing,8%,Bock - Doppelbock,Can 440ml,"€ 12,73 per litre"
Razende Bok,"€ 3,05",Netherlands,3.38,Tesselaar Familiebrouwerij Diks,6%,Bock - Single / Traditional,330ml,"€ 9,24 per litre"
Pastry Stout – Cinnamon Bun Plasterer,"€ 8,10",Netherlands,3.38,Moersleutel,6%,Bock - Single / Traditional,Can 440ml,"€ 18,41 per litre"
No.35 (BBC Four Jack Daniels Rye Whiskey Barrel Aged),"€ 7,99",Netherlands,4.18,Bronckhorster Brewing Company,13.5%,Belgian Quadrupel,330ml,"€ 24,21 per litre"
No.45( Imperial Stout French Whiskey Barrel Aged),"€ 8,49",Netherlands,4.18,Bronckhorster Brewing Company,13.5%,Belgian Quadrupel,330ml,"€ 25,73 per litre"
No.36 (Angus Tripel Heaven Hill Bourbon Barrel Aged),"€ 7,99",Netherlands,4.09,Bronckhorster Brewing Company,12%,Belgian Tripel,330ml,"€ 24,21 per litre"
Pulling Strings,"€ 9,95",Canada,4.23,BreWskey,8.6%,IPA - Imperial / Double New England / Hazy,473ml,"€ 21,04 per litre"
Poolside Bliss,"€ 6,25",United States,3.79,AleSmith Brewing Company,7.1%,IPA - New England / Hazy,473ml,"€ 13,21 per litre"
Demon Head,"€ 3,93",Belgium,3.72,La Source Beer Co.,6.3%,IPA - Black / Cascadian Dark Ale,330ml,"€ 11,91 per litre"
DOK / Lucky Bay Do you can from a land down under?,"€ 3,21",Belgium,3.49,Dok Brewing Company,5%,Pale Ale - Australian,330ml,"€ 9,73 per litre"
Dubbel Bok,"€ 2,75",Netherlands,3.48,Brouwerij Klein Duimpje,8.5%,Bock - Doppelbock,330ml,"€ 8,33 per litre"
Oikenbock,"€ 3,00",Netherlands,3.41,Dampegheest,6.5%,Bock - Single / Traditional,330ml,"€ 9,09 per litre"
Slobberbok,"€ 2,65",Netherlands,3.36,Brouwerij Klein Duimpje,7.5%,Bock - Single / Traditional,330ml,"€ 8,03 per litre"
Merci 2024,"€ 33,95",United States,4.37,Side Project Brewing,6.27%,Wild Ale - American,Bottle 375ml,"€ 90,53 per litre"
Blended 2023,"€ 39,95",United States,4.25,Side Project Brewing,6%,Wild Ale - American,Bottle 375ml,"€ 106,53 per litre"
The Malt Mill,"€ 35,00",United States,4.24,The Bruery,19.7%,Stout - Imperial / Double,Bottle 375ml,"€ 93,33 per litre"
Loam Vidal Blanc 2023,"€ 44,99",United States,4.21,Side Project Brewing,7.9%,Farmhouse Ale - Saison,Bottle 750ml,"€ 59,99 per litre"
Punchdown 2023,"€ 39,95",United States,4.05,Side Project Brewing,9%,Wild Ale - American,Bottle 375ml,"€ 106,53 per litre"
Black Tuesday Red Wine Barrel Aged,"€ 35,00",United States,4.33,The Bruery,18.3%,Stout - Imperial / Double,Bottle 375ml,"€ 93,33 per litre"
Forgotten Lore,"€ 35,00",United States,4.28,The Bruery,21.5%,Stout - Imperial / Double,Bottle 375ml,"€ 93,33 per litre"
Demon Water,"€ 35,00",United States,4.18,The Bruery,17.7%,Stout - Imperial / Double,Bottle 375ml,"€ 93,33 per litre"
Black Tuesday Tequila Barrel Aged,"€ 35,00",United States,4.12,The Bruery,18.7%,Stout - Imperial / Double,Bottle 375ml,"€ 93,33 per litre"
Black Tuesday Gin Barrel Aged,"€ 35,00",United States,4.11,The Bruery,18.4%,Stout - Imperial / Double,Bottle 375ml,"€ 93,33 per litre"
Aardbei,"€ 29,01",Belgium,4.30,Brouwerij 3 Fonteinen,5.7%,Lambic - Fruit,Bottle 750ml,"€ 38,68 per litre"
Ambreus Oude Geuze,"€ 9,69",Belgium,3.99,Stekerij Ambreus,6.5%,Lambic - Gueuze,Bottle 750ml,"€ 12,92 per litre"
Oude Geuze,"€ 3,83",Belgium,3.98,Hanssens Artisanaal,6%,Lambic - Gueuze,Bottle 375ml,"€ 10,21 per litre"
Black Tuesday Brandy Barrel Aged,"€ 35,00",United States,4.34,The Bruery,20.7%,Stout - Imperial / Double,Bottle 375ml,"€ 93,33 per litre"
Orca Brau Fluffy Hazy Pale Ale (),"€ 3,99",Germany,3.81,orca brau,4.7%,Pale Ale - New England / Hazy,330ml,"€ 12,09 per litre"
Weiherer Summer Ale,"€ 3,09",Germany,3.51,Brauerei Kundmüller,5.2%,Pale Ale - Other,500ml,"€ 6,18 per litre"
Cool Little Thing IPA,"€ 3,89",United States,3.80,Sierra Nevada Brewing Co.,7.5%,IPA - New England / Hazy,355ml,"€ 10,96 per litre"
Orca Brau No Brainer Hazy New England DIPA,"€ 4,89",United States,3.80,,7.5%,IPA - New England / Hazy,330ml,"€ 14,82 per litre"
Engel Bock Hell,"€ 3,45",Germany,3.33,Biermanufaktur ENGEL,7.2%,Bock - Single / Traditional,500ml,"€ 6,90 per litre"
Budels Herfstbock,"€ 2,40",Netherlands,3.30,Budelse Brouwerij,6.5%,Bock - Single / Traditional,330ml,"€ 7,27 per litre"
Budels Ongefilterd,"€ 1,85",Netherlands,3.15,Budelse Brouwerij,5%,Kellerbier / Zwickelbier,300ml,"€ 6,17 per litre"
"Budels Radler 2,2%","€ 2,00",Netherlands,2.76,Budelse Brouwerij,2.2%,Shandy / Radler,300ml,"€ 6,67 per litre"
"Budels Witte Parel 0,0%","€ 2,00",Netherlands,2.69,Budelse Brouwerij,2.2%,Non-Alcoholic - Wheat,300ml,"€ 6,67 per litre"
"Budels Hopped 0,0%","€ 2,45",Netherlands,2.68,Budelse Brouwerij,2.2%,Non-Alcoholic - Pale Ale,300ml,"€ 8,17 per litre"
Drei Kronen 1457 Lager,"€ 2,30",Germany,3.43,Brauerei Drei Kronen Memmelsdorf,4.5%,Kellerbier / Zwickelbier,500ml,"€ 4,60 per litre"
Frauendorfer Hell,"€ 1,90",Germany,3.42,Brauerei Hetzel,4.4%,Lager - Helles,500ml,"€ 3,80 per litre"
Frauendorfer Rauchbier,"€ 2,00",Germany,3.40,Brauerei Hetzel,5.4%,Rauchbier,500ml,"€ 4,00 per litre"
Weize Vos,"€ 3,20",Netherlands,3.50,Stadsbrouwerij Vos Elburg,5.4%,Wheat Beer - Hefeweizen,330ml,"€ 9,70 per litre"
Sluwe Vos,"€ 3,50",Netherlands,3.49,Stadsbrouwerij Vos Elburg,8%,IPA - Imperial / Double,330ml,"€ 10,61 per litre"
Dubbel Vos,"€ 3,50",Netherlands,3.35,Stadsbrouwerij Vos Elburg,6.5%,Belgian Dubbel,330ml,"€ 10,61 per litre"
Zeezuiper Tripel,"€ 2,40",Belgium,3.66,Scheldebrouwerij,8%,Belgian Tripel,330ml,"€ 7,27 per litre"
Blond Biologisch Glutenvrij,"€ 2,70",Belgium,3.16,Brasserie de Brunehaut,6.5%,Gluten-Free,330ml,"€ 8,18 per litre"
Schokolator – Imperial Stout,"€ 3,75",Germany,3.28,Privatbrauerei Sander,8%,Stout - Imperial / Double,330ml,"€ 11,36 per litre"
Unchained – Sin  – Blood Orange,"€ 4,10",Spain,3.41,La Pirata Brewing,0.5%,Non-Alcoholic - IPA,330ml,"€ 12,42 per litre"
Gouden Carolus Indulgence 2024 Margaretha,"€ 18,49",Belgium,3.54,Brouwerij Het Anker,8.5%,Belgian Strong Dark Ale,Bottle 750ml,"€ 24,65 per litre"
Wywar Nealko,"€ 2,86",Slovakia,2.84,Holíčsky pivovar Wywar,0.5%,Non-Alcoholic - Other,Can 500ml,"€ 5,72 per litre"
Satanic Panic BARREL AGED 4-YEARS OnlyCans,"€ 8,75",Norway,4.18,Cervisiam,11.3%,Stout - Imperial / Double,330ml,"€ 26,52 per litre"
Chocolate Salty Bourbon Balls BARREL AGED 4-YEARS OnlyCans,"€ 8,75",Norway,4.12,Cervisiam,11.7%,Stout - Imperial / Double,330ml,"€ 26,52 per litre"
SWIRL SOUR - BLUEBERRY,"€ 7,25",Spain,4.08,MALANDAR Craft Beer,6%,Sour - Smoothie / Pastry,Can 440ml,"€ 16,48 per litre"
Septic Thoughts,"€ 6,75",Romania,3.92,Bereta Brewing Co.,6.1%,IPA - New England / Hazy,Can 440ml,"€ 15,34 per litre"
DIAGONAL,"€ 6,75",Spain,3.86,MALANDAR Craft Beer,8%,IPA - Imperial / Double,Can 440ml,"€ 15,34 per litre"
SWIRL SOUR - MANGO & PEACH,"€ 7,25",Spain,3.80,MALANDAR Craft Beer,6%,Sour - Smoothie / Pastry,Can 440ml,"€ 16,48 per litre"
Eigenzinnige Elizabeth,"€ 3,49",Netherlands,3.66,Stadsbrouwerij Maastricht,9.1%,Belgian Tripel,Can 440ml,"€ 16,48 per litre"
De Dorstige Lambertus,"€ 3,49",Netherlands,3.50,Stadsbrouwerij Maastricht,5.5%,Blonde / Golden Ale - Other,330ml,"€ 10,58 per litre"
Follow the Light,"€ 4,30",Poland,3.82,Browar Rockmill,6.5%,IPA - New England / Hazy,Can 500ml,"€ 8,60 per litre"
Precel 2024,"€ 3,00",Poland,3.74,Przetwórnia Chmielu,5.9%,Märzen,Can 500ml,"€ 6,00 per litre"
Skala #3,"€ 3,80",Poland,3.71,Przetwórnia Chmielu,6%,IPA - New Zealand,Can 500ml,"€ 7,60 per litre"
Sencha Pancho,"€ 3,60",Poland,3.64,Browar Monsters,4%,Sour - Fruited Berliner Weisse,Can 500ml,"€ 7,20 per litre"
Twist #5 Lime & Lychee,"€ 3,70",Poland,3.55,Przetwórnia Chmielu,5.5%,Sour - Fruited Gose,Can 500ml,"€ 7,40 per litre"
Domena #2,"€ 3,80",Poland,3.49,Przetwórnia Chmielu,5%,IPA - Session,Can 500ml,"€ 7,60 per litre"
Silver Lining,"€ 34,99",Norway,4.43,Salikatt Bryggeri,15%,Stout - Imperial / Double,Bottle 375ml,"€ 93,31 per litre"
Casualty of Society,"€ 9,89",Scotland,4.20,Vault City Brewing,12%,Stout - Imperial / Double Pastry,Bottle 375ml,"€ 93,31 per litre"
TDH Waimea X Riwaka DIPA,"€ 4,49",Latvia,3.96,Ārpus Brewing Co.,8%,IPA - Imperial / Double New England / Hazy,Can 440ml,"€ 10,20 per litre"
TDH RAKAU X GALAXY DIPA,"€ 4,49",Latvia,3.93,Ārpus Brewing Co.,8%,IPA - Imperial / Double New England / Hazy,Can 440ml,"€ 10,20 per litre"
Camel Up!,"€ 6,49",Norway,4.19,Salikatt Bryggeri,8%,IPA - Imperial / Double New England / Hazy,Can 440ml,"€ 14,75 per litre"
Singletrack Nelson,"€ 6,49",Norway,4.09,Salikatt Bryggeri,8%,IPA - Imperial / Double New England / Hazy,Can 440ml,"€ 14,75 per litre"
Precious,"€ 5,90",United States,4.22,Plan Bee Farm Brewery,5%,Sour - Fruited,Can 440ml,"€ 14,75 per litre"
Last Dayz,"€ 5,90",Poland,3.87,Browarny Craft Beer,7%,Sour - Smoothie / Pastry,500ml,"€ 11,80 per litre"
Basket Case,"€ 5,90",Norway,3.83,Amundsen Brewery/ Collective Arts Brewing,7.5%,IPA - Imperial / Double,Can 440ml,"€ 13,41 per litre"
Grime Coffee & Cocoa Beans,"€ 5,90",Poland,3.71,Browarny Craft Beer,6%,Stout - Coffee,500ml,"€ 11,80 per litre"
Grime Coffee & Cocoa Beans & Tonka & Cinnamon,"€ 5,90",Poland,3.64,Browarny Craft Beer,6%,Stout - Coffee,500ml,"€ 11,80 per litre"
OG Armand & Gaston Honing 19/20 Assemblage n° 7,"€ 10,53",Belgium,4.28,Brouwerij 3 Fonteinen,6.9%,Lambic - Gueuze,Bottle 375ml,"€ 28,08 per litre"
Maitre Tripel,"€ 2,75",Belgium,3.48,Brewery De Meester,8.5%,Belgian Tripel,330ml,"€ 8,33 per litre"
Meester Blond,"€ 3,10",Belgium,3.32,Brewery De Meester,7.5%,IPA - Belgian,330ml,"€ 9,39 per litre"
Struise Moccha Bomb,"€ 6,95",Netherlands,4.07,Brouwerij de Molen/ De Struise Brouwers,13%,Stout - Russian Imperial,330ml,"€ 21,06 per litre"
Struise Pannepot Reserva 2019,"€ 6,95",Belgium,4.03,De Struise Brouwers,10%,Belgian Strong Dark Ale,330ml,"€ 21,06 per litre"
Brouwerij Verhaeghe - Duchesse de Bourgogne,"€ 2,10",Belgium,3.66,Brouwerij Verhaeghe,6.2%,Sour - Flanders Red Ale,Bottle 250ml,"€ 8,40 per litre"
IPA,"€ 2,79",United States,3.75,Stone Brewing,6.9%,IPA - American,355ml,"€ 7,86 per litre"
Hazy IPA,"€ 2,99",United States,3.72,Stone Brewing,6.7%,IPA - New England / Hazy,355ml,"€ 8,42 per litre"
Levon,"€ 4,79",Sweden,3.66,Omnipollo,6.5%,Pale Ale - Belgian,330ml,"€ 14,52 per litre"
Kriekenlambiek - PRE-ORDER ONLY,"€ 54,58",Belgium,3.63,Brouwerij Girardin,5%,Lambic - Kriek,10000ml,"€ 5,46 per litre"
Designated Dryver,"€ 2,50",Netherlands,3.15,Dutch Bargain,0.3%,Non-Alcoholic - Other,330ml,"€ 7,58 per litre"
Félegyházi Mojito,"€ 4,30",Hungary,3.48,Félegyházi Sörműhely,5%,Sour - Fruited Gose,330ml,"€ 13,03 per litre"
Super Juicebox Megamix Turbo,"€ 7,90",France,3.92,Mogwaï Beer Company,4.5%,Sour - Smoothie / Pastry,Can 440ml,"€ 17,95 per litre"
Godiva Save the King,"€ 5,40",France,3.88,Mogwaï Beer Company,4.7%,Lager - Pale,Can 440ml,"€ 12,27 per litre"
Strawberry Fields Forever,"€ 7,10",France,3.77,Mogwaï Beer Company,6%,Stout - Milk / Sweet,Can 440ml,"€ 16,14 per litre"
Van Sas Queen Barrel Aged,"€ 8,15",Netherlands,3.88,Familiebrouwerij Van Sas,10.1%,Belgian Quadrupel,330ml,"€ 24,70 per litre"
Oikenbock,"€ 6,95",Netherlands,3.41,Dampegheest,6.5%,Bock - Single / Traditional,Bottle 750ml,"€ 9,27 per litre"
Pionier Tripel,"€ 3,00",Netherlands,3.54,Brouwerij Poort,9%,Belgian Tripel,330ml,"€ 9,09 per litre"
Pionier Tripel,"€ 7,95",Netherlands,3.54,Brouwerij Poort,9%,Belgian Tripel,Bottle 750ml,"€ 10,60 per litre"
Rad Times,"€ 3,75",England,3.32,Magic Rock Brewing,3.4%,Pale Ale - Fruited,Can 440ml,"€ 8,52 per litre"
Naeckte Bock,"€ 3,30",Netherlands,3.45,Naeckte Brouwers,7.5%,Bock - Single / Traditional,330ml,"€ 10,00 per litre"
Stormvloed,"€ 2,75",Netherlands,3.45,Brouwerij Poort,6.5%,Belgian Dubbel,330ml,"€ 8,33 per litre"
Solliciteur 2024 Roggebock,"€ 4,79",Netherlands,3.55,Bierbrouwerij De Magistraat,7%,Bock - Single / Traditional,330ml,"€ 14,52 per litre"
Opgebokt! (2024),"€ 3,49",Netherlands,3.53,Van Moll,7.5%,Bock - Doppelbock,330ml,"€ 10,58 per litre"
D'n Ossebock,"€ 2,99",Netherlands,3.50,Muifelbrouwerij,7%,Bock - Single / Traditional,330ml,"€ 9,06 per litre"
Scheepsbok (2024),"€ 3,79",Netherlands,3.41,Brouwerij Homeland,6.5%,Bock - Single / Traditional,330ml,"€ 11,48 per litre"
Bockski,"€ 4,49",Netherlands,3.40,Muifelbrouwerij,10.6%,Bock - Doppelbock,330ml,"€ 13,61 per litre"
Blackbock,"€ 3,29",Netherlands,3.31,vandeStreek bier,6%,Bock - Single / Traditional,330ml,"€ 9,97 per litre"
Smulbock,"€ 3,60",Netherlands,3.61,Rock City Brewing,9%,Bock - Doppelbock,330ml,"€ 10,91 per litre"
Pannepot Vintage Ale,"€ 4,35",Belgium,3.77,De Struise Brouwers,10%,Belgian Strong Dark Ale,330ml,"€ 13,18 per litre"
Boerenerf Muscabella,"€ 8,74",Belgium,4.23,Het Boerenerf Eylenbosch,6.85%,Lambic - Other,Bottle 375ml,"€ 23,31 per litre"
Boerenerf Alsacien 2023,"€ 21,17",Belgium,4.23,Het Boerenerf Eylenbosch,6.5%,Lambic - Kriek,Bottle 750ml,"€ 28,23 per litre"
Boerenerf Gueuze 2023-2,"€ 7,17",Belgium,4.11,Het Boerenerf Eylenbosch,7%,Lambic - Gueuze,Bottle 375ml,"€ 19,12 per litre"
Baby Kittens Motueka,"€ 12,00",United States,4.00,Fat Orange Cat Brew Co.,6.5%,IPA - New England / Hazy,Bottle 375ml,"€ 19,12 per litre"
Baby Kittens,"€ 12,00",United States,3.93,Fat Orange Cat Brew Co.,6.5%,IPA - New England / Hazy,473ml,"€ 25,37 per litre"
Zenne Y Frontera (season 20/21) blend no. 66,"€ 49,99",Belgium,4.39,Brouwerij 3 Fonteinen,8.5%,Lambic - Traditional,473ml,"€ 25,37 per litre"
Frambozenlambik Oogst 2020 (season 20|21) Blend No. 18,"€ 33,95",Belgium,4.25,Brouwerij 3 Fonteinen,5.5%,Lambic - Framboise,473ml,"€ 25,37 per litre"
Boerenerf Riesling Lambiek,"€ 19,18",Belgium,3.95,Het Boerenerf Eylenbosch,8.06%,Lambic - Fruit,Bottle 750ml,"€ 25,57 per litre"
"Kriek 2024 0,375L","€ 9,50",Belgium,4.28,Brasserie Cantillon,6%,Lambic - Kriek,Bottle 375ml,"€ 25,33 per litre"
Zena,"€ 9,00",Italy,3.99,Ca' del Brado,6.4%,Sour - Other Gose,Bottle 375ml,"€ 24,00 per litre"
Aventinus Weizendoppelbock (TAP6),"€ 2,85",Germany,3.81,Schneider Weisse G. Schneider & Sohn,8.2%,Bock - Weizendoppelbock,500ml,"€ 5,70 per litre"
UPPER CASE,"€ 11,49",United States,4.41,Trillium Brewing Company,9%,IPA - Imperial / Double New England / Hazy,500ml,"€ 5,70 per litre"
Double Dry Hopped Fort Point,"€ 11,49",United States,4.40,Trillium Brewing Company,6.6%,Pale Ale - New England / Hazy,473ml,"€ 24,29 per litre"
Kanelbullar / Omnipollo,"€ 49,99",United States,4.35,Trillium Brewing Company,14.4%,Stout - Imperial / Double,500ml,"€ 99,98 per litre"
Nonna's Cookies / Vitamin Sea,"€ 47,49",United States,4.32,Trillium Brewing Company,14.8%,Stout - Imperial / Double,500ml,"€ 99,98 per litre"
Congress Street,"€ 11,49",United States,4.27,Trillium Brewing Company,7.2%,IPA - American,500ml,"€ 99,98 per litre"
Drove of Oxen / The Veil,"€ 47,49",United States,4.25,Trillium Brewing Company,13.9%,Barleywine - American,500ml,"€ 99,98 per litre"
Olmsted,"€ 11,49",United States,4.08,Trillium Brewing Company,7%,IPA - New England / Hazy,473ml,"€ 24,29 per litre"
"Secondo Noi -  37,5cl","€ 9,60",Italy,4.02,Siemàn,5.9%,Lambic - Traditional,Bottle 375ml,"€ 25,60 per litre"
Guldenberg,"€ 3,50",Belgium,3.61,Brouwerij De Ranke,8%,Belgian Tripel,330ml,"€ 10,61 per litre"
S Is For Strata,"€ 6,00",England,3.85,Phantom Brewing Co.,5.5%,Pale Ale - New England / Hazy,Can 440ml,"€ 13,64 per litre"
Power of Love,"€ 4,80",England,3.77,Phantom Brewing Co.,4.5%,Pale Ale - New England / Hazy,Can 440ml,"€ 10,91 per litre"
Kosmos,"€ 4,40",Estonia,3.64,Põhjala,5.5%,IPA - New England / Hazy,330ml,"€ 13,33 per litre"
Kentucky Brunch Brand Stout (2021),"€ 625,00",United States,4.83,Toppling Goliath Brewing Co.,12%,Stout - Imperial / Double,330ml,"€ 13,33 per litre"
Fuerst Wiacek Roadie Juicy Pale Ale,"€ 5,99",Germany,3.92,FUERST WIACEK,5.5%,Pale Ale - New England / Hazy,Can 440ml,"€ 13,61 per litre"
FOR.REST alkoholfreies IPA,"€ 3,99",Poland,3.48,Browar Nepomucen,0.5%,Non-Alcoholic - IPA,500ml,"€ 7,98 per litre"
Mariage Parfait Geuze,"€ 5,45",Belgium,3.79,Brouwerij Boon,8%,Lambic - Gueuze,Bottle 375ml,"€ 14,53 per litre"
Oude Geuze Vieille,"€ 6,75",Belgium,3.77,Oud Beersel,6.5%,Lambic - Gueuze,Bottle 375ml,"€ 18,00 per litre"
Blond,"€ 7,65",Belgium,3.65,Abbaye de Leffe,8.5%,Belgian Tripel,Bottle 750ml,"€ 10,20 per litre"
Brugge Tripel,"€ 2,85",Belgium,3.58,Brouwerij Palm,8.7%,Historical Beer - Gruit / Ancient Herbed Ale,330ml,"€ 8,64 per litre"
Goud Blond,"€ 2,60",Belgium,3.55,Bières de Chimay,4.8%,Belgian Enkel / Patersbier,330ml,"€ 7,88 per litre"
Draught 0.0 Alcohol Free Stout,"€ 3,05",Ireland,3.20,Guinness,4.8%,Non-Alcoholic - Porter / Stout,Can 440ml,"€ 6,93 per litre"
Brugse Sport Zot Alcoholvrij,"€ 2,80",Belgium,2.76,Brouwerij De Halve Maan,0.4%,Non-Alcoholic - Pale Ale,330ml,"€ 8,48 per litre"
Mannenliefde,"€ 3,69",Netherlands,3.46,Oedipus Brewing,6%,Farmhouse Ale - Saison,330ml,"€ 8,48 per litre"
Trial Pass IPA,"€ 3,10",United States,3.37,Sierra Nevada Brewing Co.,0.5%,Non-Alcoholic - IPA,350ml,"€ 8,86 per litre"
Pale Ale 47.3ml Can,"€ 3,70",United States,3.48,Sierra Nevada Brewing Co.,5%,Pale Ale - Fruited,473ml,"€ 7,82 per litre"
Cereal Spooner,"€ 8,30",Scotland,4.02,Vault City Brewing,6.3%,Sour - Smoothie / Pastry,Can 440ml,"€ 18,86 per litre"
Blood Orange Raspberry,"€ 5,50",Scotland,3.89,Vault City Brewing,4.8%,Sour - Fruited,Can 440ml,"€ 12,50 per litre"
Premier Hop,"€ 78,00",Sweden,3.42,Hey Hop Bryggeri,5.9%,IPA - American,500ml,"€ 156,00 per litre"
Bon Secours Tradition,"€ 6,95",Belgium,3.42,Brasserie Caulier,8%,Belgian Strong Golden Ale,Bottle 750ml,"€ 9,27 per litre"
Bourbon Barrel Dark Apparition (2024),"€ 21,15",United States,4.34,Jackie O's Brewery,12.5%,Stout - Russian Imperial,Bottle 375ml,"€ 56,40 per litre"
The Rutherfords,"€ 49,50",United States,4.31,The Bruery,15.1%,Stout - Imperial / Double,Bottle 750ml,"€ 66,00 per litre"
Ghost In The Machine (2024) (canned: 22-07-24),"€ 9,60",United States,4.54,Parish Brewing Co.,8%,IPA - Imperial / Double New England / Hazy,Bottle 750ml,"€ 66,00 per litre"
Temporalis #0021 (canned: 02-07-24),"€ 11,50",Canada,4.45,Messorem,10.5%,IPA - Triple New England / Hazy,473ml,"€ 24,31 per litre"
Infinite Ghost (canned: 23-07-24),"€ 11,99",United States,4.41,Parish Brewing Co.,8%,IPA - Imperial / Double New England / Hazy,473ml,"€ 25,35 per litre"
Fire On The Coals,"€ 21,20",United States,4.40,Jackie O's Brewery,14%,Porter - Imperial / Double,Bottle 375ml,"€ 56,53 per litre"
Iron Furnace (2024),"€ 25,25",United States,4.40,Jackie O's Brewery,13.6%,Barleywine - Other,Bottle 375ml,"€ 67,33 per litre"
DDH #Gatineau ls Trending (Canned: 18-07-24),"€ 12,50",Canada,4.38,Brasserie du Bas-Canada,10%,IPA - Triple,475ml,"€ 26,32 per litre"
La Bière Des Clans (17-07-24),"€ 11,20",Canada,4.36,Messorem,8.6%,IPA - Imperial / Double,473ml,"€ 23,68 per litre"
Abandon The Halogens,"€ 25,25",United States,4.34,Jackie O's Brewery,14.5%,Stout - Imperial / Double Milk,Bottle 375ml,"€ 67,33 per litre"
Omission of Logic,"€ 25,25",United States,4.34,Jackie O's Brewery,14%,Porter - Imperial / Double,Bottle 375ml,"€ 67,33 per litre"
Schmoojee Ice Creamium Berry Funfetti (canned: 27-06-24),"€ 12,50",United States,4.34,Imprint Beer Co.,6.5%,Sour - Smoothie / Pastry,473ml,"€ 26,43 per litre"
Schmoojee Pâtisseree Strawberry Shortcake,"€ 12,50",United States,4.33,Imprint Beer Co.,6.5%,Sour - Smoothie / Pastry,473ml,"€ 26,43 per litre"
Triple Den Of Thieves,"€ 12,20",Canada,4.32,Third Moon Brewing Company,10.5%,IPA - Triple New England / Hazy,473ml,"€ 25,79 per litre"
Temporalis #0022 (canned: 17-07-24),"€ 11,50",Canada,4.32,Messorem,10.3%,IPA - Triple New England / Hazy,473ml,"€ 24,31 per litre"
Quadruple Return To Nothingness,"€ 12,50",Canada,4.32,Third Moon Brewing Company,11.9%,IPA - Quadruple,473ml,"€ 26,43 per litre"
$120 Nachos 2024 (canned: 15-07-24),"€ 10,45",United States,4.31,Hoof Hearted Brewing,12%,IPA - Triple New England / Hazy,473ml,"€ 22,09 per litre"
Neon Green Relish (canned: 22-07-24),"€ 10,80",United States,4.30,Hop Butcher For The World,7.5%,IPA - Imperial / Double New England / Hazy,473ml,"€ 22,83 per litre"
L' Arrosoir (canned: 11-07-24),"€ 11,50",Canada,4.29,Brasserie du Bas-Canada,8%,IPA - Imperial / Double,473ml,"€ 24,31 per litre"
CHIMP,"€ 10,75",Canada,4.28,BreWskey,8.3%,IPA - Imperial / Double New England / Hazy,473ml,"€ 22,73 per litre"
Structure (canned: 23-07-24),"€ 12,50",Canada,4.24,Brasserie du Bas-Canada,6.5%,IPA - Milkshake,473ml,"€ 26,43 per litre"
Spectra (canned: 21-06-24),"€ 12,20",Canada,4.23,BreWskey,10%,IPA - Triple New England / Hazy,473ml,"€ 25,79 per litre"
I Can't afford To Be Here (canned: 04-07-24),"€ 10,80",Canada,4.23,Wood Brothers Brewing Co.,6.2%,IPA - New England / Hazy,473ml,"€ 22,83 per litre"
Bourbon Barrel Aged Old Rasputin XXII,"€ 21,50",United States,4.22,North Coast Brewing Company,11.3%,Stout - Russian Imperial,500ml,"€ 43,00 per litre"
Fall From Grace,"€ 23,25",United States,4.22,Equilibrium Brewery,11%,Stout - Imperial / Double,500ml,"€ 46,50 per litre"
Everybody Wants Some Galaxy,"€ 9,50",United States,4.21,Hoof Hearted Brewing,8%,IPA - Imperial / Double,473ml,"€ 20,08 per litre"
La Nuit Des Crocros (canned: 17-06-24),"€ 10,75",Canada,4.21,Brasserie Sir John Brewing Co.,10%,IPA - Triple,473ml,"€ 22,73 per litre"
Solvem Probler (canned: 27-06-24),"€ 11,50",Canada,4.20,Wood Brothers Brewing Co.,8%,IPA - Imperial / Double New England / Hazy,473ml,"€ 24,31 per litre"
Zombie Hopsicle,"€ 10,80",United States,4.13,Hop Butcher For The World,7.5%,IPA - Imperial / Double New England / Hazy,473ml,"€ 22,83 per litre"
Lupulin Labyrinth (canned: 04-07-24),"€ 10,80",Canada,4.07,Wood Brothers Brewing Co.,6.1%,IPA - New England / Hazy,473ml,"€ 22,83 per litre"
Old Rasputin,"€ 7,20",United States,4.00,North Coast Brewing Company,9%,Stout - Russian Imperial,355ml,"€ 20,28 per litre"
Sommerpils,"€ 3,25",Norway,3.47,Bådin,5.2%,Pilsner - Other,330ml,"€ 9,85 per litre"
Chocolate Reign (2023),"€ 32,95",United States,4.42,The Bruery,22.5%,Stout - Imperial / Double,Bottle 375ml,"€ 87,87 per litre"
Fürst 2024,"€ 34,95",United States,4.39,The Bruery,15.9%,Stout - Imperial / Double Pastry,Bottle 750ml,"€ 46,60 per litre"
On The First Light Of The Fifth Day,"€ 27,99",United States,4.33,The Bruery,13.7%,Stout - Imperial / Double,Bottle 375ml,"€ 74,64 per litre"
TDH Punge (Motueka & Nelson Sauvin) (canned: 25-07-24),"€ 12,50",United States,4.32,Tired Hands Brewing Company,8.3%,IPA - Imperial / Double New England / Hazy,473ml,"€ 26,43 per litre"
Double Alien Church (canned: 15-07-24),"€ 11,50",United States,4.32,Tired Hands Brewing Company,9%,IPA - Imperial / Double,473ml,"€ 24,31 per litre"
All That I Have Learned,"€ 13,85",United States,4.29,Adroit Theory,16.66%,Stout - Russian Imperial,473ml,"€ 29,28 per litre"
Stacks In The Park,"€ 11,50",United States,4.26,BlackStack Brewing,9.7%,IPA - Triple New England / Hazy,473ml,"€ 24,31 per litre"
Petit Mardi,"€ 24,95",United States,4.25,The Bruery,15.9%,Stout - Imperial / Double,Bottle 375ml,"€ 66,53 per litre"
Cherry Chocolate Reign 2024,"€ 39,95",United States,4.25,The Bruery,21.9%,Stout - Imperial / Double,Bottle 750ml,"€ 53,27 per litre"
Bloodless VII (canned: 22-07-24),"€ 12,15",United States,4.23,The Veil Brewing Co.,12.5%,IPA - Quadruple,473ml,"€ 25,69 per litre"
1-800-DoubleDouble-XtraXtra-FrootieFrootie-BiggieBiggie-JuicyJuicy (canned: 01-07-24),"€ 10,45",United States,4.22,Hoof Hearted Brewing,10%,IPA - Triple,473ml,"€ 22,09 per litre"
All The Citra In The World (canned: 05-07-24),"€ 11,30",United States,4.10,Spyglass Brewing Company,8.2%,IPA - Imperial / Double New England / Hazy,473ml,"€ 23,89 per litre"
Causality Loop,"€ 11,30",United States,3.93,Spyglass Brewing Company,8%,IPA - Imperial / Double New England / Hazy,473ml,"€ 23,89 per litre"
Damaged,"€ 8,10",United States,3.82,Adroit Theory,5.4%,Lager - Dark,473ml,"€ 17,12 per litre"
Revenge Of The Slush XXXL,"€ 11,15",United States,3.70,450 North Brewing Company,5.3%,Sour - Fruited,473ml,"€ 23,57 per litre"
Slushy XXL Blueberry Tabernak,"€ 11,15",United States,3.57,450 North Brewing Company,5.3%,Sour - Fruited,473ml,"€ 23,57 per litre"
This KIHOSKH Needs A Much Bigger Beer Selection Sour x Evil Twin NYC,"€ 11,00",United States,4.25,Evil Twin Brewing NYC,7%,Sour - Fruited,473ml,"€ 23,26 per litre"
Galaxy,"€ 4,95",Slovenia,3.80,Lobik,6.5%,IPA - New England / Hazy,330ml,"€ 15,00 per litre"
Et Tu Broote,"€ 4,95",Slovenia,3.56,Lobik,7%,IPA - American,330ml,"€ 15,00 per litre"
Teku Taster,"€ 6,00",Slovenia,3.56,Glass Hops 'N More,7%,IPA - American,330ml,"€ 15,00 per litre"
Barrel Aged Narwhal,"€ 8,10",United States,4.18,Sierra Nevada Brewing Co.,11.9%,Stout - Imperial / Double,330ml,"€ 15,00 per litre"
Tripel 9,"€ 3,00",Belgium,3.47,Brouwerij De Koperen Markies,9%,Belgian Tripel,330ml,"€ 9,09 per litre"
St. Feuillien Grisette Bio Citra Hop,"€ 2,25",Belgium,3.45,Brasserie St-Feuillien,8%,Belgian Tripel,Bottle 250ml,"€ 9,00 per litre"
Bon Secours 4 Houblons,"€ 6,95",Belgium,3.37,Brasserie Caulier,5.9%,IPA - Belgian,Bottle 750ml,"€ 9,27 per litre"
Pastore Il Vigneto Bianco (2022),"€ 18,80",England,4.02,Pastore Brewing and Blending,6%,Grape Ale - Other,Bottle 750ml,"€ 25,07 per litre"
Pastore Il Vigneto Mela (2022),"€ 18,80",England,3.83,Pastore Brewing and Blending,6%,Wild Ale - Other,Bottle 750ml,"€ 25,07 per litre"
Fuerst Wiacek Intergalactic (2024),"€ 6,50",Germany,3.94,FUERST WIACEK,6.8%,IPA - New England / Hazy,Can 440ml,"€ 14,77 per litre"
Fuerst Wiacek Solitary Sock,"€ 5,95",Germany,3.93,FUERST WIACEK,6.2%,IPA - New England / Hazy,Can 440ml,"€ 13,52 per litre"
Walhalla NINKASI,"€ 5,95",Netherlands,3.78,Walhalla Brouwerij & Proeflokaal,6.8%,IPA - Other,Can 440ml,"€ 13,52 per litre"
Summer Sentence,"€ 3,95",Netherlands,3.60,Brouwerij Eleven,5%,Pale Ale - New Zealand,330ml,"€ 11,97 per litre"
PARKA,"€ 3,50",Spain,3.54,Garage Beer Co.,4.5%,Porter - Other,330ml,"€ 10,61 per litre"
Kompaan Sticky Fingers,"€ 4,50",Netherlands,3.42,KOMPAAN Dutch Craft Beer Company,7%,Bock - Single / Traditional,330ml,"€ 13,64 per litre"
SONORA,"€ 3,95",Spain,3.36,Garage Beer Co.,3.4%,Blonde / Golden Ale - Other,Can 440ml,"€ 8,98 per litre"
Rafa,"€ 4,25",Hungary,3.67,Fehér Nyúl/ SirBolts,6.8%,IPA - Sour,330ml,"€ 12,88 per litre"
Seven Seas Of Rye,"€ 8,25",Estonia,4.10,Anderson's Craft Beer,13.5%,Stout - Imperial / Double,330ml,"€ 25,00 per litre"
Rochefort 10,"€ 4,66",Belgium,4.05,Abbaye Notre-Dame de Saint-Rémy,11.3%,Belgian Quadrupel,330ml,"€ 14,12 per litre"
Lazy Pirate,"€ 2,91",Hungary,3.44,MONYO Brewing Co.,0.33%,Porter - English,330ml,"€ 8,82 per litre"
Good Morning Uut ‘Nham,"€ 4,20",Netherlands,3.78,Berghoeve Brouwerij,7.5%,Stout - Other,330ml,"€ 12,73 per litre"
Shake It!,"€ 5,25",Poland,3.53,Funky Fluid,6%,Fruit Beer,500ml,"€ 10,50 per litre"
Pinot Gris (2023),"€ 21,99",Belgium,4.11,Het Boerenerf Eylenbosch,8.2%,Lambic - Fruit,Bottle 750ml,"€ 29,32 per litre"
Gewürztraminer (2023),"€ 21,99",Belgium,4.04,Het Boerenerf Eylenbosch,8.7%,Lambic - Fruit,Bottle 750ml,"€ 29,32 per litre"
Imperial Brown Stout London 1856,"€ 6,29",England,4.06,The Kernel Brewery,10.1%,Stout - Russian Imperial,330ml,"€ 19,06 per litre"
Lobikatra,"€ 4,49",Slovenia,3.62,Lobik,6.5%,IPA - American,330ml,"€ 13,61 per litre"
Welcome Back,"€ 3,79",Netherlands,3.57,Cockroach Brew,4.5%,Pale Ale - New England / Hazy,330ml,"€ 11,48 per litre"
Et Tu Broote,"€ 4,79",Slovenia,3.56,Lobik,7%,IPA - American,330ml,"€ 14,52 per litre"
Brett Saison,"€ 3,29",Belgium,3.56,Brasserie de la Senne,5.3%,Farmhouse Ale - Saison,330ml,"€ 9,97 per litre"
Zinnebir,"€ 2,99",Belgium,3.40,Brasserie de la Senne,5.8%,Pale Ale - Belgian,330ml,"€ 9,06 per litre"
Bruxellensis,"€ 3,79",Belgium,3.32,Brasserie de la Senne,6.5%,Brett Beer,330ml,"€ 11,48 per litre"
Fruit Works Strawberry-Lime,"€ 6,02",Hungary,3.94,Brew Your Mind,5.5%,Sour - Fruited,Can 440ml,"€ 13,68 per litre"
Szekszárd Helles,"€ 3,74",Hungary,3.68,Brew Your Mind,5.5%,Lager - Helles,Can 440ml,"€ 13,68 per litre"
Aphrodite,"€ 6,40",Canada,3.96,Brasserie Dieu du Ciel!,6.5%,Stout - American,473ml,"€ 13,53 per litre"
Rosé de Gambrinus 2013,"€ 17,50",Belgium,4.48,Brasserie Cantillon,5%,Lambic - Framboise,Bottle 375ml,"€ 46,67 per litre"
La-La Land – American Pale Ale,"€ 4,45",Finland,3.47,Salama Brewing Company,5.5%,Pale Ale - American,Can 440ml,"€ 10,11 per litre"
TDH Waimea x Riwaka DIPA,"€ 8,60",Latvia,3.96,Ārpus Brewing Co.,8%,IPA - Imperial / Double New England / Hazy,Can 440ml,"€ 19,55 per litre"
Export Porter 1750,"€ 3,65",Netherlands,3.85,Brouwerij Kees,10.5%,Porter - Imperial / Double,Can 330ml,"€ 11,06 per litre"
Moersleutel Motor Oil,"€ 5,80",Netherlands,3.79,Moersleutel Craft Brewery,12%,Stout - Russian Imperial,Can 440ml,"€ 13,18 per litre"
Mosaic Hop,"€ 3,20",Netherlands,3.56,Brouwerij Kees,5.5%,IPA - Belgian,Can 330ml,"€ 9,70 per litre"
Zatte Bie,"€ 2,90",Belgium,3.33,Brouwerij De Bie,9%,Belgian Strong Dark Ale,330ml,"€ 8,79 per litre"
Mango Lime Lassi Sour,"€ 7,49",Scotland,3.94,Vault City Brewing,5.7%,Sour - Fruited,Can 440ml,"€ 17,02 per litre"
Juicy Little Thing Hazy IPA,"€ 3,89",United States,3.78,Sierra Nevada Brewing Co.,6.7%,IPA - New England / Hazy,355ml,"€ 10,96 per litre"
Triple Fruited Mango Sour,"€ 7,29",Scotland,3.75,Vault City Brewing,6.2%,Sour - Fruited,Can 440ml,"€ 16,57 per litre"
Orca Brau Wanderlust Pale Ale,"€ 4,19",Germany,3.71,orca brau,5.6%,Pale Ale - American,330ml,"€ 12,70 per litre"
Hazy Jane NEIPA Alkoholfrei,"€ 3,19",Scotland,3.67,BrewDog,5%,IPA - New England / Hazy,330ml,"€ 9,67 per litre"
Tamera Tripel,"€ 4,19",Belgium,3.56,Enigma,9%,Belgian Tripel,330ml,"€ 12,70 per litre"
Winterbock,"€ 1,99",Germany,3.34,Bitburger Brauerei,7%,Bock - Hell / Maibock / Lentebock,500ml,"€ 3,98 per litre"
Cierzo Citra American IPA,"€ 5,99",Poland,3.13,Pol A Czech,4.8%,Wheat Beer - American Pale Wheat,Can 440ml,"€ 13,61 per litre"
Cierzo/Salama The Beast Hazy DIPA,"€ 6,99",Spain,3.90,Cierzo Brewing Co.,7.6%,IPA - Imperial / Double New England / Hazy,Can 440ml,"€ 15,89 per litre"
Cierzo/Invictus Res Trium Belgian Tripel,"€ 4,99",Spain,3.83,Cierzo Brewing Co.,6.2%,IPA - American,Can 440ml,"€ 11,34 per litre"
Take It Easy New Zealand Pale Ale,"€ 6,49",Spain,3.72,Cierzo Brewing Co.,4.9%,Pale Ale - New Zealand,Can 440ml,"€ 14,75 per litre"
Matrioshka Imperial Stout,"€ 5,49",Spain,3.68,Cierzo Brewing Co.,10.5%,Stout - Imperial / Double,330ml,"€ 16,64 per litre"
Maglia Rosa Berliner Weisse,"€ 5,99",Spain,3.65,Cierzo Brewing Co.,3%,Sour - Fruited Berliner Weisse,Can 440ml,"€ 13,61 per litre"
Recurring Dream Hazy IPA,"€ 6,99",Spain,3.65,Cierzo Brewing Co.,6%,IPA - New England / Hazy,Can 440ml,"€ 15,89 per litre"
Cierzo/Meta Sargori Hoppy Belgian Ale,"€ 4,99",Spain,3.57,Cierzo Brewing Co.,5.8%,Pale Ale - Belgian,Can 440ml,"€ 11,34 per litre"
"Cierzo/Cyclic Una Mass, Bitte German Bitter","€ 4,49",Spain,3.54,Cierzo Brewing Co.,4.2%,Bitter - Extra Special / Strong (ESB),Can 440ml,"€ 10,20 per litre"
Siluro Barrel Aged Imperial Baltic Porter,"€ 6,49",Spain,3.48,Cierzo Brewing Co.,10%,Porter - Imperial / Double Baltic,330ml,"€ 19,67 per litre"
Störtebeker Abenteuerbox Online-Tasting: Erntedank,"€ 19,99",Germany,3.15,Störtebeker Braumanufaktur,0.2%,Non-Alcoholic - Shandy / Radler,330ml,"€ 19,67 per litre"
Oude Lambiek - PRE-ORDER ONLY,"€ 51,63",Belgium,3.58,Brouwerij Girardin,5%,Lambic - Traditional,10000ml,"€ 5,16 per litre"
Lellebel,"€ 3,49",Netherlands,3.57,Brouwerij de Eeuwige Jeugd,5.7%,Blonde / Golden Ale - Other,330ml,"€ 10,58 per litre"
Gleuvenglijder,"€ 3,49",Netherlands,3.52,Brouwerij de Eeuwige Jeugd,5.5%,Blonde / Golden Ale - Other,330ml,"€ 10,58 per litre"
Bokkelul,"€ 3,49",Netherlands,3.42,Brouwerij de Eeuwige Jeugd,7%,Bock - Weizenbock,330ml,"€ 10,58 per litre"
Vurige Non,"€ 3,39",Netherlands,3.32,Dorpsbrouwerij de Pimpelmeesch,7%,Belgian Dubbel,330ml,"€ 10,27 per litre"
Slufter Bok,"€ 3,10",Netherlands,3.50,Tesselaar Familiebrouwerij Diks,7.5%,Bock - Single / Traditional,330ml,"€ 9,39 per litre"
Bokkige Boom,"€ 3,30",Netherlands,3.33,Stadsbrouwerij 013,6.5%,Bock - Single / Traditional,330ml,"€ 10,00 per litre"
Hot Cakes #6,"€ 9,95",Croatia,4.32,Pulfer Brewery,5.5%,Sour - Smoothie / Pastry,Can 440ml,"€ 22,61 per litre"
Common Roots Good Fortune,"€ 6,50",United States,4.05,Hoof Hearted Brewing,6.5%,IPA - New England / Hazy,473ml,"€ 13,74 per litre"
Pan IPAni Double Urodzinowe,"€ 6,95",Poland,4.03,Trzech Kumpli,6.7%,IPA - Imperial / Double,500ml,"€ 13,90 per litre"
Knot,"€ 6,95",Romania,3.96,Bereta Brewing Co.,8%,IPA - Imperial / Double New England / Hazy,Can 440ml,"€ 15,80 per litre"
Amber Sandstorm,"€ 6,70",Croatia,3.92,Pulfer Brewery,6.2%,IPA - New England / Hazy,Can 440ml,"€ 15,23 per litre"
Idiota,"€ 7,65",Poland,3.89,Trzech Kumpli,10.5%,Stout - Russian Imperial,330ml,"€ 23,18 per litre"
Good Behavior,"€ 6,40",Romania,3.82,Bereta Brewing Co.,6.4%,IPA - New England / Hazy,Can 440ml,"€ 14,55 per litre"
Walhalla Vidar Oatmeal Stout,"€ 3,75",Netherlands,3.75,Lighttown Brewers,6%,Wheat Beer - Other,330ml,"€ 11,36 per litre"
Frau Gruber Crowded Room,"€ 4,95",Germany,3.70,FrauGruber Brewing,5.2%,Kellerbier / Zwickelbier,Can 440ml,"€ 11,25 per litre"
Recurring Dream,"€ 5,95",Spain,3.65,Cierzo Brewing Co.,6%,IPA - New England / Hazy,Can 440ml,"€ 13,52 per litre"
Zuyd Mosa 6,"€ 3,60",Netherlands,3.56,Zuyd Craft,6%,IPA - American,330ml,"€ 10,91 per litre"
Brouwerij de Klep / Muifel / LOC Unholy Solstice,"€ 4,60",Netherlands,3.51,Brouwerij De Klep,6.5%,Lager - Dark,330ml,"€ 13,94 per litre"
Walhalla Freya,"€ 3,50",Netherlands,3.43,Walhalla Brouwerij & Proeflokaal,5.3%,Sour - Fruited,330ml,"€ 10,61 per litre"
Walhalla Ninkasi,"€ 5,95",Netherlands,3.43,Walhalla Brouwerij & Proeflokaal,6.8%,Sour - Fruited,Can 440ml,"€ 13,52 per litre"
De Molen Fire & Ball,"€ 3,90",Netherlands,3.37,Brouwerij de Molen,7.5%,IPA - New England / Hazy,330ml,"€ 11,82 per litre"
De Klep / Club Haciënda Birra Limón,"€ 2,95",Netherlands,3.19,Brouwerij De Klep,5.7%,Pilsner - Other,330ml,"€ 8,94 per litre"
Bianca Non-Alcoholic Raspberry Peach Marshmallow,"€ 6,99",Sweden,3.96,Omnipollo,0.3%,Non-Alcoholic - Sour,330ml,"€ 21,18 per litre"
Deep Work,"€ 9,79",Sweden,3.93,Omnipollo,7.2%,IPA - Other,Can 440ml,"€ 22,25 per litre"
Tripel Bertha,"€ 2,50",Belgium,3.51,Brussels Beer Project,6.5%,Wheat Beer - Hefeweizen,330ml,"€ 7,58 per litre"
Trixy Tripel,"€ 2,30",Belgium,2.92,Trixy Tripel,0.3%,Non-Alcoholic - Other,330ml,"€ 7,58 per litre"
La Chouffe Blonde,"€ 3,49",Belgium,3.82,Brasserie d'Achouffe,8%,Belgian Strong Golden Ale,Can 330ml,"€ 10,58 per litre"
Saison Lee Yuzu (33 cl),"€ 5,50",France,4.30,Nano Brasserie SPO,5.9%,Farmhouse Ale - Saison,330ml,"€ 16,67 per litre"
Stop ou Amphore 003 (33 cl),"€ 6,40",France,4.10,Nano Brasserie SPO,5.9%,Farmhouse Ale - Other,330ml,"€ 19,39 per litre"
Rhubarbe & Sureau 2024,"€ 19,60",France,4.01,Nano Brasserie SPO,5.3%,Wild Ale - Other,Bottle 750ml,"€ 26,13 per litre"
Saison À La Rose (33 cl),"€ 5,70",France,4.01,Nano Brasserie SPO,6.1%,Farmhouse Ale - Saison,330ml,"€ 17,27 per litre"
Jungle Juice Beast Mode,"€ 6,95",Norway,3.93,Cervisiam,8%,IPA - Imperial / Double New England / Hazy,Can 440ml,"€ 15,80 per litre"
The Beast,"€ 5,95",Spain,3.90,Cierzo Brewing Co.,7.6%,IPA - Imperial / Double New England / Hazy,Can 440ml,"€ 13,52 per litre"
Django Juice — TDH DOUBLE NEIPA,"€ 6,95",Norway,3.86,Cervisiam,8.5%,IPA - Imperial / Double New England / Hazy,Can 440ml,"€ 15,80 per litre"
Malandar SWARM,"€ 6,50",Spain,3.86,MALANDAR Craft Beer,8%,IPA - Imperial / Double,Can 440ml,"€ 14,77 per litre"
Malandar DIAGONAL,"€ 6,50",Spain,3.86,MALANDAR Craft Beer,8%,IPA - Imperial / Double,Can 440ml,"€ 14,77 per litre"
Toxic Brewsaders,"€ 4,95",Norway,3.77,Cervisiam,6.2%,IPA - New England / Hazy,330ml,"€ 15,00 per litre"
Recurring Dream,"€ 5,50",Spain,3.65,Cierzo Brewing Co.,6%,IPA - New England / Hazy,Can 440ml,"€ 12,50 per litre"
Ziher,"€ 3,95",Croatia,3.57,Pulfer Brewery,5.5%,Pale Ale - American,500ml,"€ 7,90 per litre"
99 Luftballoons,"€ 3,95",Spain,3.56,Cierzo Brewing Co.,5.8%,Festbier,Can 440ml,"€ 8,98 per litre"
Siluro Barrel Aged,"€ 5,95",Spain,3.48,Cierzo Brewing Co.,10%,Porter - Imperial / Double Baltic,330ml,"€ 18,03 per litre"
Moersleutel Remblock,"€ 4,95",Netherlands,3.48,Moersleutel Craft Brewery,6.5%,Bock - Single / Traditional,Can 440ml,"€ 11,25 per litre"
TDH Rakau x Galaxy DIPA (bbf: 30-09-25),"€ 6,45",Latvia,4.02,Ārpus Brewing Co.,8%,IPA - Imperial / Double New England / Hazy,Can 440ml,"€ 14,66 per litre"
Muifel Bockski,"€ 3,90",Netherlands,3.40,Muifelbrouwerij,10.6%,Bock - Doppelbock,330ml,"€ 11,82 per litre"
Engel Volksfestbier,"€ 3,25",Germany,3.23,Biermanufaktur ENGEL,5.5%,Festbier,500ml,"€ 6,50 per litre"
Grand Cru,"€ 3,00",Belgium,3.47,Galea Craft Beers,9.5%,Belgian Strong Golden Ale,330ml,"€ 9,09 per litre"
Silver Lining,"€ 29,50",Norway,4.43,Salikatt Bryggeri,15%,Stout - Imperial / Double,Bottle 375ml,"€ 78,67 per litre"
Beyond Comprehension (canned: 08-24),"€ 8,55",Finland,4.24,Factory Brewing,11.5%,IPA - Quadruple,Can 440ml,"€ 19,43 per litre"
The Executioner 2024 (canned: 08-24),"€ 8,25",Finland,4.22,Factory Brewing,9.5%,IPA - Triple New England / Hazy,Can 440ml,"€ 18,75 per litre"
Camel Up! (canned: 28-08-24),"€ 7,25",Norway,4.19,Salikatt Bryggeri,8%,IPA - Imperial / Double New England / Hazy,Can 440ml,"€ 16,48 per litre"
NPC (canned: 02-09-24),"€ 7,60",Spain,4.19,SOMA Beer,8%,IPA - Imperial / Double New England / Hazy,Can 440ml,"€ 17,27 per litre"
Bedlam,"€ 8,55",Finland,4.19,Revenant Brewing Project,10%,IPA - Triple New England / Hazy,Can 440ml,"€ 19,43 per litre"
Rizz (canned: 21-08-24),"€ 7,60",Spain,4.11,SOMA Beer,8%,IPA - Imperial / Double New England / Hazy,Can 440ml,"€ 17,27 per litre"
Souldance (canned: 08-24),"€ 7,60",Finland,4.10,Factory Brewing,8%,IPA - Imperial / Double New England / Hazy,Can 440ml,"€ 17,27 per litre"
Singletrack Nelson (canned: 27-08-24),"€ 7,25",Norway,4.09,Salikatt Bryggeri,8%,IPA - Imperial / Double New England / Hazy,Can 440ml,"€ 16,48 per litre"
Rendezvous (bbf: 01-10-25),"€ 6,65",Latvia,4.01,Hopalaa,8.2%,IPA - Imperial / Double New England / Hazy,Can 440ml,"€ 15,11 per litre"
TDH Wiamea x Riwaka DIPA (bbf: 30-09-25),"€ 6,45",Latvia,3.99,Ārpus Brewing Co.,8%,IPA - Imperial / Double New England / Hazy,Can 440ml,"€ 14,66 per litre"
Amplifier (bbf: 01-10-25),"€ 6,65",Latvia,3.97,Hopalaa,8.6%,IPA - Imperial / Double New England / Hazy,Can 440ml,"€ 15,11 per litre"
Surveillance Does (canned: 07-08-24),"€ 6,90",England,3.95,Azvex Brewing Company,6.5%,IPA - New England / Hazy,Can 440ml,"€ 15,68 per litre"
Quad,"€ 5,60",Netherlands,3.90,Moersleutel Craft Brewery,11%,Belgian Quadrupel,Can 440ml,"€ 12,73 per litre"
TDH Hops x Art #24 (bbf: 30-09-25),"€ 5,99",Latvia,3.89,Ārpus Brewing Co.,6.5%,IPA - New England / Hazy,Can 440ml,"€ 13,61 per litre"
Oak-Aged Pilsner by Rackhouse,"€ 9,80",Norway,3.65,LERVIG,5.8%,Pilsner - Other,Bottle 375ml,"€ 26,13 per litre"
Silver Lining,"€ 34,95",Norway,4.43,Salikatt Bryggeri,15%,Stout - Imperial / Double,Bottle 375ml,"€ 93,20 per litre"
AMPLIFIER,"€ 6,50",Latvia,3.97,Hopalaa,8.6%,IPA - Imperial / Double New England / Hazy,Can 440ml,"€ 14,77 per litre"
ABSTRACT #9 / DDH IPA,"€ 5,95",Latvia,3.90,Hopalaa,6.5%,IPA - New England / Hazy,Can 440ml,"€ 13,52 per litre"
NELSON & NELSON,"€ 5,95",Latvia,3.88,Hopalaa,6.7%,IPA - New England / Hazy,Can 440ml,"€ 13,52 per litre"
The Kernel India Pale Ale Galaxy,"€ 4,95",England,3.86,The Kernel Brewery,6.9%,IPA - American,330ml,"€ 15,00 per litre"
Coco Jumbo,"€ 5,95",Latvia,3.84,Hopalaa,6.7%,IPA - New England / Hazy,Can 440ml,"€ 13,52 per litre"
Planet YCH 303,"€ 5,95",Latvia,3.81,Hopalaa,6.8%,IPA - New England / Hazy,Can 440ml,"€ 13,52 per litre"
Digital Twin,"€ 3,95",Netherlands,3.65,Van Moll,6%,IPA - New England / Hazy,330ml,"€ 11,97 per litre"
Rollover,"€ 3,95",Ireland,3.61,Whiplash,3.8%,IPA - Session,330ml,"€ 11,97 per litre"
Body Riddle,"€ 3,95",Ireland,3.59,Whiplash,4.5%,Pale Ale - American,330ml,"€ 11,97 per litre"
Marle,"€ 3,50",Netherlands,3.42,Brouwerij Poesiat & Kater,6%,Belgian Blonde,330ml,"€ 10,61 per litre"
Anderson's I Dont Give A Sip,"€ 3,95",Estonia,3.36,Anderson's Craft Beer,6.1%,Pumpkin / Yam Beer,330ml,"€ 11,97 per litre"
Bedlam,"€ 8,75",Finland,4.19,Revenant Brewing Project,10%,IPA - Triple New England / Hazy,Can 440ml,"€ 19,89 per litre"
Heavy Metal Jacket,"€ 6,95",England,4.11,Pentrich Brewing Co.,8.5%,IPA - Imperial / Double,Can 440ml,"€ 15,80 per litre"
Development Hell 5,"€ 7,95",England,4.07,Azvex Brewing Company,8%,IPA - Imperial / Double New England / Hazy,Can 440ml,"€ 18,07 per litre"
Beam Cannon,"€ 7,25",England,4.05,Azvex Brewing Company,7%,IPA - New England / Hazy,Can 440ml,"€ 16,48 per litre"
Pendulum DIPA,"€ 6,75",Sweden,4.13,Apex Brewing Company,8%,IPA - Imperial / Double New England / Hazy,Can 440ml,"€ 15,34 per litre"
King of Gloom (2024),"€ 7,25",England,4.10,Pentrich Brewing Co.,8%,IPA - Imperial / Double,Can 440ml,"€ 16,48 per litre"
Heriot IPA,"€ 6,25",Sweden,3.98,Apex Brewing Company,6.5%,IPA - New England / Hazy,Can 440ml,"€ 14,20 per litre"
Wereshark,"€ 7,25",England,3.95,Azvex Brewing Company,6.8%,IPA - New England / Hazy,Can 440ml,"€ 16,48 per litre"
Electronic Butterfly,"€ 5,10",England,3.81,Azvex Brewing Company,4%,Pale Ale - New England / Hazy,Can 440ml,"€ 11,59 per litre"
Fruit Salad Days: Mango & Lime,"€ 7,50",Ireland,3.63,Whiplash,3.8%,Sour - Fruited Berliner Weisse,Can 440ml,"€ 17,05 per litre"
Whiplash / White Frontier - Blue Ghosts,"€ 4,00",Ireland,3.51,Whiplash,5.2%,Pilsner - German,Can 330ml,"€ 12,12 per litre"
Arend Tripel,"€ 3,20",Belgium,3.60,Brouwerij De Ryck,8%,Belgian Tripel,330ml,"€ 9,70 per litre"
Kriek Lambic,"€ 2,00",Belgium,3.57,Brouwerij Lindemans,3.5%,Lambic - Kriek,Bottle 250ml,"€ 8,00 per litre"
Brouwerij de Klep Sintermerte Herfstbok,"€ 3,50",Netherlands,3.41,Brouwerij De Klep,6.5%,Bock - Single / Traditional,330ml,"€ 10,61 per litre"
Kwaremont Bokbier,"€ 2,95",Belgium,3.36,Brouwerij De Brabandere,6.6%,Bock - Single / Traditional,330ml,"€ 8,94 per litre"
Kutbier,"€ 3,90",Netherlands,3.36,Brouwerij Boegbeeld,6.3%,Belgian Blonde,330ml,"€ 11,82 per litre"
Veldwachter Bock,"€ 3,79",Netherlands,3.46,Brouwerij Maallust,7%,Bock - Single / Traditional,300ml,"€ 12,63 per litre"
Oude Kriek Intens Rood 19/20 Assemblage n° 77,"€ 15,31",Belgium,4.41,Brouwerij 3 Fonteinen,6.8%,Lambic - Kriek,Bottle 375ml,"€ 40,83 per litre"
Oude Kriek Intens Rood 18/19 Assemblage n° 83,"€ 14,61",Belgium,4.37,Brouwerij 3 Fonteinen,6.3%,Lambic - Kriek,Bottle 375ml,"€ 38,96 per litre"
Wijnbergperzik 22/23 Assemblage n° 26,"€ 29,11",Belgium,4.32,Brouwerij 3 Fonteinen,6%,Lambic - Fruit,Bottle 750ml,"€ 38,81 per litre"
Oude Geuze Golden Blend 21/22 Assemblage N°55,"€ 13,69",Belgium,4.31,Brouwerij 3 Fonteinen,7.6%,Lambic - Gueuze,Bottle 375ml,"€ 36,51 per litre"
Oude Kriek 21/22 Assemblage n° 29,"€ 10,91",Belgium,4.16,Brouwerij 3 Fonteinen,6.8%,Lambic - Kriek,Bottle 375ml,"€ 29,09 per litre"
Akoya Pilsner,"€ 4,40",England,3.73,Utopian Brewing Ltd,5%,Pilsner - Other,Can 440ml,"€ 10,00 per litre"
Pineapple Upside Down Cake,"€ 9,90",Scotland,4.07,Vault City Brewing,8%,Sour - Smoothie / Pastry,Bottle 375ml,"€ 26,40 per litre"
Carrot Cake,"€ 9,90",Scotland,4.05,Vault City Brewing,8%,Sour - Smoothie / Pastry,Can 440ml,"€ 22,50 per litre"
Passion Fruit Lemon Sorbet,"€ 7,70",Scotland,3.88,Vault City Brewing,5.9%,Sour - Fruited,Can 440ml,"€ 17,50 per litre"
Brouwerij Lost Mangari,"€ 5,99",Netherlands,3.97,Brouwerij LOST,6.7%,IPA - New Zealand,500ml,"€ 11,98 per litre"
Grande Reserve Fermentee en Barriques Brandy BA 2024,"€ 17,00",Belgium,4.21,Bières de Chimay,10.5%,Belgian Strong Dark Ale,Bottle 375ml,"€ 45,33 per litre"
Perfect Riwaka Motueka DDH IPA,"€ 5,80",Italy,3.93,CRAK Brewery,6.5%,IPA - New England / Hazy,330ml,"€ 17,58 per litre"
New Zealand Gluten Free IPA,"€ 5,40",Italy,3.73,CRAK Brewery,7%,Gluten-Free,330ml,"€ 16,36 per litre"
Maître Tripel,"€ 3,70",Belgium,3.48,Brewery De Meester,8.5%,Belgian Tripel,330ml,"€ 11,21 per litre"
Super Suki,"€ 4,80",Belgium,3.38,Man & Brouw,5.5%,Koji / Ginjo Beer,330ml,"€ 14,55 per litre"
Pruim Mirabelle 22/23 Assemblage n° 23,"€ 14,77",Belgium,4.40,Brouwerij 3 Fonteinen,6.8%,Lambic - Fruit,Bottle 375ml,"€ 39,39 per litre"
Brouwerij Lost Dopamine,"€ 5,99",Netherlands,4.04,Brouwerij LOST,8%,IPA - Imperial / Double New England / Hazy,500ml,"€ 11,98 per litre"
Brouwerij Lost Koharu,"€ 5,99",Netherlands,3.96,Brouwerij LOST,6.7%,IPA - New Zealand,500ml,"€ 11,98 per litre"
Oude Geuze 22/23 Assemblage n°81,"€ 7,59",Belgium,4.21,Brouwerij 3 Fonteinen,6%,Lambic - Gueuze,Bottle 375ml,"€ 20,24 per litre"
OG Armand & Gaston 22/23 Assemblage n° 5,"€ 11,13",Belgium,3.96,Brouwerij 3 Fonteinen,7.2%,Lambic - Gueuze,Bottle 375ml,"€ 29,68 per litre"
Ggreenhouse,"€ 6,60",England,3.93,Phantom Brewing Co.,6.1%,IPA - New England / Hazy,Can 440ml,"€ 15,00 per litre"
S Is For Strata,"€ 6,90",England,3.85,Phantom Brewing Co.,5.5%,Pale Ale - New England / Hazy,Can 440ml,"€ 15,68 per litre"
Straffe Hendrik Quadrupel,"€ 4,25",Belgium,3.89,Brouwerij De Halve Maan,11%,Belgian Quadrupel,330ml,"€ 12,88 per litre"
Kasteel Donker,"€ 3,83",Belgium,3.64,Kasteel Brouwerij Vanhonsebrouck,11%,Belgian Quadrupel,330ml,"€ 11,61 per litre"
The New Nostalgia (2024),"€ 10,49",Canada,4.25,Badlands Brewing Company,5.6%,Pale Ale - American,Can 470ml,"€ 22,32 per litre"
Melodic Whimper,"€ 10,99",Canada,4.24,Messorem,7.8%,IPA - Imperial / Double New England / Hazy,Can 470ml,"€ 23,38 per litre"
La Nuit Des Crocros,"€ 9,99",Canada,4.24,Brasserie Sir John Brewing Co.,10%,Stout - Imperial / Double Pastry,Can 470ml,"€ 21,26 per litre"
Bloodless VII,"€ 12,29",United States,4.23,The Veil Brewing Co.,12.5%,IPA - Quadruple,Can 470ml,"€ 26,15 per litre"
1-800-DoubleDouble-XtraXtra-FrootieFrootie-BiggieBiggie-JuicyJuicy,"€ 10,39",United States,4.22,Hoof Hearted Brewing,10%,IPA - Triple,Can 470ml,"€ 22,11 per litre"
Solvem Probler,"€ 11,49",Canada,4.20,Wood Brothers Brewing Co.,8%,IPA - Imperial / Double New England / Hazy,Can 470ml,"€ 24,45 per litre"
Seventh Circle,"€ 10,99",Canada,4.15,Third Moon Brewing Company,8%,IPA - Imperial / Double New England / Hazy,Can 470ml,"€ 24,45 per litre"
"La Vie, L'Amour, La Mort","€ 8,99",Canada,4.15,Messorem,4.5%,Pale Ale - New England / Hazy,Can 470ml,"€ 19,13 per litre"
Spelling Expirt,"€ 11,49",Canada,4.14,Wood Brothers Brewing Co.,8%,IPA - Imperial / Double New England / Hazy,Can 470ml,"€ 24,45 per litre"
Zombie Hopsicle,"€ 10,79",United States,4.13,Hop Butcher For The World,7.5%,IPA - Imperial / Double New England / Hazy,Can 470ml,"€ 22,96 per litre"
Masochist,"€ 9,89",United States,4.12,False Hope Brewing,9.5%,IPA - Triple New England / Hazy,Can 470ml,"€ 21,04 per litre"
SLUSHY XL Slang Du Slushy,"€ 8,99",United States,4.11,450 North Brewing Company,5.3%,Sour - Fruited,Can 470ml,"€ 19,13 per litre"
SLUSHY XXL Blueberry Tabernak,"€ 6,74",United States,4.11,450 North Brewing Company,5.3%,Sour - Fruited,Can 470ml,"€ 14,34 per litre"
All the Citra In the World,"€ 11,49",United States,4.10,Spyglass Brewing Company,8.2%,IPA - Imperial / Double New England / Hazy,Can 470ml,"€ 24,45 per litre"
Galactic Gusher,"€ 11,49",Canada,4.07,Wood Brothers Brewing Co.,8%,IPA - Imperial / Double New England / Hazy,Can 470ml,"€ 24,45 per litre"
Causality Loop,"€ 11,49",United States,3.93,Spyglass Brewing Company,8%,IPA - Imperial / Double New England / Hazy,Can 470ml,"€ 24,45 per litre"
Bloodless VIII,"€ 11,99",United States,3.90,The Veil Brewing Co.,8%,Sour - Fruited Berliner Weisse,Can 470ml,"€ 25,51 per litre"
Chapter 10: Raspberry Beeret,"€ 4,39",Netherlands,3.21,Jopen,5%,Blonde / Golden Ale - Other,Can 470ml,"€ 25,51 per litre"
Shekkeh,"€ 13,00",United States,4.01,Nightmare Brewing Company,6.3%,Sour - Other,Can 470ml,"€ 25,51 per litre"
Dubbelbok Glutenvrij,"€ 2,99",Netherlands,3.54,Brouwerij Klein Duimpje,8.5%,Gluten-Free,330ml,"€ 9,06 per litre"
Freya,"€ 2,99",Netherlands,3.39,Walhalla Brouwerij & Proeflokaal,5.3%,Wheat Beer - Witbier / Blanche,330ml,"€ 9,06 per litre"
Wild Leven,"€ 3,49",Netherlands,3.27,Hert Bier,6.5%,Bock - Single / Traditional,330ml,"€ 10,58 per litre"
Nondeju Grand Cru,"€ 3,59",Netherlands,3.61,Muifelbrouwerij,11.5%,Belgian Strong Golden Ale,330ml,"€ 10,88 per litre"
Alexander Vintage Vlaams Bruin met Krieken,"€ 11,95",Belgium,3.95,Brouwerij Rodenbach,5.6%,Sour - Flanders Red Ale,Bottle 750ml,"€ 15,93 per litre"
Rackhouse – Off The Rack Kentucky Bourbon 2022 BA Imperial Stout,"€ 18,95",Norway,4.48,LERVIG,14.2%,Stout - Imperial / Double,Bottle 375ml,"€ 50,53 per litre"
Walhalla Heimdall Imperial Rye Bock,"€ 3,80",Netherlands,3.43,Walhalla Brouwerij & Proeflokaal,8.5%,Sour - Fruited,330ml,"€ 11,52 per litre"
Windlass of Erasmus,"€ 13,50",United States,4.09,Nightmare Brewing Company,6.5%,Sour - Fruited Gose,330ml,"€ 11,52 per litre"
Barley Wine Barrel Aged 2024: Balcones,"€ 5,75",Netherlands,4.13,Brouwerij de Molen,11.4%,Barleywine - English,330ml,"€ 17,42 per litre"
Ontbijtkoekbock!,"€ 3,60",Netherlands,3.37,Uiltje Brewing Company,6.5%,Bock - Single / Traditional,330ml,"€ 10,91 per litre"
Wittorfer Handspatz Ananas & Cocos Sour Ale,"€ 4,19",Germany,3.63,Wittorfer Brauerei Neumünster,6.5%,Sour - Fruited,330ml,"€ 12,70 per litre"
Camba Hop Gun Dry Hop Brown Ale,"€ 4,39",Germany,3.52,Camba Bavaria,6.4%,Brown Ale - American,Can 440ml,"€ 9,98 per litre"
Wittorfer Una Clara Lagerbier Mit Limette,"€ 3,39",Germany,3.51,Wittorfer Brauerei Neumünster,5%,Lager - Mexican,330ml,"€ 10,27 per litre"
Schlenkerla Weichsel Rotbier,"€ 2,30",Germany,3.82,"Schlenkerla (""Heller-Bräu"" Trum)",4.6%,Rauchbier,500ml,"€ 4,60 per litre"
Heinzlein Hell,"€ 2,10",Germany,2.40,"Schlenkerla (""Heller-Bräu"" Trum)",0.9%,Lager - Leichtbier,500ml,"€ 4,20 per litre"
Schneider Weisse Hopfenweisse Tap 5,"€ 2,95",United States,3.78,Brooklyn Brewery/ Schneider Weisse G. Schneider & Sohn,8.2%,Wheat Beer - Hopfenweisse,500ml,"€ 4,20 per litre"
König Ludwig dunkel,"€ 1,50",Germany,3.40,König Ludwig Schlossbrauerei Kaltenberg,5.1%,Lager - Munich Dunkel,500ml,"€ 3,00 per litre"
Cellar Series: Imperial Great Rift Vintage 2021,"€ 9,50",England,4.12,Wander Beyond Brewing,13.5%,Stout - Imperial / Double Milk,Can 440ml,"€ 21,59 per litre"
Peppercorn Dork Club (Mar 2024),"€ 10,50",United States,4.26,Hoof Hearted Brewing,10%,IPA - Triple,473ml,"€ 22,20 per litre"
SPECTRA,"€ 12,50",Canada,4.23,BreWskey,10%,IPA - Triple New England / Hazy,473ml,"€ 26,43 per litre"
1-800-DoubleDouble-XtraXtra-FrootieFrootie-BiggieBiggie-JuicyJuicy,"€ 10,50",United States,4.22,Hoof Hearted Brewing,10%,IPA - Triple,473ml,"€ 22,20 per litre"
Brasserie Sir John La Nuit Des Crocros,"€ 10,95",Canada,4.21,Brasserie Sir John Brewing Co.,10%,IPA - Triple,473ml,"€ 23,15 per litre"
RIOT (Ghost RIOT),"€ 10,50",United States,4.19,Adroit Theory,10%,IPA - Triple New England / Hazy,473ml,"€ 22,20 per litre"
Spelling Expirt,"€ 11,50",Canada,4.14,Wood Brothers Brewing Co.,8%,IPA - Imperial / Double New England / Hazy,473ml,"€ 24,31 per litre"
Hop Butcher Zombie Hopsicle,"€ 10,95",United States,4.13,Hop Butcher For The World,7.5%,IPA - Imperial / Double New England / Hazy,473ml,"€ 23,15 per litre"
Sauvignon Sipper,"€ 11,50",Canada,4.11,Wood Brothers Brewing Co.,8.4%,IPA - Imperial / Double New England / Hazy,473ml,"€ 24,31 per litre"
All the Citra In the World,"€ 11,50",United States,4.10,Spyglass Brewing Company,8.2%,IPA - Imperial / Double New England / Hazy,473ml,"€ 24,31 per litre"
Galactic Gusher,"€ 11,50",Canada,4.07,Wood Brothers Brewing Co.,8%,IPA - Imperial / Double New England / Hazy,473ml,"€ 24,31 per litre"
Causality Loop,"€ 11,50",United States,3.93,Spyglass Brewing Company,8%,IPA - Imperial / Double New England / Hazy,473ml,"€ 24,31 per litre"
The Veil Bloodless VIII,"€ 12,50",United States,3.90,The Veil Brewing Co.,8%,Sour - Fruited Berliner Weisse,473ml,"€ 26,43 per litre"
Brewing SLUSHY XXXL Revenge of the Slush,"€ 10,95",United States,3.70,450 North Brewing Company,5.3%,Sour - Fruited,473ml,"€ 23,15 per litre"
Brewing SLUSHY XXL Blueberry Tabernak,"€ 10,95",United States,3.57,450 North Brewing Company,5.3%,Sour - Fruited,473ml,"€ 23,15 per litre"
Brewing SLUSHY XL Slang Du Slushy,"€ 10,25",United States,3.55,450 North Brewing Company,5.3%,Sour - Fruited,473ml,"€ 21,67 per litre"
Chocolate Reign (2023),"€ 37,50",United States,4.42,The Bruery,22.5%,Stout - Imperial / Double,Bottle 375ml,"€ 100,00 per litre"
Strange Case of Dr. Elijah And Mr. Cacao,"€ 32,50",United States,4.34,The Bruery,16.6%,Stout - Imperial / Double,Bottle 375ml,"€ 86,67 per litre"
On the First Light of the Fifth Day,"€ 29,50",United States,4.33,The Bruery,13.7%,Stout - Imperial / Double,Bottle 375ml,"€ 78,67 per litre"
Grappe Blancs 2023,"€ 6,41",France,4.13,Brasserie La Malpolon,7%,Grape Ale - Other,330ml,"€ 19,42 per litre"
Grappe Blancs 2023,"€ 14,41",France,4.13,Brasserie La Malpolon,7%,Grape Ale - Other,Bottle 750ml,"€ 19,21 per litre"
Erynies,"€ 14,41",France,4.08,Brasserie La Malpolon,6%,Grape Ale - Other,Bottle 750ml,"€ 19,21 per litre"
Moisson Dorée,"€ 7,62",France,3.92,Brasserie La Malpolon,6.8%,Farmhouse Ale - Bière de Garde,Bottle 750ml,"€ 10,16 per litre"
Grappe Rouges 2023,"€ 6,41",France,3.89,Brasserie La Malpolon,6%,Grape Ale - Other,330ml,"€ 19,42 per litre"
Grappe Rouges 2023,"€ 14,41",France,3.89,Brasserie La Malpolon,6%,Grape Ale - Other,Bottle 750ml,"€ 19,21 per litre"
Petite Musique de Suie,"€ 3,49",France,3.73,Brasserie La Malpolon,5.8%,Rauchbier,330ml,"€ 10,58 per litre"
On the First Light of the Fifth Day,"€ 27,99",United States,4.33,The Bruery,13.7%,Stout - Imperial / Double,Bottle 375ml,"€ 74,64 per litre"
1-800-DoubleDouble-XtraXtra-FrootieFrootie-BiggieBiggie-JuicyJuicy,"€ 10,79",United States,4.22,Hoof Hearted Brewing,10%,IPA - Triple,473ml,"€ 22,81 per litre"
Spelling Expirt,"€ 11,79",Canada,4.14,Wood Brothers Brewing Co.,8%,IPA - Imperial / Double New England / Hazy,473ml,"€ 24,93 per litre"
Zombie Hopsicle,"€ 10,99",United States,4.13,Hop Butcher For The World,7.5%,IPA - Imperial / Double New England / Hazy,473ml,"€ 23,23 per litre"
Sauvignon Sipper,"€ 11,79",Canada,4.11,Wood Brothers Brewing Co.,8.4%,IPA - Imperial / Double New England / Hazy,473ml,"€ 24,93 per litre"
All the Citra In the World,"€ 10,99",United States,4.10,Spyglass Brewing Company,8.2%,IPA - Imperial / Double New England / Hazy,473ml,"€ 23,23 per litre"
Lupulin Labyrinth,"€ 10,99",Canada,4.07,Wood Brothers Brewing Co.,6.1%,IPA - New England / Hazy,473ml,"€ 23,23 per litre"
Galactic Gusher,"€ 11,79",Canada,4.07,Wood Brothers Brewing Co.,8%,IPA - Imperial / Double New England / Hazy,473ml,"€ 24,93 per litre"
Causality Loop,"€ 9,99",United States,3.93,Spyglass Brewing Company,8%,IPA - Imperial / Double New England / Hazy,473ml,"€ 21,12 per litre"
Abigail (chapitre 12),"€ 8,99",Canada,3.91,Brasserie Sir John Brewing Co.,5.2%,Pale Ale - American,473ml,"€ 19,01 per litre"
Mandarin Alien Church,"€ 9,99",United States,3.90,Tired Hands Brewing Company,7%,IPA - New England / Hazy,473ml,"€ 21,12 per litre"
Bloodless VIII,"€ 10,49",United States,3.90,The Veil Brewing Co.,8%,Sour - Fruited Berliner Weisse,473ml,"€ 22,18 per litre"
Puhaste Sensi Rum Ba,"€ 9,75",Estonia,4.19,Pühaste Brewery,12.5%,Stout - Imperial / Double,330ml,"€ 29,55 per litre"
Schneider Weisse Aventinus,"€ 2,95",Germany,?,Schneider Weisse G. Schneider & Sohn,,Bock - Doppelbock,,
Krab,"€ 2,99",Belgium,3.39,Scheldebrouwerij,5.5%,IPA - Belgian,,
Lime x Mango x Passionfruit x Pineapple x Coconut x Vanilla Smoothie,"€ 6,75",Latvia,4.26,Ārpus Brewing Co.,5.5%,Sour - Smoothie / Pastry,Can 440ml,"€ 15,34 per litre"
Mango x Apricot x Pineapple x Cherry x Coconut x Vanilla Smoothie,"€ 6,75",Latvia,4.24,Ārpus Brewing Co.,5%,Sour - Smoothie / Pastry,Can 440ml,"€ 15,34 per litre"
Singletrack Nelson,"€ 6,99",Norway,4.09,Salikatt Bryggeri,8%,IPA - Imperial / Double New England / Hazy,Can 440ml,"€ 15,89 per litre"
Cinnamon Bun Plasterer,"€ 6,95",Netherlands,4.06,Moersleutel Craft Brewery,12%,Stout - Pastry,Can 440ml,"€ 15,80 per litre"
TDH Waimea x Riwaka DIPA,"€ 5,99",Latvia,3.96,Ārpus Brewing Co.,8%,IPA - Imperial / Double New England / Hazy,Can 440ml,"€ 13,61 per litre"
TDH Rakau x Galaxy DIPA,"€ 5,99",Latvia,3.93,Ārpus Brewing Co.,8%,IPA - Imperial / Double New England / Hazy,Can 440ml,"€ 13,61 per litre"
TDH Hops x Art #24 IPA,"€ 5,50",Latvia,3.89,Ārpus Brewing Co.,6.5%,IPA - New England / Hazy,Can 440ml,"€ 12,50 per litre"
TDH Motueka x Peacharine IPA,"€ 5,50",Latvia,3.88,Ārpus Brewing Co.,6.5%,IPA - New England / Hazy,Can 440ml,"€ 12,50 per litre"
Hazy Nebula,"€ 5,00",Netherlands,3.73,Moersleutel Craft Brewery,6%,IPA - New England / Hazy,Can 440ml,"€ 11,36 per litre"
DUST Rosé,"€ 21,90",Belgium,4.07,DUST Blending,7.6%,Lambic - Other,Bottle 750ml,"€ 29,20 per litre"
Jurange II - 75cl,"€ 21,90",Belgium,4.06,DUST Blending,8.8%,Lambic - Other,Bottle 750ml,"€ 29,20 per litre"
WÜÜÜÜW D&apos;Alsace,"€ 21,90",Belgium,3.89,DUST Blending,9.2%,Lambic - Other,Bottle 750ml,"€ 29,20 per litre"
I ♥ GAMAY,"€ 21,90",Belgium,3.80,DUST Blending,7.4%,Lambic - Other,Bottle 750ml,"€ 29,20 per litre"
Fairy Dust,"€ 6,29",Latvia,3.86,Nurme,6%,IPA - New England / Hazy,Bottle 750ml,"€ 29,20 per litre"
LOOPY,"€ 6,29",Latvia,3.79,Nurme,8%,IPA - Imperial / Double New England / Hazy,Bottle 750ml,"€ 29,20 per litre"
Can I Lick It ?,"€ 3,99",Netherlands,3.74,Cockroach Brew,8.5%,IPA - Imperial / Double New England / Hazy,330ml,"€ 12,09 per litre"
Oude Airelle Sauvage Tilquin à l'Ancienne (2021-2022),"€ 19,99",Belgium,4.15,Gueuzerie Tilquin,8.6%,Lambic - Fruit,330ml,"€ 12,09 per litre"
Brazen,"€ 6,79",Spain,4.07,Garage Beer Co.,8%,IPA - Imperial / Double New England / Hazy,Can 440ml,"€ 15,43 per litre"
Rotation,"€ 5,79",Netherlands,3.83,Moersleutel Craft Brewery,6.5%,IPA - New England / Hazy,Can 440ml,"€ 13,16 per litre"
Steady Rolling Man,"€ 6,80",England,3.94,DEYA Brewing Company,5.2%,Pale Ale - New England / Hazy,500ml,"€ 13,60 per litre"
Opgebokt! (2024),"€ 3,79",Netherlands,3.42,Van Moll,7.5%,Bock - Doppelbock,330ml,"€ 11,48 per litre"
The Realest,"€ 12,95",England,4.32,Cloudwater Brew Co.,10%,IPA - Triple New England / Hazy,Can 440ml,"€ 29,43 per litre"
Fallow Plans,"€ 8,25",Wales,4.16,Polly's Brew Co.,8.2%,IPA - Imperial / Double,Can 440ml,"€ 18,75 per litre"
Sul Ponticello,"€ 8,75",England,4.06,Cloudwater Brew Co.,8%,IPA - Imperial / Double New England / Hazy,Can 440ml,"€ 19,89 per litre"
Nectaron Hornet,"€ 6,95",Germany,3.93,FrauGruber Brewing,8.2%,IPA - Imperial / Double New England / Hazy,Can 440ml,"€ 15,80 per litre"
Hazy Discovery Tokyo,"€ 5,85",Poland,3.89,Browar PINTA,6%,IPA - New England / Hazy,500ml,"€ 11,70 per litre"
'Til Time And Times Are Done,"€ 8,35",England,3.89,Cloudwater Brew Co.,7%,IPA - New England / Hazy,Can 440ml,"€ 18,98 per litre"
Hazy Discovery Bratislava,"€ 5,85",Poland,3.88,Browar PINTA,6%,IPA - New England / Hazy,500ml,"€ 11,70 per litre"
Cold As Eyes,"€ 6,95",Germany,3.69,FrauGruber Brewing,6.2%,IPA - Cold,Can 440ml,"€ 15,80 per litre"
Lust For Life DDH IPA,"€ 3,25",Scotland,3.41,BRULO,6.2%,Non-Alcoholic - IPA,330ml,"€ 9,85 per litre"
Cascadian Tides Stout,"€ 3,25",Scotland,3.27,BRULO,6.2%,Non-Alcoholic - Porter / Stout,330ml,"€ 9,85 per litre"
Heimdall Imperial Rye Bock,"€ 3,99",Netherlands,3.60,Walhalla Brouwerij & Proeflokaal,8.5%,Bock - Doppelbock,330ml,"€ 12,09 per litre"
Sticky Fingers,"€ 3,99",Netherlands,3.42,KOMPAAN Dutch Craft Beer Company,7%,Bock - Single / Traditional,Can 440ml,"€ 9,07 per litre"
Oktoberfest,"€ 2,29",Scotland,3.32,BrewDog,4.7%,Festbier,330ml,"€ 6,94 per litre"
La Trappe Blond,"€ 1,79",Netherlands,3.67,Bierbrouwerij De Koningshoeven,6.5%,Belgian Blonde,330ml,"€ 5,42 per litre"
Maple Bourbon Mexican Cake (2018),"€ 79,99",United States,4.48,Westbrook Brewing Co.,10.5%,Stout - Imperial / Double,330ml,"€ 5,42 per litre"
IV,"€ 109,99",United States,4.43,Riverlands Brewing Company,14.5%,Stout - Imperial / Double,330ml,"€ 5,42 per litre"
Stuffed Crust,"€ 109,99",United States,4.37,Angry Chair Brewing,13%,Barleywine - English,330ml,"€ 5,42 per litre"
Death Cycle,"€ 49,99",United States,4.33,Little Cottage Brewery,11.5%,Barleywine - Other,,
Brave Faces,"€ 109,95",United States,4.26,Horus Aged Ales,14.5%,Stout - Imperial / Double Pastry,,
BA Infinite Shadows of Life,"€ 52,99",United States,4.25,Little Cottage Brewery,12%,Barleywine - American,,
Air Whale Hell,"€ 62,99",United States,4.14,Anchorage Brewing Company,15%,Stout - Imperial / Double,,
He Gets On Base,"€ 6,30",England,3.79,Sureshot Brewing,6.5%,IPA - American,Can 440ml,"€ 14,32 per litre"
Cinnamon Bun Plasterer,"€ 7,99",Netherlands,4.06,Moersleutel Craft Brewery,12%,Stout - Pastry,Can 440ml,"€ 18,16 per litre"
Hazy Nebula,"€ 5,79",Netherlands,3.73,Moersleutel Craft Brewery,6%,IPA - New England / Hazy,Can 440ml,"€ 13,16 per litre"
Hagger Blend 1019 Pink,"€ 14,50",Austria,4.31,Brauhaus Bevog,12.2%,Barleywine - American,330ml,"€ 43,94 per litre"
Peach Afternoon,"€ 8,99",United States,4.25,The Lost Abbey,6%,Sour - Fruited,330ml,"€ 43,94 per litre"
East Coast Sauce,"€ 8,49",United States,4.13,Smoldered Society Beer Co.,6%,IPA - New England / Hazy,330ml,"€ 43,94 per litre"
Chaos by Design / Mortalis,"€ 12,49",United States,4.06,Smoldered Society Beer Co.,10.2%,Stout - Imperial / Double,330ml,"€ 43,94 per litre"
Bible Stories,"€ 27,99",United States,4.03,The Lost Abbey,12%,Barleywine - Other,330ml,"€ 43,94 per litre"
West Coast Smash,"€ 8,49",United States,3.95,Smoldered Society Beer Co.,6.5%,IPA - Other,330ml,"€ 43,94 per litre"
"Simulated Reality (Cherry, Lemon, Lime)","€ 8,49",United States,3.94,Smoldered Society Beer Co.,6.5%,Sour - Fruited,330ml,"€ 43,94 per litre"
Liquid Yoga / Frequentem,"€ 7,49",United States,3.91,Smoldered Society Beer Co.,5%,Pale Ale - New England / Hazy,330ml,"€ 43,94 per litre"
The Late And Great Hannibal Lecter,"€ 8,99",United States,3.82,Smoldered Society Beer Co.,6.5%,Sour - Fruited,330ml,"€ 43,94 per litre"
Every Everything,"€ 7,69",United States,3.77,The Lost Abbey,6.7%,IPA - American,330ml,"€ 43,94 per litre"
Moral Codes,"€ 8,29",United States,3.77,The Lost Abbey,8.5%,IPA - Imperial / Double,330ml,"€ 43,94 per litre"
Mopeds In Milan,"€ 6,99",United States,3.76,The Lost Abbey,5%,Pilsner - Italian,473ml,"€ 14,78 per litre"
Inferno Ale,"€ 21,99",United States,3.75,The Lost Abbey,8.5%,Belgian Strong Golden Ale,473ml,"€ 14,78 per litre"
Unseen Things,"€ 7,69",United States,3.73,The Lost Abbey,6.2%,IPA - Rye,,
Devotion,"€ 6,99",United States,3.63,The Lost Abbey,6%,Belgian Blonde,,
The Ruthless Rattlesnake,"€ 5,70",Sweden,3.70,The Pine Ridge Brewery,8%,IPA - Other,Can 440ml,"€ 12,95 per litre"
Sabro Galaxy IPA,"€ 3,25",Scotland,3.46,BRULO,8%,Non-Alcoholic - IPA,330ml,"€ 9,85 per litre"
5 Fruit Gose,"€ 3,25",Scotland,3.38,BRULO,8%,Non-Alcoholic - Sour,330ml,"€ 9,85 per litre"
Lager,"€ 2,75",Germany,2.92,Lucky Saint,0.5%,Non-Alcoholic - Lager,330ml,"€ 8,33 per litre"
Old King Clancy,"€ 7,75",Hungary,4.05,Mad Scientist,10.5%,Barleywine - Other,330ml,"€ 23,48 per litre"
Xiuhtecuhtli,"€ 4,25",Hungary,3.45,Mead Scientist,7%,Mead - Braggot,330ml,"€ 12,88 per litre"
Heel Holland Bockt 2024,"€ 5,20",Netherlands,3.60,Brouwerij Frontaal,7.5%,Bock - Doppelbock,330ml,"€ 15,76 per litre"
Kranig,"€ 3,50",Netherlands,3.51,Brouwerij Eembier,9%,Belgian Tripel,330ml,"€ 10,61 per litre"
Bokbeest,"€ 3,10",Belgium,3.45,Scheldebrouwerij,7.5%,Bock - Doppelbock,330ml,"€ 9,39 per litre"
Sticky Fingers,"€ 4,30",Netherlands,3.42,KOMPAAN Dutch Craft Beer Company,7%,Bock - Single / Traditional,330ml,"€ 13,03 per litre"
Bock Is the G.O.A.T.,"€ 4,50",Netherlands,3.29,Dutch Bargain,8.7%,Bock - Doppelbock,330ml,"€ 13,64 per litre"
Humlesovs,"€ 21,80",Denmark,3.55,To Øl,6%,IPA - New England / Hazy,6-pack,"Total price: € 21,80"
Trasa,"€ 4,30",Poland,3.88,Browar Cztery Ściany,6.8%,Pale Ale - New England / Hazy,Bottle 500ml,"€ 8,60 per litre"
Wieża 3.0,"€ 3,90",Poland,3.79,Browar Cztery Ściany,4.9%,Pilsner - New Zealand,Bottle 500ml,"€ 7,80 per litre"
Wieża 3.0,"€ 3,90",Poland,3.79,Browar Cztery Ściany,4.9%,Pilsner - New Zealand,Can 500ml,"€ 7,80 per litre"
Avant Garde,"€ 3,50",Poland,3.74,Piwne Podziemie,4.8%,Sour - Fruited Gose,Can 500ml,"€ 7,00 per litre"
Pomona IPA,"€ 3,10",Poland,3.70,Browar Trójmiejski Lubrow,5.2%,IPA - New England / Hazy,Can 330ml,"€ 9,39 per litre"
Kurort,"€ 4,20",Poland,3.66,Browar Cztery Ściany,6.7%,IPA - American,Bottle 500ml,"€ 8,40 per litre"
Hipster Lips,"€ 3,50",Poland,3.61,Piwne Podziemie,4.8%,Sour - Fruited Gose,Can 500ml,"€ 7,00 per litre"
Tilquin Airelle Sauvage 2021-2022,"€ 19,41",Belgium,4.15,Gueuzerie Tilquin,6.5%,Lambic - Fruit,Bottle 750ml,"€ 25,88 per litre"
El Bromador (Biere de Coupage),"€ 4,50",France,3.93,Sacrilège,6.3%,Farmhouse Ale - Bière de Coupage,330ml,"€ 13,64 per litre"
Dios De Pina,"€ 4,50",Hungary,3.88,Mead Scientist,6%,Mead - Braggot,330ml,"€ 13,64 per litre"
Memphis Mafia Double Vanilla Edition,"€ 7,99",Hungary,3.81,Mad Scientist,12.8%,Stout - Imperial / Double,330ml,"€ 24,21 per litre"
10yrs x Fidens,"€ 11,40",England,4.28,Verdant Brewing Co,8%,IPA - Imperial / Double New England / Hazy,Can 440ml,"€ 25,91 per litre"
10yrs x Uchu,"€ 8,30",England,4.04,Verdant Brewing Co,6.5%,IPA - Fruited,Can 440ml,"€ 18,86 per litre"
Riwaka & Rakau Dry-Hopped Foudre Ale,"€ 12,00",England,3.98,Cloudwater Brew Co.,9.7%,IPA - Brett,Bottle 375ml,"€ 32,00 per litre"
Ebb & Flow,"€ 5,60",England,3.70,Duration Brewing,6.5%,Stout - American,Can 440ml,"€ 12,73 per litre"
Harvest Bier,"€ 6,20",England,3.66,Duration Brewing,5.5%,Märzen,Can 440ml,"€ 14,09 per litre"
Doses,"€ 5,10",England,3.62,Duration Brewing,5.1%,Pilsner - German,Can 440ml,"€ 11,59 per litre"
Bandit,"€ 3,30",England,3.48,The Gipsy Hill Brewing Co.,3.8%,Gluten-Free,Can 330ml,"€ 10,00 per litre"
Tegernseer Pils,"€ 2,39",Germany,3.41,Herzoglich Bayerisches Brauhaus Tegernsee,5%,Pilsner - German,330ml,"€ 7,24 per litre"
Take It Easy,"€ 5,00",Spain,3.72,Cierzo Brewing Co.,4.9%,Pale Ale - New Zealand,Can 440ml,"€ 11,36 per litre"
Rensasen,"€ 3,25",Norway,3.54,Bådin,5.5%,Pale Ale - American,330ml,"€ 9,85 per litre"
It's Complicated (2024),"€ 6,49",Germany,4.02,FUERST WIACEK,6.8%,IPA - New England / Hazy,Can 440ml,"€ 14,75 per litre"
Early Retirement,"€ 6,49",Germany,3.95,FUERST WIACEK,6.8%,IPA - New England / Hazy,Can 440ml,"€ 14,75 per litre"
Don't Get Hit By Lightning (2024),"€ 6,49",Germany,3.94,FUERST WIACEK,6.8%,IPA - New England / Hazy,Can 440ml,"€ 14,75 per litre"
Solitary Sock,"€ 5,99",Germany,3.93,FUERST WIACEK,6.2%,IPA - New England / Hazy,Can 440ml,"€ 13,61 per litre"
Verdancy,"€ 4,99",Poland,3.88,Browar Stu Mostów,5.7%,Pale Ale - Other,Can 440ml,"€ 11,34 per litre"
2014 - 10 Years of Brewski,"€ 4,99",Sweden,3.88,Brewski,6%,Sour - Fruited Berliner Weisse,330ml,"€ 15,12 per litre"
All the Single Hops: Centennial,"€ 6,49",Germany,3.85,FUERST WIACEK,6.8%,IPA - New England / Hazy,Can 440ml,"€ 14,75 per litre"
"Hazy Double IPA (Eclipse, Vic Secret & Sabro)","€ 5,99",Croatia,3.81,The Garden Brewery,7.1%,IPA - Imperial / Double New England / Hazy,Can 440ml,"€ 13,61 per litre"
Hazy IPA,"€ 5,79",Croatia,3.78,The Garden Brewery,5.7%,IPA - New England / Hazy,Can 440ml,"€ 13,16 per litre"
Dreamlight Voyage,"€ 5,79",Poland,3.78,Browar Stu Mostów,8%,IPA - Imperial / Double New England / Hazy,Can 440ml,"€ 13,16 per litre"
Nimble (2024),"€ 5,79",Germany,3.69,FUERST WIACEK,3.5%,IPA - Session,Can 440ml,"€ 13,16 per litre"
"Florida Weisse: Kiwi, Papaya & Lemon","€ 5,29",Croatia,3.50,The Garden Brewery,5.8%,Sour - Berliner Weisse,Can 440ml,"€ 12,02 per litre"
Equinox,"€ 5,79",Spain,3.45,Basqueland Brewing,4.8%,Wheat Beer - American Pale Wheat,Can 440ml,"€ 13,16 per litre"
Falling Leaves,"€ 6,00",England,3.82,Duration Brewing,4.4%,Pale Ale - New England / Hazy,Can 440ml,"€ 13,64 per litre"
Into The Wild,"€ 6,00",England,3.73,Duration Brewing,4.4%,IPA - Session,Can 440ml,"€ 13,64 per litre"
Glasshouse Dandelion,"€ 5,40",England,3.83,GlassHouse Beer Co,4%,Pale Ale - New England / Hazy,Can 440ml,"€ 12,27 per litre"
Tilquin Oude Kriek de Schaerbeek 2023-2024,"€ 20,15",Belgium,4.16,Gueuzerie Tilquin,7%,Lambic - Kriek,Bottle 750ml,"€ 26,87 per litre"
Tilquin Oude Kriek de Schaerbeek 2023-2024,"€ 11,77",Belgium,4.16,Gueuzerie Tilquin,7%,Lambic - Kriek,Bottle 375ml,"€ 31,39 per litre"
Tilquin Gueuze 40-60 2023-2024,"€ 6,66",Belgium,4.05,Gueuzerie Tilquin,6.8%,Lambic - Gueuze,Bottle 375ml,"€ 17,76 per litre"
Tilquin Gueuze 60-40 2023-2024,"€ 6,36",Belgium,4.01,Gueuzerie Tilquin,6.8%,Lambic - Gueuze,Bottle 375ml,"€ 16,96 per litre"
Brew York x Nerd BA Rum Sundae,"€ 11,40",England,4.06,Brew York,12%,Stout - Imperial / Double Milk,Can 330ml,"€ 34,55 per litre"
First Twilight Cucudile,"€ 5,40",Hungary,3.67,FIRST Craft Beer,4%,Sour - Fruited,Can 440ml,"€ 12,27 per litre"
Mad Scientist x Van Moll Summer Madness,"€ 7,00",Netherlands,3.63,Van Moll,8%,IPA - Imperial / Double New England / Hazy,330ml,"€ 21,21 per litre"
Butterscotch Foundry,"€ 6,75",Netherlands,4.04,Moersleutel Craft Brewery,13%,Stout - Imperial / Double Pastry,Can 440ml,"€ 15,34 per litre"
Pohjala CocoBänger,"€ 5,51",Estonia,4.12,Põhjala,12.5%,Stout - Imperial / Double Coffee,330ml,"€ 16,70 per litre"
Pohjala Maple Bänger,"€ 5,04",Estonia,3.92,Põhjala,12.5%,Stout - Imperial / Double,330ml,"€ 15,27 per litre"
Pohjala Cosy Nights,"€ 4,57",Estonia,3.83,Põhjala,8%,Porter - Other,330ml,"€ 13,85 per litre"
Pohjala Virmalised X,"€ 6,75",Estonia,3.72,Põhjala,5%,IPA - Imperial / Double,Can 440ml,"€ 15,34 per litre"
Pohjala Virmalised,"€ 4,02",Estonia,3.67,Põhjala,6.5%,IPA - American,Can 330ml,"€ 12,18 per litre"
Pohjala Kosmos,"€ 3,32",Estonia,3.64,Põhjala,5.5%,IPA - New England / Hazy,Can 330ml,"€ 10,06 per litre"
Pohjala Saturnus,"€ 3,23",Estonia,3.61,Põhjala,5%,Pale Ale - New England / Hazy,Can 440ml,"€ 7,34 per litre"
Pohjala Uus Maailm,"€ 3,29",Estonia,3.55,Põhjala,4.7%,IPA - Session,Can 330ml,"€ 9,97 per litre"
Pohjala Helge,"€ 3,92",Estonia,3.55,Põhjala,5%,Gluten-Free,Can 330ml,"€ 11,88 per litre"
Pohjala Laine,"€ 3,45",Estonia,3.53,Põhjala,4.5%,Pale Ale - Australian,Can 330ml,"€ 10,45 per litre"
Pohjala Orange Gose,"€ 3,32",Estonia,3.42,Põhjala,5.5%,Sour - Fruited Gose,Can 330ml,"€ 10,06 per litre"
"Rainbow Eyes: Mango, Raspberry Ice Cream Sour","€ 7,99",Romania,4.27,Hop Hooligans,6%,Sour - Smoothie / Pastry,500ml,"€ 15,98 per litre"
Pearfect Pearing,"€ 7,99",Romania,4.22,Hop Hooligans,6%,Sour - Smoothie / Pastry,500ml,"€ 15,98 per litre"
Chicxulub Impactor,"€ 7,99",Romania,3.92,Hop Hooligans,10%,IPA - Triple New England / Hazy,500ml,"€ 15,98 per litre"
Flexure,"€ 6,00",Netherlands,3.91,Moersleutel Craft Brewery,8.5%,IPA - Imperial / Double New England / Hazy,Can 440ml,"€ 13,64 per litre"
Pressure,"€ 5,50",Netherlands,3.82,Moersleutel Craft Brewery,7%,IPA - New England / Hazy,Can 440ml,"€ 12,50 per litre"
Hazy IPA,"€ 5,50",Croatia,3.78,The Garden Brewery,5.7%,IPA - New England / Hazy,Can 440ml,"€ 12,50 per litre"
De Kracht Van Eenvoud,"€ 5,75",Netherlands,3.68,Moersleutel Craft Brewery,7%,Stout - Other,Can 440ml,"€ 13,07 per litre"
Bedlam,"€ 8,90",Finland,4.19,Revenant Brewing Project,10%,IPA - Triple New England / Hazy,Can 440ml,"€ 20,23 per litre"
Mitre Peak,"€ 6,10",Latvia,4.02,Hopalaa,7%,IPA - New England / Hazy,Can 440ml,"€ 13,86 per litre"
Midnight Snack,"€ 7,40",Germany,3.99,FUERST WIACEK,8%,IPA - Imperial / Double,Can 440ml,"€ 16,82 per litre"
Amplifier,"€ 6,80",Latvia,3.97,Hopalaa,8.6%,IPA - Imperial / Double New England / Hazy,Can 440ml,"€ 15,45 per litre"
Early Retirement,"€ 6,90",Germany,3.95,FUERST WIACEK,6.8%,IPA - New England / Hazy,Can 440ml,"€ 15,68 per litre"
Surveillance Does,"€ 7,10",England,3.95,Azvex Brewing Company,6.5%,IPA - New England / Hazy,Can 440ml,"€ 16,14 per litre"
Can I Lick It ?,"€ 4,60",Netherlands,3.74,Cockroach Brew,8.5%,IPA - Imperial / Double New England / Hazy,330ml,"€ 13,94 per litre"
Hazy Nebula,"€ 6,10",Netherlands,3.73,Moersleutel Craft Brewery,6%,IPA - New England / Hazy,Can 440ml,"€ 13,86 per litre"
Mudskipper V18,"€ 4,10",Netherlands,3.73,De Kromme Haring,5.5%,IPA - New England / Hazy,330ml,"€ 12,42 per litre"
The Hunter,"€ 6,50",Georgia,3.61,Megobrebi Brewery,5.7%,Pale Ale - American,500ml,"€ 13,00 per litre"
Mirungere,"€ 9,75",Romania,4.15,Metanoia Brewing,12%,Stout - Imperial / Double,330ml,"€ 29,55 per litre"
Heavy Metal Jacket,"€ 6,50",England,4.11,Pentrich Brewing Co.,8%,IPA - Imperial / Double,Can 440ml,"€ 14,77 per litre"
Nelson & Nelson,"€ 5,50",Latvia,3.88,Hopalaa,6.9%,IPA - New England / Hazy,Can 440ml,"€ 12,50 per litre"
Coco Jumbo,"€ 5,50",Latvia,3.84,Hopalaa,6.7%,IPA - New England / Hazy,Can 440ml,"€ 12,50 per litre"
Planet YCH 303,"€ 5,50",Latvia,3.81,Hopalaa,6.8%,IPA - New England / Hazy,Can 440ml,"€ 12,50 per litre"
Rhubarb & Custard,"€ 4,99",Scotland,4.09,Vault City Brewing,8%,Sour - Smoothie / Pastry,330ml,"€ 15,12 per litre"
Nittenauer Amanda Zwickl Pils,"€ 2,89",Italy,3.59,Birrificio Emiliano/ Brauhaus Nittenau,5.1%,Lager - IPL (India Pale Lager),330ml,"€ 8,76 per litre"
Nittenauer The Wit,"€ 2,99",Germany,3.59,Brauhaus Nittenau,7.2%,IPA - American,330ml,"€ 9,06 per litre"
Nittenauer Doldenzwerg,"€ 2,99",Germany,3.57,Brauhaus Nittenau,6.3%,Pale Ale - American,330ml,"€ 9,06 per litre"
Goldgräber,"€ 2,99",Germany,3.46,Landgang Brauerei,5.2%,Pale Ale - American,330ml,"€ 9,06 per litre"
Nittenauer Le Chauffeur,"€ 2,99",Germany,3.44,Brauhaus Nittenau,0.38%,Non-Alcoholic - IPA,330ml,"€ 9,06 per litre"
Nittenauer Freie Liebe,"€ 2,59",Germany,3.23,Brauhaus Nittenau,0.5%,Non-Alcoholic - Lager,330ml,"€ 7,85 per litre"
Nittenauer Lola,"€ 2,99",Switzerland,3.19,Lola,0.38%,Non-Alcoholic - Porter / Stout,330ml,"€ 9,06 per litre"
10th Anniversary Tasting,"€ 39,00",United States,?,Anderson Valley Brewing Company,8.7%,IPA - Imperial / Double,330ml,"€ 9,06 per litre"
Hell,"€ 2,15",Germany,3.42,Camba Bavaria,5%,Lager - Helles,500ml,"€ 4,30 per litre"
Amplifier,"€ 6,30",Latvia,3.97,Hopalaa,8.6%,IPA - Imperial / Double New England / Hazy,Can 440ml,"€ 14,32 per litre"
Abstract #9,"€ 5,50",Latvia,3.90,Hopalaa,6.5%,IPA - New England / Hazy,Can 440ml,"€ 12,50 per litre"
Pink Boots,"€ 5,85",Latvia,3.78,Hopalaa,7%,IPA - American,Can 440ml,"€ 13,30 per litre"
blackfly imperial stout,"€ 3,80",Germany,3.86,orca brau,10.5%,Stout - Imperial / Double,330ml,"€ 11,52 per litre"
Obi Wan Cannoli,"€ 6,30",England,3.93,Brew York,7.5%,Stout - Milk / Sweet,Can 440ml,"€ 14,32 per litre"
Juju,"€ 6,10",Poland,3.83,COYPU,7.5%,IPA - Black / Cascadian Dark Ale,500ml,"€ 12,20 per litre"
Siren Lumina,"€ 3,10",England,3.60,Siren Craft Brew,4.2%,IPA - Session,330ml,"€ 9,39 per litre"
Mr. Hops DIPA / Г-н Хопс DIPA,"€ 5,71",United States,3.66,Charleston Brewing Company (West Virginia),7.5%,Belgian Tripel,500ml,"€ 11,42 per litre"
Nice Rice,"€ 7,28",Serbia,3.66,Dogma Brewery,4.5%,Lager - Japanese Rice,500ml,"€ 14,56 per litre"
The Age of Lamb,"€ 7,06",Serbia,3.60,Dogma Brewery,5%,Schwarzbier,500ml,"€ 14,12 per litre"
Single & Wild Colon Elle 2023,"€ 13,00",Belgium,3.90,Lambiek Fabriek,8.5%,Lambic - Gueuze,Bottle 750ml,"€ 17,33 per litre"
Ich Bin Raspberry,"€ 4,40",Denmark,3.62,Mikkeller,3.7%,Sour - Fruited Berliner Weisse,Can 330ml,"€ 13,33 per litre"
Assassin 2022,"€ 269,95",United States,4.55,Toppling Goliath Brewing Co.,13.6%,Stout - Imperial / Double,Can 330ml,"€ 13,33 per litre"
Framboise du Fermier (10 Year),"€ 54,99",United States,4.32,Side Project Brewing,8%,Farmhouse Ale - Saison,Bottle 750ml,"€ 73,32 per litre"
Old Maple Pecanisher BARREL AGED 4-YEARS OnlyCans,"€ 8,99",Norway,4.20,Cervisiam,11.5%,Stout - Imperial / Double,330ml,"€ 27,24 per litre"
Chocolate Salty Bourbon Balls  BARREL AGED 4-YEARS OnlyCans,"€ 8,99",Norway,4.12,Cervisiam,11.7%,Stout - Imperial / Double,330ml,"€ 27,24 per litre"
8th AB - Lost in a hop field,"€ 8,11",Serbia,3.98,Dogma Brewery,8%,IPA - Imperial / Double New England / Hazy,500ml,"€ 16,22 per litre"
8th AB - Slide Ride,"€ 7,89",Serbia,3.79,Dogma Brewery,6%,IPA - American,500ml,"€ 15,78 per litre"
Satanic Panic BARREL AGED 4-YEARS OnlyCans,"€ 8,99",Norway,4.18,Cervisiam,11.3%,Stout - Imperial / Double,330ml,"€ 27,24 per litre"
S'Morbidly Obese BARREL AGED 4-YEARS OnlyCans,"€ 8,99",Norway,4.17,Cervisiam,11.6%,Stout - Imperial / Double,330ml,"€ 27,24 per litre"
Knot,"€ 6,99",Romania,3.96,Bereta Brewing Co.,8%,IPA - Imperial / Double New England / Hazy,Can 440ml,"€ 15,89 per litre"
Synaptic Connection,"€ 6,49",Romania,3.94,Bereta Brewing Co.,6.1%,IPA - New England / Hazy,Can 440ml,"€ 14,75 per litre"
Jungle Juice Beast Mode,"€ 6,79",Norway,3.93,Cervisiam,8%,IPA - Imperial / Double New England / Hazy,Can 440ml,"€ 15,43 per litre"
Septic Thoughts,"€ 6,49",Romania,3.92,Bereta Brewing Co.,6.1%,IPA - New England / Hazy,Can 440ml,"€ 14,75 per litre"
Django Juice — TDH DOUBLE NEIPA,"€ 6,79",Norway,3.86,Cervisiam,8.5%,IPA - Imperial / Double New England / Hazy,Can 440ml,"€ 15,43 per litre"
Good Behaviour,"€ 6,49",Romania,3.82,Bereta Brewing Co.,6.4%,IPA - New England / Hazy,Can 440ml,"€ 14,75 per litre"
8th AB - Crate Digger,"€ 7,89",Serbia,3.78,Dogma Brewery,4.5%,Sour - Fruited,500ml,"€ 15,78 per litre"
Loss,"€ 7,69",Slovakia,3.65,Firstep,6.3%,IPA - American,500ml,"€ 15,38 per litre"
8th AB - El Niño De Tijuana,"€ 5,91",Serbia,3.55,Dogma Brewery,4.5%,Lager - Mexican,500ml,"€ 11,82 per litre"
Westenküsten,"€ 6,32",Slovakia,3.65,Firstep,5%,Lager - Other,500ml,"€ 12,64 per litre"
Troika V.5 - Vic Secret & Nectaron Showcase,"€ 6,03",Bulgaria,3.85,White Stork Beer Co.,6.3%,IPA - New England / Hazy,500ml,"€ 12,06 per litre"
Hopsperiment #18 - IPA,"€ 6,03",Bulgaria,3.82,Пивоварна Мелтум (Meltum Brewery),6%,IPA - New England / Hazy,500ml,"€ 12,06 per litre"
Love4IPA,"€ 6,23",Bulgaria,3.72,Пивоварна Мелтум (Meltum Brewery),5.7%,IPA - American,500ml,"€ 12,46 per litre"
Mr. Hops Hoppy Lager / Г-н Хопс Hoppy Lager,"€ 5,20",England,3.16,Mr Whitehead's Cider Company,4.5%,Cider - Perry / Poiré,500ml,"€ 10,40 per litre"
Open Craft 2024,"€ 6,13",Poland,4.00,Browar Nepomucen,5.3%,Sour - Smoothie / Pastry,500ml,"€ 12,26 per litre"
Big Little Thing,"€ 5,59",United States,3.75,Sierra Nevada Brewing Co.,9%,IPA - Imperial / Double,568ml,"€ 9,84 per litre"
Crazy Lines #58: Elani,"€ 6,13",Poland,3.86,Browar Nepomucen,7.1%,IPA - Imperial / Double,500ml,"€ 12,26 per litre"
Loopy,"€ 6,54",Latvia,3.79,Nurme,8%,IPA - Imperial / Double New England / Hazy,Can 440ml,"€ 14,86 per litre"
Limbo Dragonheart,"€ 6,74",Latvia,3.78,Nurme,7.5%,Sour - Fruited,Can 440ml,"€ 15,32 per litre"
Fairy Dust,"€ 6,32",Latvia,3.86,Nurme,6%,IPA - New England / Hazy,Can 440ml,"€ 14,36 per litre"
Amour Sweetheart,"€ 6,45",Latvia,3.85,Nurme,6%,IPA - New England / Hazy,Can 440ml,"€ 14,66 per litre"
Barrel aged Coconut Vibes,"€ 239,99",United States,4.77,Shared,15%,Stout - Russian Imperial,Can 440ml,"€ 14,66 per litre"
Brett Saison,"€ 4,60",Belgium,3.56,Brasserie de la Senne,5.3%,Farmhouse Ale - Saison,330ml,"€ 13,94 per litre"
Leicht (Hefeweizen Light),"€ 1,75",Germany,3.16,Brauerei Gebr. Maisel,3.1%,Wheat Beer - Hefeweizen Light / Leicht,500ml,"€ 3,50 per litre"
Silly Moo Cider,"€ 4,50",England,3.56,Trenchmore Farm,4.8%,Cider - Traditional / Apfelwein,Can 330ml,"€ 13,64 per litre"
Val-dieu Grand Cru,"€ 3,05",Belgium,3.78,Brasserie de l'Abbaye du Val-Dieu,10.5%,Belgian Quadrupel,330ml,"€ 9,24 per litre"
Erdinger Hefe-weizen,"€ 2,00",Germany,3.65,Erdinger Weissbräu,5.3%,Wheat Beer - Hefeweizen,500ml,"€ 4,00 per litre"
Blanche De Bruxelles,"€ 1,80",Belgium,3.54,Brasserie Lefebvre,4.5%,Wheat Beer - Witbier / Blanche,330ml,"€ 5,45 per litre"
Opgebokt!,"€ 3,30",Netherlands,3.42,Van Moll,7.5%,Bock - Doppelbock,330ml,"€ 10,00 per litre"
Festbier,"€ 5,10",England,3.66,Cloudwater Brew Co.,5%,Festbier,Can 440ml,"€ 11,59 per litre"
Creamy Caramel Choco Stout,"€ 6,49",Netherlands,3.65,Rolo1977 Beers,9%,Stout - Milk / Sweet,Can 440ml,"€ 14,75 per litre"
Post Punk,"€ 2,95",Scotland,3.54,BrewDog,5.4%,IPA - Fruited,330ml,"€ 8,94 per litre"
Wingman,"€ 2,95",Scotland,3.46,BrewDog,4.3%,IPA - Session,330ml,"€ 8,94 per litre"
Double Hazy Jane,"€ 3,95",Scotland,3.84,BrewDog,7.2%,IPA - Imperial / Double New England / Hazy,Can 440ml,"€ 8,98 per litre"
Autobahn,"€ 18,90",Germany,3.70,Schneeeule,4.5%,Sour - Other,Bottle 750ml,"€ 25,20 per litre"
Irmgard,"€ 3,90",Germany,3.55,Schneeeule,3.5%,Sour - Fruited Berliner Weisse,330ml,"€ 11,82 per litre"
Hot Irmi,"€ 3,90",Germany,3.54,Schneeeule,3%,Chilli / Chile Beer,330ml,"€ 11,82 per litre"
Weiße,"€ 19,20",England,3.70,Cloudwater Brew Co.,5.2%,Wheat Beer - Hefeweizen,4-pack,"Total price: € 19,20"
Weiße,"€ 5,40",England,3.70,Cloudwater Brew Co.,5.2%,Wheat Beer - Hefeweizen,Can 440ml,"€ 12,27 per litre"
Fest Bier,"€ 5,40",England,3.64,Cloudwater Brew Co.,5%,Festbier,Can 440ml,"€ 12,27 per litre"
Fest Bier,"€ 19,20",England,3.64,Cloudwater Brew Co.,5%,Festbier,4-pack,"Total price: € 19,20"
Schneider Hopfenweisse TAP 5,"€ 3,05",United States,3.78,Brooklyn Brewery/ Schneider Weisse G. Schneider & Sohn,8.2%,Wheat Beer - Hopfenweisse,500ml,"€ 6,10 per litre"
Keizer Karel Goud Blond,"€ 2,55",Belgium,3.53,Brouwerij Haacht Brasserie,8.5%,Belgian Strong Golden Ale,330ml,"€ 7,73 per litre"
Hopus,"€ 2,35",Belgium,3.52,Brasserie Lefebvre,8.3%,Belgian Strong Golden Ale,330ml,"€ 7,12 per litre"
König Ludwig Weissbier,"€ 2,50",Indonesia,3.51,PT Beverindo Indah Abadi,5.5%,Wheat Beer - Hefeweizen,500ml,"€ 5,00 per litre"
Thalia,"€ 6,60",England,3.67,Tartarus Beers,5%,Sour - Fruited,Can 440ml,"€ 15,00 per litre"
47 - West Coast IPA w/ Tarhon,"€ 6,54",Romania,3.03,OneTwo,5%,IPA - American,Can 440ml,"€ 14,86 per litre"
24 - Kiwi Lime Mint Sour,"€ 6,54",Romania,3.83,OneTwo,5%,Sour - Fruited,Can 440ml,"€ 14,86 per litre"
Pu Erh Me Another One!,"€ 7,06",Romania,3.83,OneTwo,5%,Sour - Fruited,Can 440ml,"€ 16,05 per litre"
45 - Raspberry Mint Vanilla Sour,"€ 6,54",Romania,3.83,OneTwo,5%,Sour - Fruited,Can 440ml,"€ 14,86 per litre"
Calamansi Gose,"€ 7,06",Romania,3.82,OneTwo,4%,Sour - Fruited Gose,Can 440ml,"€ 16,05 per litre"
04 - Mango Habanero Sour,"€ 6,54",Romania,3.79,OneTwo,5.5%,Sour - Fruited,Can 440ml,"€ 14,86 per litre"
Equinox,"€ 4,95",Spain,3.45,Basqueland Brewing,4.8%,Wheat Beer - American Pale Wheat,Can 440ml,"€ 11,25 per litre"
I'm Waiting Here,"€ 5,99",Czech Republic,3.93,Rodinný Pivovar Zichovec,7%,IPA - New England / Hazy,500ml,"€ 11,98 per litre"
Jungle Juice Beast Mode,"€ 6,99",Norway,3.93,Cervisiam,8%,IPA - Imperial / Double New England / Hazy,Can 440ml,"€ 15,89 per litre"
The Beast,"€ 5,99",Spain,3.90,Cierzo Brewing Co.,7.6%,IPA - Imperial / Double New England / Hazy,Can 440ml,"€ 13,61 per litre"
Django Juice,"€ 6,99",Norway,3.86,Cervisiam,8.5%,IPA - Imperial / Double New England / Hazy,Can 440ml,"€ 15,89 per litre"
Swarm,"€ 6,79",Spain,3.86,MALANDAR Craft Beer,8%,IPA - Imperial / Double,Can 440ml,"€ 15,43 per litre"
Diagonal,"€ 6,79",Spain,3.86,MALANDAR Craft Beer,8%,IPA - Imperial / Double,Can 440ml,"€ 15,43 per litre"
Belma & Mosaic Liquid,"€ 5,49",Spain,3.84,MALANDAR Craft Beer,6.5%,IPA - New England / Hazy,Can 440ml,"€ 12,48 per litre"
Swirl Sour - Mango & Peach,"€ 7,29",Spain,3.80,MALANDAR Craft Beer,6%,Sour - Smoothie / Pastry,Can 440ml,"€ 16,57 per litre"
Ninkasi,"€ 5,79",Netherlands,3.78,Walhalla Brouwerij & Proeflokaal,6.8%,IPA - Other,Can 440ml,"€ 13,16 per litre"
Toxic Brewsaders,"€ 4,99",Norway,3.77,Cervisiam,6.2%,IPA - New England / Hazy,330ml,"€ 15,12 per litre"
Hazy Nebula,"€ 5,79",Netherlands,3.73,Moersleutel Craft Brewery,6%,IPA - New England / Hazy,Can 440ml,"€ 13,16 per litre"
Sumea,"€ 5,79",Poland,3.66,Browar Sarabanda,6.2%,IPA - New England / Hazy,500ml,"€ 11,58 per litre"
Siluro Barrel Aged,"€ 5,49",Spain,3.48,Cierzo Brewing Co.,10%,Porter - Imperial / Double Baltic,330ml,"€ 16,64 per litre"
Remblock,"€ 4,99",Netherlands,3.48,Moersleutel Craft Brewery,6.5%,Bock - Single / Traditional,Can 440ml,"€ 11,34 per litre"
Fuzzy Van Trip,"€ 7,89",Germany,4.00,Sudden Death Brewing Co.,6.3%,IPA - New England / Hazy,Can 440ml,"€ 17,93 per litre"
Jungle Juice Beast Mode,"€ 6,50",Norway,3.93,Cervisiam,8%,IPA - Imperial / Double New England / Hazy,Can 440ml,"€ 14,77 per litre"
Django Juice,"€ 6,50",Norway,3.86,Cervisiam,8.5%,IPA - Imperial / Double New England / Hazy,Can 440ml,"€ 14,77 per litre"
Marea Viva,"€ 5,60",Spain,3.84,Basqueland Brewing,6.2%,IPA - American,Can 440ml,"€ 12,73 per litre"
Toxic Brewsaders,"€ 4,99",Norway,3.77,Cervisiam,6.2%,IPA - New England / Hazy,330ml,"€ 15,12 per litre"
Barrel Aged S'morbidly Obese,"€ 8,50",Norway,4.07,Cervisiam,11.6%,Stout - Imperial / Double Pastry,330ml,"€ 25,76 per litre"
The Beast,"€ 5,95",Spain,3.90,Cierzo Brewing Co.,7.6%,IPA - Imperial / Double New England / Hazy,Can 440ml,"€ 13,52 per litre"
Recurring Dream,"€ 5,50",Spain,3.65,Cierzo Brewing Co.,6%,IPA - New England / Hazy,Can 440ml,"€ 12,50 per litre"
Siluro Barrel Aged,"€ 5,25",Spain,3.48,Cierzo Brewing Co.,10%,Porter - Imperial / Double Baltic,330ml,"€ 15,91 per litre"
Lode Of Gold,"€ 7,98",Germany,4.05,Sudden Death Brewing Co.,7.7%,IPA - Imperial / Double New England / Hazy,Can 440ml,"€ 18,14 per litre"
Friday Little Monday,"€ 8,11",Czech Republic,4.01,Pivovar Thrills Brewing,5.2%,IPA - New England / Hazy,500ml,"€ 16,22 per litre"
Six One Nine,"€ 8,20",Germany,3.91,Sudden Death Brewing Co.,5.5%,Sour - Fruited,Can 440ml,"€ 18,64 per litre"
Grindhouse Movie Night,"€ 7,89",Germany,3.82,Sudden Death Brewing Co.,7%,IPA - American,Can 440ml,"€ 17,93 per litre"
Fest Coast,"€ 7,28",Czech Republic,3.76,Pivovar Thrills Brewing,5%,IPA - Other,500ml,"€ 14,56 per litre"
Chill'n'sour,"€ 7,15",Czech Republic,3.90,Pivovar Thrills Brewing,4.2%,Sour - Fruited,500ml,"€ 14,30 per litre"
Ton Up,"€ 7,28",Czech Republic,3.88,Pivovar Thrills Brewing,5.8%,IPA - New England / Hazy,500ml,"€ 14,56 per litre"
Monyo x Rivington Joel's Journey,"€ 4,70",Hungary,3.64,MONYO Brewing Co.,5.5%,IPA - New England / Hazy,330ml,"€ 14,24 per litre"
Barrel Aged Old Maple Pecanisher,"€ 8,50",Norway,4.20,Cervisiam,11.5%,Stout - Imperial / Double,330ml,"€ 25,76 per litre"
Stop Overthinking,"€ 6,90",Spain,4.17,MALANDAR Craft Beer,10%,IPA - Triple,Can 440ml,"€ 15,68 per litre"
Barrel Aged Chocolate Salty Bourbon Balls,"€ 8,50",Norway,4.12,Cervisiam,11.7%,Stout - Imperial / Double,330ml,"€ 25,76 per litre"
Barrel Aged Satanic Panic,"€ 8,50",Norway,3.95,Cervisiam,11.3%,Stout - Imperial / Double Pastry,330ml,"€ 25,76 per litre"
Belma & Mosaic Liquid,"€ 5,35",Spain,3.84,MALANDAR Craft Beer,6.5%,IPA - New England / Hazy,Can 440ml,"€ 12,16 per litre"
Pinta Barrel Brewing Substance 2024,"€ 9,48",Poland,4.25,PINTA Barrel Brewing,12%,Stout - Imperial / Double,330ml,"€ 28,73 per litre"
Pinta Barrel Brewing / Forager - Immensity 2024,"€ 9,50",Poland,4.23,PINTA Barrel Brewing,13%,Stout - Imperial / Double,330ml,"€ 28,79 per litre"
Pinta Barrel Brewing / Third Moon - Superiority 2024,"€ 9,48",Poland,4.17,PINTA Barrel Brewing,12%,Porter - Imperial / Double,330ml,"€ 28,73 per litre"
Pinta Barrel Brewing Descent 2024,"€ 9,48",Poland,4.11,PINTA Barrel Brewing,12%,Porter - Imperial / Double,330ml,"€ 28,73 per litre"
Pinta Barrel Brewing / Spartacus - Unity 2024,"€ 9,48",Poland,4.09,PINTA Barrel Brewing,12%,Porter - Imperial / Double,330ml,"€ 28,73 per litre"
Pinta Risfactor Coffee & Vanilla,"€ 5,62",Poland,4.08,Browar PINTA,10%,Stout - Imperial / Double,330ml,"€ 17,03 per litre"
Pinta Nectaron Heroes,"€ 4,65",Poland,3.74,Browar PINTA,8%,IPA - Imperial / Double,Can 500ml,"€ 9,30 per litre"
Pinta Mini Maxi IPA,"€ 2,64",Poland,3.42,Browar PINTA,0.5%,Non-Alcoholic - IPA,500ml,"€ 5,28 per litre"
Swarm,"€ 6,45",Spain,3.86,MALANDAR Craft Beer,8%,IPA - Imperial / Double,Can 440ml,"€ 14,66 per litre"
Maple Decadence,"€ 10,75",Portugal,4.07,Ophiussa Brewing Co.,14%,Porter - Imperial / Double,Can 440ml,"€ 24,43 per litre"
Bye van Rye (Rye Wine),"€ 7,75",Netherlands,3.79,Rock City Brewing,11.3%,Rye Wine,330ml,"€ 23,48 per litre"
Tårt-Kaggen!,"€ 16,75",Sweden,4.20,Omnipollo,13%,Porter - Imperial / Double,330ml,"€ 50,76 per litre"
Black Potion,"€ 5,20",Netherlands,3.81,Brouwerij Kees,13.8%,Stout - Pastry,330ml,"€ 15,76 per litre"
Farmhouse Rock,"€ 3,95",Netherlands,3.46,Jopen,7%,Farmhouse Ale - Other,330ml,"€ 11,97 per litre"
Lervig No Worries Wild Berries Alkoholfrei,"€ 3,19",Norway,2.85,LERVIG,0.5%,Non-Alcoholic - IPA,330ml,"€ 9,67 per litre"
Bianca 3 Scoops Strawberry Passionfruit Mango Lassi Gose x The Answer,"€ 18,10",Sweden,4.21,Omnipollo,6%,Sour - Fruited Gose,Can 440ml,"€ 41,14 per litre"
Tårt-Kaggen! Imperial Porter x Närke Kulturbryggeri,"€ 19,50",Sweden,4.20,Omnipollo,13%,Porter - Imperial / Double,330ml,"€ 59,09 per litre"
Blacker Chocolate Stout x Brooklyn Brewery,"€ 18,10",Sweden,4.05,Omnipollo,10%,Stout - Imperial / Double,330ml,"€ 54,85 per litre"
Bianca Non-Alcoholic Raspberry Peach Marshmallow Lassi Gose,"€ 7,30",Sweden,3.96,Omnipollo,0.3%,Non-Alcoholic - Sour,330ml,"€ 22,12 per litre"
Foggy Haze Organic Session IPA x Kølster,"€ 6,50",Denmark,3.65,Mikkeller,5%,IPA - Brett,Can 440ml,"€ 14,77 per litre"
Kyrkans Festöl Pilsner x Living Häus Beer Co. & Wayfinder Beer,"€ 7,40",Sweden,3.47,Omnipollo,5.2%,Pilsner - German,Can 440ml,"€ 16,82 per litre"
Plavas Lauma,"€ 8,00",Latvia,3.76,Labietis,12%,Wheat Beer - Wheat Wine,Bottle 375ml,"€ 21,33 per litre"
Satan Black,"€ 2,95",Belgium,3.40,Brouwerij De Block,8%,Belgian Strong Dark Ale,330ml,"€ 8,94 per litre"
Satan Red,"€ 3,05",Belgium,3.37,Brouwerij De Block,8%,Red Ale - Other,330ml,"€ 9,24 per litre"
Sauvage 4,"€ 16,50",France,4.00,Nano Brasserie SPO,4.8%,Wild Ale - Other,Bottle 750ml,"€ 22,00 per litre"
Gryfny Witbier,"€ 3,95",Poland,3.40,ReCraft,4.3%,Wheat Beer - Witbier / Blanche,500ml,"€ 7,90 per litre"
Tripel,"€ 2,79",Belgium,3.75,Brouwerij St.Bernardus,8%,Belgian Tripel,500ml,"€ 7,90 per litre"
Prior 8,"€ 2,59",Belgium,3.70,Brouwerij St.Bernardus,8%,Belgian Dubbel,330ml,"€ 7,85 per litre"
Opas Liebling Kellerbier,"€ 2,90",Germany,3.33,Braumanufaktur Hertl,4.8%,Kellerbier / Zwickelbier,500ml,"€ 5,80 per litre"
Bitter 42,"€ 2,40",Germany,3.23,Brauerei Rittmayer Hallerndorf,5%,Pilsner - German,330ml,"€ 7,27 per litre"
Mooser Liesl,"€ 1,90",Germany,3.48,Arcobräu Gräfliches Brauhaus,5.3%,Lager - Helles,500ml,"€ 3,80 per litre"
"Hell 0,33l","€ 2,00",Germany,3.25,Brauerei Rittmayer Hallerndorf,4.9%,Lager - Helles,330ml,"€ 6,06 per litre"
Edel-Märzen,"€ 1,90",Germany,3.14,Eschenbacher Privatbrauerei,5.5%,Märzen,500ml,"€ 3,80 per litre"
Papanero Bourbon BA,"€ 9,52",Italy,4.26,Ritual Lab,12.5%,Stout - Russian Imperial,330ml,"€ 28,85 per litre"
Italian Uncommon Ale,"€ 16,43",Italy,4.25,Ritual Lab,13.5%,Barleywine - Other,330ml,"€ 49,79 per litre"
Self Examination,"€ 9,52",Italy,4.18,Ritual Lab,12.5%,Barleywine - Other,330ml,"€ 28,85 per litre"
Ritual Lab / Deya - Moons Opera,"€ 4,98",Italy,4.05,Ritual Lab,8.5%,IPA - Imperial / Double New England / Hazy,Can 330ml,"€ 15,09 per litre"
Too Nerdy,"€ 4,65",Italy,3.93,Ritual Lab,8%,IPA - Imperial / Double,Can 330ml,"€ 14,09 per litre"
Rituals Ville vol.21,"€ 4,76",Italy,3.90,Ritual Lab,6.5%,IPA - American,Can 330ml,"€ 14,42 per litre"
Choco Porter,"€ 4,68",Italy,3.87,Ritual Lab,9.2%,Porter - Imperial / Double Baltic,Can 330ml,"€ 14,18 per litre"
Holy Haze,"€ 4,93",Italy,3.87,Ritual Lab,6.5%,IPA - New England / Hazy,Can 330ml,"€ 14,94 per litre"
Modern Mosaic,"€ 4,60",Italy,3.86,Ritual Lab,6.5%,IPA - American,Can 330ml,"€ 13,94 per litre"
Tupamaros,"€ 4,65",Italy,3.85,Ritual Lab,8%,IPA - Imperial / Double,Can 330ml,"€ 14,09 per litre"
Kush,"€ 4,60",Italy,3.83,Ritual Lab,6.5%,IPA - American,Can 330ml,"€ 13,94 per litre"
Make West Coast Ipa Great Again,"€ 4,91",Italy,3.83,Ritual Lab,6.2%,IPA - American,Can 330ml,"€ 14,88 per litre"
Ritual Lab / Todo Mundo - Pacific IPA,"€ 4,60",Italy,3.83,Ritual Lab,6.5%,IPA - Other,Can 330ml,"€ 13,94 per litre"
1606,"€ 4,35",Italy,3.82,Ritual Lab,4.2%,IPA - Session,Can 330ml,"€ 13,18 per litre"
Astro Double IPA,"€ 4,65",Italy,3.81,Ritual Lab,8%,IPA - Imperial / Double,Can 330ml,"€ 14,09 per litre"
Mango Split,"€ 5,23",Italy,3.80,Ritual Lab,8%,IPA - Imperial / Double,Can 330ml,"€ 15,85 per litre"
Ritual Lab / Demoersleutel - Four Brothers,"€ 4,62",Netherlands,3.77,Moersleutel Craft Brewery/ Ritual Lab,7%,Porter - Baltic,330ml,"€ 14,00 per litre"
Astro IPA,"€ 4,60",Italy,3.76,Ritual Lab,6.5%,IPA - American,Can 330ml,"€ 13,94 per litre"
Gose,"€ 3,87",Italy,3.74,Ritual Lab,4.5%,Sour - Other Gose,Can 330ml,"€ 11,73 per litre"
Nerd Choice,"€ 4,35",Italy,3.73,Ritual Lab,3.9%,IPA - Session,Can 330ml,"€ 13,18 per litre"
Super Lemon Ale,"€ 4,04",Italy,3.71,Ritual Lab,5.3%,Pale Ale - American,Can 330ml,"€ 12,24 per litre"
Juice Party vol.3,"€ 4,57",Italy,3.70,Ritual Lab,5%,Sour - Fruited,Can 330ml,"€ 13,85 per litre"
Black Belt,"€ 4,29",Italy,3.68,Ritual Lab,5.7%,Stout - Oatmeal,330ml,"€ 13,00 per litre"
Ritual Lab / Jester King / Oxbow - Tangie,"€ 5,01",Italy,3.60,Ritual Lab,7%,Farmhouse Ale - Saison,330ml,"€ 15,18 per litre"
Screwball Raspberry Ripple Ice Cream Bubblegum,"€ 6,99",England,3.72,Northern Monk,4.5%,Pale Ale - Milkshake,Can 440ml,"€ 15,89 per litre"
Recurring Dream,"€ 3,72",Spain,3.65,Cierzo Brewing Co.,6%,IPA - New England / Hazy,Can 440ml,"€ 8,45 per litre"
Mosa IPA,"€ 3,99",Netherlands,3.56,Zuyd Craft,6%,IPA - American,330ml,"€ 12,09 per litre"
Luna Wit,"€ 3,49",Netherlands,3.54,Zuyd Craft,5.8%,Wheat Beer - Witbier / Blanche,330ml,"€ 10,58 per litre"
My Gummy Bear Exploded At the Candy Shop,"€ 6,99",Netherlands,2.63,Zuyd Craft,6.5%,IPA - New England / Hazy,Can 440ml,"€ 15,89 per litre"
GRUNNEGS GOLD 2023,"€ 3,50",Netherlands,3.57,Floem,8.8%,Belgian Tripel,330ml,"€ 10,61 per litre"
Temple,"€ 4,87",Romania,3.76,Bereta Brewing Co.,6%,IPA - New England / Hazy,Can 440ml,"€ 11,07 per litre"
Head First,"€ 2,99",Netherlands,3.51,Brouwerij Frontaal,4.5%,IPA - Other,330ml,"€ 9,06 per litre"
For the Love of Hops ‘Indigo',"€ 5,19",Netherlands,3.80,Brouwerij Frontaal,9.5%,IPA - Triple,Can 440ml,"€ 11,80 per litre"
Cuvee Armand & Gaston 19|20 Blend 60,"€ 12,69",Belgium,4.32,Brouwerij 3 Fonteinen,5.5%,Lambic - Gueuze,Bottle 375ml,"€ 33,84 per litre"
Oude Kriek,"€ 12,99",Belgium,4.18,Brouwerij 3 Fonteinen,6%,Lambic - Kriek,Bottle 375ml,"€ 34,64 per litre"
Lode of Gold,"€ 7,49",Germany,4.05,Sudden Death Brewing Co.,7.7%,IPA - Imperial / Double New England / Hazy,Can 440ml,"€ 17,02 per litre"
Muddle Jumble,"€ 7,99",Spain,3.93,Basqueland Brewing,5.8%,IPA - New England / Hazy,Can 440ml,"€ 18,16 per litre"
Rochefort Triple Extra,"€ 3,49",Belgium,3.76,Abbaye Notre-Dame de Saint-Rémy,8.1%,Belgian Tripel,330ml,"€ 10,58 per litre"
Orange Gose,"€ 3,99",Estonia,3.42,Põhjala,5.5%,Sour - Fruited Gose,Can 330ml,"€ 12,09 per litre"
Lervig Human Nature,"€ 5,69",Norway,3.42,LERVIG,4.5%,Sour - Fruited Gose,330ml,"€ 17,24 per litre"
Blanche de Mikkeller,"€ 3,69",Denmark,3.30,Mikkeller,5%,Wheat Beer - Witbier / Blanche,330ml,"€ 11,18 per litre"
Lervig No Worries Wild Berries,"€ 2,99",Norway,2.85,LERVIG,0.5%,Non-Alcoholic - IPA,330ml,"€ 9,06 per litre"
Stay Strong Alex,"€ 119,95",United States,4.52,Horus Aged Ales,14.5%,Stout - Imperial / Double,330ml,"€ 9,06 per litre"
Three Magic Letters,"€ 19,95",United States,4.25,Hill Farmstead Brewery,6.2%,IPA - American,330ml,"€ 9,06 per litre"
Cuvee van de Keizer Whiskey Infused,"€ 12,99",Belgium,4.00,Brouwerij Het Anker,11.7%,Belgian Strong Dark Ale,Bottle 750ml,"€ 17,32 per litre"
Grand Prestige,"€ 9,99",Netherlands,3.81,Hertog Jan,10%,Barleywine - Other,Bottle 750ml,"€ 13,32 per litre"
Aventinus Eisbock (TAP 9),"€ 3,99",Germany,3.79,Schneider Weisse G. Schneider & Sohn,12%,Bock - Eisbock,Bottle 750ml,"€ 13,32 per litre"
Delirium Nocturnum,"€ 5,50",Belgium,3.76,Delirium - Huyghe Brewery,8.5%,Belgian Strong Dark Ale,330ml,"€ 16,67 per litre"
La Belle Fleur Pineapple Mango,"€ 28,00",United States,4.27,Side Project Brewing,6%,Brett Beer,Bottle 375ml,"€ 74,67 per litre"
Looking Sharp,"€ 6,20",Portugal,3.88,Dois Corvos,8%,IPA - New England / Hazy,Can 440ml,"€ 14,09 per litre"
Framboise du Fermier (10 year),"€ 57,00",United States,4.32,Side Project Brewing,8%,Farmhouse Ale - Saison,Bottle 750ml,"€ 76,00 per litre"
La Ruche (10 Year),"€ 42,00",United States,4.22,Side Project Brewing,5%,Farmhouse Ale - Saison,Bottle 750ml,"€ 56,00 per litre"
Rosé du Blé (10 Year),"€ 42,00",United States,4.20,Side Project Brewing,5%,Farmhouse Ale - Saison,Bottle 750ml,"€ 56,00 per litre"
Whale Shark V8,"€ 4,79",Netherlands,3.94,De Kromme Haring,8%,IPA - Imperial / Double,330ml,"€ 14,52 per litre"
Mudskipper V18,"€ 4,29",Netherlands,3.73,De Kromme Haring,5.5%,IPA - New England / Hazy,330ml,"€ 13,00 per litre"
Mama Qucha,"€ 3,99",Netherlands,3.38,De Kromme Haring,5%,Farmhouse Ale - Saison,330ml,"€ 12,09 per litre"
Psuedo Church,"€ 10,10",Sweden,4.08,Omnipollo,8.1%,IPA - Imperial / Double New England / Hazy,Can 440ml,"€ 22,95 per litre"
Paradis Pineapple,"€ 11,00",Sweden,4.05,Omnipollo,10%,IPA - Triple New England / Hazy,Can 440ml,"€ 25,00 per litre"
Bianca Non-Alcoholic Raspberry Peach Marshmallow Lassi Gose,"€ 6,10",Sweden,3.96,Omnipollo,0.3%,Non-Alcoholic - Sour,330ml,"€ 18,48 per litre"
Yorkshire Pudding,"€ 5,50",Spain,3.52,Basqueland Brewing,5.7%,IPA - English,330ml,"€ 18,48 per litre"
White Kveiking,"€ 3,10",Belgium,3.49,Skøllmann,6%,IPA - White / Wheat,330ml,"€ 18,48 per litre"
Rauchkopf,"€ 3,00",Belgium,3.44,Skøllmann,6%,Smoked Beer,330ml,"€ 18,48 per litre"
Hopulair,"€ 3,10",Belgium,3.41,Skøllmann,6%,IPA - American,330ml,"€ 18,48 per litre"
Burning Skoll,"€ 2,90",Belgium,3.39,Skøllmann,7%,Farmhouse Ale - Saison,330ml,"€ 18,48 per litre"
Mucho Mucho Citra,"€ 7,20",Spain,4.09,Basqueland Brewing,8%,IPA - Imperial / Double New England / Hazy,Can 440ml,"€ 16,36 per litre"
Pink Flamingo,"€ 4,99",Spain,3.56,Basqueland Brewing,5.2%,Sour - Fruited,Can 440ml,"€ 11,34 per litre"
Implosion,"€ 53,50",Denmark,3.19,To Øl,0.3%,Non-Alcoholic - IPA,24-pack,"Total price: € 53,50"
Implosion,"€ 30,20",Denmark,3.19,To Øl,0.3%,Non-Alcoholic - IPA,12-pack,"Total price: € 30,20"
Spikes West Coast IPA x Garage Beer Co.,"€ 7,60",Estonia,3.69,Põhjala,6.4%,IPA - American,Can 440ml,"€ 17,27 per litre"
Kosmos IPA,"€ 4,30",Estonia,3.64,Põhjala,5.5%,IPA - New England / Hazy,330ml,"€ 13,03 per litre"
Staffelberg Alkoholfreies Weizen,"€ 2,00",Germany,3.17,Staffelberg-Bräu,5.5%,Non-Alcoholic - Wheat,500ml,"€ 4,00 per litre"
Remote,"€ 11,95",United States,3.90,Tree House Brewing Company,5%,Kellerbier / Zwickelbier,,
Day of the Tentacle Hazy DDH IPA,"€ 6,49",Germany,4.18,Hopacabana Brewing,4.7%,IPA - Session,Can 440ml,"€ 14,75 per litre"
Dinkeldoppelbock,"€ 2,99",Germany,3.43,Privatbrauerei Sander,8.1%,Bock - Doppelbock,330ml,"€ 9,06 per litre"
Pale Ale,"€ 2,29",Germany,3.39,Ratsherrn Brauerei,5.6%,Pale Ale - American,330ml,"€ 6,94 per litre"
Wadesda #9,"€ 4,30",Belgium,3.83,Brasserie de la Senne,8%,Farmhouse Ale - Bière de Coupage,330ml,"€ 13,03 per litre"
Jambe De Bois,"€ 3,90",Belgium,3.56,Brasserie de la Senne,8%,Belgian Tripel,330ml,"€ 11,82 per litre"
Brussels Calling,"€ 3,90",Belgium,3.53,Brasserie de la Senne,6.5%,IPA - Belgian,330ml,"€ 11,82 per litre"
Petit Boulba,"€ 3,20",Belgium,3.46,Brasserie de la Senne,2.8%,Table Beer,330ml,"€ 9,70 per litre"
100 PAP Bio,"€ 3,90",Belgium,3.43,Brasserie de la Senne,6%,Pale Ale - Belgian,330ml,"€ 11,82 per litre"
Zinnebir,"€ 3,60",Belgium,3.40,Brasserie de la Senne,5.8%,Pale Ale - Belgian,330ml,"€ 10,91 per litre"
Vandestreek Blackbock,"€ 2,90",Netherlands,3.31,vandeStreek bier,6%,Bock - Single / Traditional,330ml,"€ 8,79 per litre"
Premier Hop,"€ 78,00",United States,3.77,Preyer Brewing Company,5%,Pale Ale - Belgian,460ml,"€ 169,57 per litre"
Premier Hop,"€ 161,90",United States,3.77,Preyer Brewing Company,5%,Pale Ale - Belgian,460ml,"€ 351,96 per litre"
Premier Hop,"€ 96,00",Sweden,3.42,Hey Hop Bryggeri,5%,IPA - American,460ml,"€ 208,70 per litre"
Premier Hop,"€ 179,90",Sweden,3.42,Hey Hop Bryggeri,5%,IPA - American,460ml,"€ 391,09 per litre"
Premier Hop,"€ 96,00",United States,?,Preyer Brewing Company,5%,IPA - American,460ml,"€ 208,70 per litre"
Premier Hop,"€ 96,00",United States,?,Preyer Brewing Company,5%,IPA - American,460ml,"€ 208,70 per litre"
Premier Hop,"€ 179,90",United States,?,Preyer Brewing Company,5%,IPA - American,460ml,"€ 391,09 per litre"
Quadrupel,"€ 2,99",Netherlands,3.42,Brouwerij De Hopweegschaal,8.6%,Belgian Quadrupel,460ml,"€ 391,09 per litre"
Hop & Drop Pakket,"€ 6,39",Netherlands,3.61,Brouwerij Frontaal,7.5%,Bock - Doppelbock,330ml,"€ 19,36 per litre"
Smulbock,"€ 4,49",Netherlands,3.61,Rock City Brewing,9%,Bock - Doppelbock,330ml,"€ 13,61 per litre"
Scheepsbok,"€ 3,99",Netherlands,3.43,Brouwerij Homeland,6.5%,Bock - Single / Traditional,330ml,"€ 12,09 per litre"
Blackbock,"€ 3,29",Netherlands,3.31,vandeStreek bier,6%,Bock - Single / Traditional,330ml,"€ 9,97 per litre"
Oude Gueuze Cuvée Armand & Gaston 2022,"€ 12,00",Belgium,4.32,Brouwerij 3 Fonteinen,6.2%,Lambic - Gueuze,Bottle 375ml,"€ 32,00 per litre"
Mango Pineapple Passionfruit Vanilla Icecream,"€ 9,90",Scotland,4.29,Vault City Brewing,8.4%,Sour - Smoothie / Pastry,Can 440ml,"€ 22,50 per litre"
Gueuze,"€ 11,40",Belgium,4.25,Brasserie Cantillon,5%,Lambic - Gueuze,Bottle 375ml,"€ 30,40 per litre"
10yrs x Green Cheek,"€ 11,40",England,4.25,Verdant Brewing Co,8.4%,IPA - Imperial / Double New England / Hazy,Can 440ml,"€ 25,91 per litre"
Platinum Blend 2022,"€ 16,80",Belgium,4.20,Brouwerij 3 Fonteinen,6.7%,Lambic - Gueuze,Bottle 375ml,"€ 44,80 per litre"
Oude Kriek 2022,"€ 12,00",Belgium,4.18,Brouwerij 3 Fonteinen,6.8%,Lambic - Kriek,Bottle 375ml,"€ 32,00 per litre"
Kweepeer 2023,"€ 15,00",Belgium,4.13,Brouwerij 3 Fonteinen,6%,Lambic - Fruit,Bottle 375ml,"€ 40,00 per litre"
A Walking Study In Demonology,"€ 10,20",England,4.10,Low Key Barrel Project,12.4%,Barleywine - American,Can 330ml,"€ 30,91 per litre"
Gouden Carolus Cuvee Van De Keiser Blauw,"€ 19,20",Belgium,4.05,Brouwerij Het Anker,11%,Belgian Strong Dark Ale,Bottle 750ml,"€ 25,60 per litre"
Oude Gueuze,"€ 9,60",Belgium,3.98,Hanssens Artisanaal,6%,Lambic - Gueuze,Bottle 375ml,"€ 25,60 per litre"
Bière de Saison Raspberry,"€ 6,00",England,3.92,The Kernel Brewery,4.4%,Farmhouse Ale - Saison,Bottle 750ml,"€ 8,00 per litre"
Rochefort Trappistes 8,"€ 6,60",Belgium,3.85,Abbaye Notre-Dame de Saint-Rémy,9.2%,Belgian Strong Dark Ale,Bottle 330ml,"€ 20,00 per litre"
Lipari,"€ 6,20",England,3.84,Track Brewing Company,5%,Sour - Fruited Gose,Can 440ml,"€ 14,09 per litre"
Bitter Simonds 1880,"€ 4,70",England,3.82,The Kernel Brewery,6.5%,Bitter - Extra Special / Strong (ESB),Bottle 500ml,"€ 9,40 per litre"
Banana Split,"€ 8,40",England,3.80,Pastore Brewing and Blending,6%,Sour - Smoothie / Pastry,Can 440ml,"€ 19,09 per litre"
Export Stout Sour Cherry,"€ 6,60",England,3.77,The Kernel Brewery,7%,Stout - Foreign / Export,Bottle 330ml,"€ 20,00 per litre"
Moxee,"€ 5,60",England,3.76,Track Brewing Company,4.8%,Lager - Helles,Can 440ml,"€ 12,73 per litre"
Aspern,"€ 5,10",England,3.75,Track Brewing Company,4.9%,Lager - Vienna,Can 440ml,"€ 11,59 per litre"
Happy,"€ 4,40",England,3.67,Cloudwater Brew Co.,3.5%,Pale Ale - New England / Hazy,Can 440ml,"€ 10,00 per litre"
Arosa,"€ 5,10",England,3.65,Track Brewing Company,5.2%,Lager - Helles,Can 440ml,"€ 11,59 per litre"
Lübecker Helles,"€ 6,00",Germany,3.57,Sudden Death Brewing Co.,4.8%,Lager - Helles,Can 440ml,"€ 13,64 per litre"
Sidney (w/Skof),"€ 5,00",England,3.56,Track Brewing Company,4.2%,Lager - Pale,Can 440ml,"€ 11,36 per litre"
Tynt Meadow Blond,"€ 4,80",England,3.55,Mount Saint Bernard Abbey,5%,Blonde / Golden Ale - English,Bottle 330ml,"€ 14,55 per litre"
Organic Pure Brewed Lager,"€ 4,70",England,3.50,Samuel Smith,5%,Lager - Pale,Bottle 550ml,"€ 8,55 per litre"
Oude Geuze,"€ 7,80",Belgium,3.37,Brouwerij Boon,7%,Lambic - Gueuze,Bottle 375ml,"€ 20,80 per litre"
Bird Of Prey,"€ 4,00",Netherlands,3.30,Uiltje Brewing Company,0.2%,Non-Alcoholic - IPA,Can 330ml,"€ 12,12 per litre"
Sam's Brown Ale (Alcohol Free),"€ 1,70",England,3.15,Samuel Smith,0.5%,Non-Alcoholic - Other,Bottle 355ml,"€ 4,79 per litre"
Druif Grüner Veltliner BIO (x Christoph Hoch),"€ 31,20",Belgium,4.17,Brouwerij 3 Fonteinen,7.5%,Lambic - Fruit,Bottle 750ml,"€ 41,60 per litre"
Pannepot Malaga Barrel Aged 2012 Vintage,"€ 36,00",Belgium,4.11,De Struise Brouwers,10%,Belgian Strong Dark Ale,Bottle 750ml,"€ 48,00 per litre"
Wrath of the Tyrant,"€ 10,80",Scotland,4.07,Holy Goat Brewing,11%,Stout - Imperial / Double,Can 440ml,"€ 24,55 per litre"
Oude Gueuze 2023,"€ 9,60",Belgium,4.06,Brouwerij 3 Fonteinen,7.2%,Lambic - Gueuze,Bottle 375ml,"€ 25,60 per litre"
Yuzu Crusher,"€ 8,40",Scotland,4.03,Holy Goat Brewing,5.9%,Sour - Fruited,Bottle 375ml,"€ 22,40 per litre"
Pannepot Special Reserva 2021,"€ 9,00",Belgium,4.00,De Struise Brouwers,10%,Belgian Strong Dark Ale,Bottle 330ml,"€ 27,27 per litre"
XXX Rye Quad Reserva (Bourbon Barrel Aged),"€ 9,00",Belgium,3.96,De Struise Brouwers,10%,Rye Wine,Bottle 330ml,"€ 27,27 per litre"
Aspiring Beam of Light,"€ 8,40",Germany,3.94,Sudden Death Brewing Co.,5%,Sour - Fruited,Can 440ml,"€ 19,09 per litre"
Unicorn Wizard 2024,"€ 7,80",Scotland,3.92,Holy Goat Brewing,5.6%,Sour - Fruited,Bottle 375ml,"€ 20,80 per litre"
Dirty Horse 2018,"€ 6,60",Belgium,3.91,De Struise Brouwers,7%,Lambic - Kriek,Bottle 330ml,"€ 20,00 per litre"
Remorseless,"€ 9,20",England,3.89,Black Iris Brewery,6%,Sour - Smoothie / Pastry,Can 440ml,"€ 20,91 per litre"
Dogs & Cats Living Together,"€ 6,90",England,3.84,Sureshot Brewing,5.5%,Pale Ale - New England / Hazy,Can 440ml,"€ 15,68 per litre"
The Closest Thing To Silence,"€ 5,90",England,3.81,Cloudwater Brew Co.,5%,Pale Ale - New England / Hazy,Can 440ml,"€ 13,41 per litre"
AF Margarita Gose,"€ 4,20",England,3.77,Cloudwater Brew Co.,0.5%,Non-Alcoholic - Sour,Can 440ml,"€ 9,55 per litre"
AF Pink Grapefruit Radler,"€ 4,20",England,3.76,Cloudwater Brew Co.,0.5%,Non-Alcoholic - Shandy / Radler,Can 440ml,"€ 9,55 per litre"
Oh Gosh!,"€ 5,30",England,3.72,Cloudwater Brew Co.,5%,Pale Ale - New England / Hazy,Can 440ml,"€ 12,05 per litre"
Dirty Horse Kriek,"€ 32,40",Belgium,3.71,De Struise Brouwers,7%,Sour - Fruited,Bottle 750ml,"€ 43,20 per litre"
Tempel du Ciel,"€ 6,60",Belgium,3.69,L'Ermitage/ Ça Brasse Pour Moi,5.2%,Pale Ale - Belgian,Can 330ml,"€ 20,00 per litre"
Fountains Of Anguish,"€ 5,00",England,3.68,Black Iris Brewery,5%,Stout - Oatmeal,Can 440ml,"€ 11,36 per litre"
Lil'son,"€ 5,60",England,3.68,Sureshot Brewing,3%,Pale Ale - New England / Hazy,Can 440ml,"€ 12,73 per litre"
Holy Mountain,"€ 6,60",Belgium,3.64,L'Ermitage,3.8%,Sour - Other,Can 330ml,"€ 20,00 per litre"
Holy Red Fruits,"€ 7,20",Belgium,3.64,L'Ermitage,5.2%,Sour - Other,Can 330ml,"€ 21,82 per litre"
Shark Pants (w/3 Floyds),"€ 9,00",United States,3.63,3 Floyds Brewing/ De Struise Brouwers,9%,IPA - Imperial / Double,Can 330ml,"€ 27,27 per litre"
Circus Of The Sun,"€ 5,60",England,3.61,DEYA Brewing Company,0.5%,Non-Alcoholic - Pale Ale,Can 500ml,"€ 11,20 per litre"
Californication,"€ 7,00",Belgium,3.59,L'Ermitage,8%,IPA - Session,Can 330ml,"€ 21,21 per litre"
Framboise,"€ 8,40",Belgium,3.54,Brouwerij Boon,5%,Lambic - Framboise,Bottle 375ml,"€ 22,40 per litre"
Deya Session Pils,"€ 5,90",England,3.47,DEYA Brewing Company,3.4%,Pilsner - Other,Can 500ml,"€ 11,80 per litre"
Suffer,"€ 95,00",United States,4.66,Anchorage Brewing Company,15%,Barleywine - Other,Bottle 375ml,"€ 253,33 per litre"
Deal With The Devil Double Oaked,"€ 70,00",United States,4.64,Anchorage Brewing Company,17%,Barleywine - American,Bottle 375ml,"€ 253,33 per litre"
Kill The King,"€ 75,00",United States,4.64,Anchorage Brewing Company,15%,Strong Ale - American,Bottle 375ml,"€ 200,00 per litre"
BCBS Blanton Barrel 2021,"€ 100,00",United States,4.64,Goose Island Beer Co.,15.4%,Stout - Imperial / Double,500ml,"€ 200,00 per litre"
BCBS Reserve Old Fitzgerald Barleywine 2022,"€ 100,00",United States,4.58,Goose Island Beer Co.,17%,Barleywine - English,500ml,"€ 200,00 per litre"
BCBS Toasted Barrel Double Barrel 2021,"€ 100,00",United States,4.57,Goose Island Beer Co.,16%,Stout - Imperial / Double,500ml,"€ 200,00 per litre"
Funky Blender Blackberry,"€ 30,00",United States,4.57,Casey Brewing & Blending,16%,Wild Ale - American,500ml,"€ 200,00 per litre"
Schwarzer Coconut,"€ 70,00",United States,4.55,Anchorage Brewing Company,16%,Dark Ale,500ml,"€ 200,00 per litre"
BCBS Vanilla 2018,"€ 87,50",United States,4.51,Goose Island Beer Co.,14.9%,Stout - Imperial / Double,500ml,"€ 175,00 per litre"
Pacific Bramble+,"€ 39,50",United States,4.50,Schramm's Mead,14%,Mead - Melomel,500ml,"€ 175,00 per litre"
No Answer,"€ 75,00",United States,4.50,Anchorage Brewing Company,15%,Strong Ale - American,Bottle 375ml,"€ 200,00 per litre"
Schwarzer,"€ 70,00",United States,4.49,Anchorage Brewing Company,16%,Dark Ale,Bottle 375ml,"€ 200,00 per litre"
Rackhouse Off The Rack – Australian Dark Rum,"€ 19,50",Norway,4.47,LERVIG,13.2%,Stout - Imperial / Double,Bottle 375ml,"€ 200,00 per litre"
Oude Geuze Assemblage No.7 2022/2023,"€ 8,95",Belgium,4.46,Brouwerij 3 Fonteinen,5.2%,Lambic - Gueuze,Bottle 375ml,"€ 200,00 per litre"
BCBS 2020,"€ 35,00",United States,4.46,Goose Island Beer Co.,14.6%,Stout - Imperial / Double,500ml,"€ 70,00 per litre"
Unholy Death,"€ 27,50",Greece,4.45,Seven Island Brewery,11%,Stout - Imperial / Double,500ml,"€ 55,00 per litre"
Jammy,"€ 38,50",United States,4.43,Casey Brewing & Blending,8%,Farmhouse Ale - Saison,Bottle 750ml,"€ 51,33 per litre"
Fros'e Hydra,"€ 8,96",United States,4.43,Kings Brewing Company/ Mortalis Brewing Company,7%,Sour - Smoothie / Pastry,Bottle 750ml,"€ 51,33 per litre"
Parallels,"€ 65,00",United States,4.43,Shared,14%,Stout - Imperial / Double,Bottle 375ml,"€ 173,33 per litre"
The Statement – Balaton,"€ 32,50",United States,4.43,Schramm's Mead,14%,Mead - Melomel,Bottle 375ml,"€ 173,33 per litre"
Hommage Assemblage No.72 2019/2020,"€ 16,00",Belgium,4.43,Brouwerij 3 Fonteinen,6%,Lambic - Framboise,Bottle 375ml,"€ 173,33 per litre"
BCBS 2022,"€ 35,00",United States,4.42,Goose Island Beer Co.,14.3%,Stout - Imperial / Double,Bottle 375ml,"€ 173,33 per litre"
BCBS 2022 33cl,"€ 25,00",United States,4.42,Goose Island Beer Co.,14.3%,Stout - Imperial / Double,,
Black Gold 2023,"€ 45,00",United States,4.41,Central Waters Brewing Company,14%,Stout - Imperial / Double,,
Silver Series Faba Bourbon Barrel Aged,"€ 9,25",Estonia,4.40,Pühaste Brewery,14.5%,Stout - Imperial / Double Coffee,330ml,"€ 28,03 per litre"
Black Tuesday 2023,"€ 49,50",United States,4.38,The Bruery,19.5%,Stout - Imperial / Double,330ml,"€ 28,03 per litre"
This Is The Way,"€ 22,00",United States,4.37,Prairie Artisan Ales,19.5%,Stout - Imperial / Double Pastry,330ml,"€ 28,03 per litre"
Oude Kriek Assemblage No.76 2019/2020,"€ 12,50",Belgium,4.37,Brouwerij 3 Fonteinen,5.6%,Lambic - Kriek,330ml,"€ 28,03 per litre"
Rackhouse Blue Plate Special,"€ 18,75",Norway,4.36,LERVIG,13.5%,Stout - Imperial / Double,330ml,"€ 28,03 per litre"
Oude Du Blé (10 Year),"€ 70,00",United States,4.36,Side Project Brewing,6%,Farmhouse Ale - Saison,Bottle 750ml,"€ 93,33 per litre"
RedEye November (2023),"€ 38,00",United States,4.36,Bottle Logic Brewing,15.3%,Stout - Imperial / Double Coffee,Bottle 750ml,"€ 93,33 per litre"
Bianca Hydra,"€ 11,95",United States,4.36,Mortalis Brewing Company,7%,Sour - Smoothie / Pastry,Bottle 750ml,"€ 93,33 per litre"
Darkstar November (2023),"€ 37,50",United States,4.36,Bottle Logic Brewing,15.3%,Stout - Imperial / Double,500ml,"€ 75,00 per litre"
Fros'e Hydra Duce,"€ 8,96",United States,4.35,Mortalis Brewing Company,7%,Sour - Smoothie / Pastry,500ml,"€ 75,00 per litre"
BCBS Proprietors 2022,"€ 100,00",United States,4.35,Goose Island Beer Co.,13.4%,Stout - Imperial / Double,500ml,"€ 200,00 per litre"
Hydra Slushmallow,"€ 8,96",United States,4.35,Mortalis Brewing Company,7%,Sour - Smoothie / Pastry,473ml,"€ 18,94 per litre"
Scatter Signal (2022),"€ 39,50",United States,4.35,Bottle Logic Brewing,12%,Stout - Imperial / Double Pastry,500ml,"€ 79,00 per litre"
Wijnberg Perzik Assemblage No.24 2021/2022,"€ 34,50",Belgium,4.35,Brouwerij 3 Fonteinen,6.5%,Lambic - Fruit,Bottle 750ml,"€ 46,00 per litre"
State Of Enlightenment (2024),"€ 37,50",United States,4.34,Bottle Logic Brewing,13.3%,Stout - Imperial / Double,500ml,"€ 75,00 per litre"
Barcode Orange&Yellow,"€ 12,50",Netherlands,4.34,Moersleutel Craft Brewery,13%,Stout - Imperial / Double,Can 440ml,"€ 28,41 per litre"
Medusa,"€ 8,96",United States,4.34,Mortalis Brewing Company,5%,Sour - Smoothie / Pastry,Can 440ml,"€ 28,41 per litre"
Pear Brandy Wine Haus,"€ 41,00",United States,4.33,Long Live Beerworks,12%,Barleywine - American,Can 440ml,"€ 28,41 per litre"
8 Year,"€ 39,50",United States,4.33,Cycle Brewing Company,12%,Stout - Imperial / Double,,
More Time To Explain (2021),"€ 37,50",United States,4.33,Bottle Logic Brewing,12.43%,Stout - Imperial / Double,500ml,"€ 75,00 per litre"
Peach Barrel Heads,"€ 26,50",United States,4.33,Barrique Brewing and Blending,6.7%,Wild Ale - American,500ml,"€ 53,00 per litre"
Oil Of Aphrodite 2022,"€ 20,00",United States,4.33,Jackie O's Brewery,13.5%,Stout - Imperial / Double,Bottle 375ml,"€ 53,33 per litre"
Perzik Rood Assemblage No.20 2021/2022,"€ 34,50",Belgium,4.32,Brouwerij 3 Fonteinen,6.2%,Lambic - Fruit,Bottle 750ml,"€ 46,00 per litre"
Pools Of Reflection (Batch 2),"€ 43,95",United States,4.32,Private Press Brewing,14.3%,Barleywine - English,500ml,"€ 87,90 per litre"
Superstratum (2023),"€ 37,50",United States,4.32,Bottle Logic Brewing,12.5%,Stout - Imperial / Double Pastry,500ml,"€ 75,00 per litre"
Stuf't,"€ 22,00",United States,4.32,Prairie Artisan Ales,14%,Stout - Imperial / Double Pastry,500ml,"€ 75,00 per litre"
Perzik Geel Assemblage No.14 2021/2022,"€ 34,50",Belgium,4.32,Brouwerij 3 Fonteinen,6.7%,Lambic - Fruit,Bottle 750ml,"€ 46,00 per litre"
BCBS Coffee 2022,"€ 52,50",United States,4.32,Goose Island Beer Co.,13.2%,Stout - Imperial / Double Coffee,500ml,"€ 105,00 per litre"
Coconut Champion Ground,"€ 23,00",United States,4.32,Jackie O's Brewery,12%,Stout - Imperial / Double Coffee,500ml,"€ 105,00 per litre"
Noa Bourbon BA Pecan Mud Cake Coconut,"€ 17,50",Sweden,4.32,Omnipollo,14.2%,Stout - Imperial / Double Pastry,330ml,"€ 53,03 per litre"
Super Pistache Bros.,"€ 22,00",United States,4.32,Prairie Artisan Ales,13.6%,Stout - Imperial / Double Pastry,330ml,"€ 53,03 per litre"
Hydra Sandwich,"€ 8,96",United States,4.32,Mortalis Brewing Company,7%,Sour - Smoothie / Pastry,330ml,"€ 53,03 per litre"
Cuvee A&G Assemblage No.17 2020/2021,"€ 22,50",Belgium,4.32,Brouwerij 3 Fonteinen,5.5%,Lambic - Gueuze,330ml,"€ 53,03 per litre"
Lorelei BA Coconut Maple Toast,"€ 14,25",Sweden,4.32,Omnipollo/ Siren Craft Brew,12.5%,Porter - Imperial / Double,330ml,"€ 53,03 per litre"
Stronger Then Fiction (2024),"€ 37,50",United States,4.32,Bottle Logic Brewing,13%,Strong Ale - American,330ml,"€ 53,03 per litre"
Form Five (2023),"€ 37,50",United States,4.31,Bottle Logic Brewing,14.3%,Stout - Imperial / Double,500ml,"€ 75,00 per litre"
More Time To Explain (2023),"€ 37,50",United States,4.31,Bottle Logic Brewing,13.1%,Stout - Imperial / Double Pastry,500ml,"€ 75,00 per litre"
Rackhouse Black Forest Picante,"€ 18,75",Norway,4.31,LERVIG,13%,Stout - Imperial / Double,500ml,"€ 75,00 per litre"
Patience,"€ 22,50",Norway,4.31,7 Fjell Bryggeri,14%,Stout - Imperial / Double,Bottle 750ml,"€ 30,00 per litre"
Coffee Stout,"€ 12,50",Czech Republic,4.30,Rodinný Pivovar Zichovec,14%,Stout - Imperial / Double Coffee,Bottle 750ml,"€ 30,00 per litre"
Shaded Sentry (ᴄᴏʟʟᴀʙ ᴡɪᴛʜ ᴍᴏʀᴛᴀʟɪꜱ) (2023),"€ 39,50",United States,4.30,Bottle Logic Brewing,14.2%,Stout - Imperial / Double,500ml,"€ 79,00 per litre"
Beeznuts,"€ 27,00",Hungary,4.30,Mad Scientist,13%,Stout - Imperial / Double Pastry,500ml,"€ 54,00 per litre"
Oude La Ruche Kriek (10 Year),"€ 51,50",United States,4.30,Side Project Brewing,6%,Farmhouse Ale - Saison,500ml,"€ 54,00 per litre"
Bomb,"€ 15,50",United States,4.29,Prairie Artisan Ales,13%,Stout - Imperial / Double Coffee,500ml,"€ 54,00 per litre"
BLVCK – Ghost: BLVCK,"€ 8,75",United States,4.29,Adroit Theory,13.5%,Stout - Russian Imperial,473ml,"€ 18,50 per litre"
Coconut Stout,"€ 12,50",Czech Republic,4.29,Rodinný Pivovar Zichovec,12%,Stout - Imperial / Double,473ml,"€ 18,50 per litre"
Thesmophoros,"€ 29,95",United States,4.29,Mortalis Brewing Company,10%,Stout - Imperial / Double Pastry,500ml,"€ 59,90 per litre"
Sunstead: White Peach,"€ 29,00",Denmark,4.29,Insight Cellars,6.3%,Wild Ale - Other,Bottle 750ml,"€ 38,67 per litre"
Cephalophilosophy (2023),"€ 37,50",United States,4.29,Bottle Logic Brewing,14.9%,Stout - Imperial / Double Pastry,500ml,"€ 75,00 per litre"
One & Dunn,"€ 17,50",United States,4.29,The Bruery,13.7%,Stout - Imperial / Double,500ml,"€ 75,00 per litre"
Simulation Theory 2023 Madagascar,"€ 26,25",Hungary,4.28,Mad Scientist,10.2%,Stout - Imperial / Double,500ml,"€ 52,50 per litre"
Simulation Theory 2023 Tahiti,"€ 26,25",Hungary,4.28,Mad Scientist,10.2%,Stout - Imperial / Double,500ml,"€ 52,50 per litre"
Silver Series Morphosis,"€ 8,75",Poland,4.28,Browar PINTA/ Pühaste Brewery,11.3%,Porter - Imperial / Double Baltic,330ml,"€ 26,52 per litre"
Alchemy Of Elements (2022),"€ 40,00",United States,4.28,Bottle Logic Brewing,14%,Stout - Imperial / Double,500ml,"€ 80,00 per litre"
Rosé de Gambrinus,"€ 9,75",Belgium,4.27,Brasserie Cantillon,5%,Lambic - Framboise,500ml,"€ 80,00 per litre"
Pruim Mirabelle Assemblage No.21 2021/2022,"€ 34,50",Belgium,4.27,Brouwerij 3 Fonteinen,7.3%,Lambic - Fruit,Bottle 750ml,"€ 46,00 per litre"
Silver Series Surmapatt Sauternes/Port/Whisky BA,"€ 9,75",Estonia,4.27,Pühaste Brewery,13%,Porter - Imperial / Double,330ml,"€ 29,55 per litre"
Oude Pinot Gris 2020/2021,"€ 21,95",Belgium,4.27,Gueuzerie Tilquin,8.5%,Lambic - Fruit,Bottle 750ml,"€ 29,27 per litre"
Peach Fruit Stand,"€ 30,00",United States,4.27,Casey Brewing & Blending,5.5%,Farmhouse Ale - Saison,Bottle 750ml,"€ 40,00 per litre"
Kriek,"€ 9,50",Belgium,4.26,Brasserie Cantillon,5%,Lambic - Kriek,Bottle 750ml,"€ 40,00 per litre"
Kriek 21/22,"€ 9,50",Belgium,4.26,Brasserie Cantillon,5%,Lambic - Kriek,Bottle 750ml,"€ 40,00 per litre"
4th Anniversary,"€ 6,50",Ukraine,4.26,Rebrew,10.5%,Scotch Ale / Wee Heavy,330ml,"€ 19,70 per litre"
Extravagant Vanilla Variety Stout,"€ 9,75",Netherlands,4.26,Moersleutel Craft Brewery,12%,Stout - Russian Imperial,Can 440ml,"€ 22,16 per litre"
Scramjet (2023),"€ 39,50",United States,4.26,Bottle Logic Brewing,15.3%,Stout - Imperial / Double,500ml,"€ 79,00 per litre"
Changing Gears (2023),"€ 40,00",United States,4.26,Bottle Logic Brewing,12.9%,Stout - Imperial / Double Pastry,500ml,"€ 80,00 per litre"
Espresso Marty,"€ 22,00",United States,4.26,Prairie Artisan Ales,14%,Stout - Imperial / Double Coffee,500ml,"€ 80,00 per litre"
Cuvee Miel Assemblage No.67 2020/2021,"€ 27,50",Belgium,4.25,Brouwerij 3 Fonteinen,7.9%,Lambic - Gueuze,Bottle 750ml,"€ 36,67 per litre"
Hazelnut,"€ 35,00",United States,4.25,Cycle Brewing Company,7.9%,Stout - Imperial / Double,Bottle 750ml,"€ 36,67 per litre"
Boulevardier BA,"€ 10,75",Poland,4.24,Browar Stu Mostów/ Galway Bay Brewery,13%,Barleywine - Other,500ml,"€ 21,50 per litre"
Sisyphus,"€ 29,95",United States,4.24,Mortalis Brewing Company,10%,Stout - Imperial / Double Pastry,500ml,"€ 59,90 per litre"
Papanero Maple/Bourbon Barrel Aged,"€ 9,25",Italy,4.24,Ritual Lab,12.5%,Stout - Russian Imperial,330ml,"€ 28,03 per litre"
Dominus Mortis Ghost: 1276,"€ 9,50",United States,4.24,Adroit Theory,10%,IPA - Triple New England / Hazy,330ml,"€ 28,03 per litre"
Turing Machine,"€ 12,50",United States,4.24,Spyglass Brewing Company,10%,IPA - Triple New England / Hazy,330ml,"€ 28,03 per litre"
Paragon 2021,"€ 19,50",Norway,4.24,LERVIG,13.8%,Barleywine - Other,Bottle 375ml,"€ 52,00 per litre"
What Evil Lurks,"€ 10,75",United States,4.24,Adroit Theory,13.5%,Stout - Russian Imperial,Bottle 375ml,"€ 52,00 per litre"
Sauvage Assemblage No.11,"€ 19,00",France,4.24,Popihn Sauvages,6%,Wild Ale - Other,Bottle 750ml,"€ 25,33 per litre"
Sauvage Assemblage No.12,"€ 19,00",France,4.24,Popihn Sauvages,6%,Wild Ale - Other,Bottle 750ml,"€ 25,33 per litre"
Sauvage Assemblage No.13,"€ 19,00",France,4.24,Popihn Sauvages,6%,Wild Ale - Other,Bottle 750ml,"€ 25,33 per litre"
Sauvage Assemblage No.14,"€ 19,00",France,4.24,Popihn Sauvages,6%,Wild Ale - Other,Bottle 750ml,"€ 25,33 per litre"
Sauvage Assemblage No.3,"€ 27,95",France,4.24,Popihn Sauvages,6%,Wild Ale - Other,Bottle 750ml,"€ 37,27 per litre"
Sauvage Assemblage No.8,"€ 20,00",France,4.24,Popihn Sauvages,6%,Wild Ale - Other,Bottle 750ml,"€ 26,67 per litre"
Mind Over Batter (2023),"€ 37,50",United States,4.23,Bottle Logic Brewing,12%,Stout - Imperial / Double Pastry,500ml,"€ 75,00 per litre"
Afterimage,"€ 9,25",United States,4.23,Grimm Artisanal Ales,8%,IPA - Imperial / Double,473ml,"€ 19,56 per litre"
Bonfires Burning Bright,"€ 25,00",Hungary,4.23,Mad Scientist,9%,Barleywine - American,500ml,"€ 50,00 per litre"
Ravens Dawn,"€ 28,50",Finland,4.23,Paihalas Brewery,6.4%,Wild Ale - Other,500ml,"€ 50,00 per litre"
Ravens Dawn,"€ 16,50",Finland,4.23,Paihalas Brewery,6.4%,Wild Ale - Other,500ml,"€ 50,00 per litre"
Basique Poire 2022,"€ 26,50",United States,4.23,Barrique Brewing and Blending,6.2%,Sour - Other,500ml,"€ 50,00 per litre"
Druif Muscat Bleu Assemblage No. 47 2019/2020,"€ 37,95",Belgium,4.23,Brouwerij 3 Fonteinen,8%,Lambic - Fruit,Bottle 750ml,"€ 50,60 per litre"
Oude Pinot Noir 2020/2021,"€ 21,50",Belgium,4.23,Gueuzerie Tilquin,8.8%,Lambic - Fruit,Bottle 750ml,"€ 28,67 per litre"
Extravagant Truffle Chocolate Stout,"€ 8,95",Netherlands,4.23,Moersleutel Craft Brewery,13%,Stout - Imperial / Double,Can 440ml,"€ 20,34 per litre"
Druif Dornfelder  Assemblage No. 27 2020/2021,"€ 37,95",Belgium,4.23,Brouwerij 3 Fonteinen,7.7%,Lambic - Fruit,Bottle 750ml,"€ 50,60 per litre"
Bravo 2017 Vintage,"€ 16,25",United States,4.22,Firestone Walker Brewing Company,13.2%,Brown Ale - Imperial / Double,Bottle 750ml,"€ 50,60 per litre"
Stille Nacht 2022,"€ 5,25",Belgium,4.22,Brouwerij De Dolle Brouwers,12%,Belgian Strong Golden Ale,Bottle 750ml,"€ 50,60 per litre"
Just Vanilla,"€ 32,50",United States,4.22,Cycle Brewing Company,11%,Stout - Imperial / Double,Bottle 750ml,"€ 50,60 per litre"
Stakk,"€ 18,50",Norway,4.22,Lindheim Ølkompani,6%,Sour - Fruited,Bottle 750ml,"€ 24,67 per litre"
Technical Challenge (2021),"€ 40,00",United States,4.22,Bottle Logic Brewing,13.77%,Stout - Imperial / Double Pastry,500ml,"€ 80,00 per litre"
Language Of Thunder Cumulus,"€ 22,50",United States,4.22,TrimTab Brewing Co.,9.8%,Stout - Imperial / Double,500ml,"€ 80,00 per litre"
Oude Gewurzt 2020/2021,"€ 22,50",Belgium,4.22,Gueuzerie Tilquin,8.4%,Lambic - Fruit,Bottle 750ml,"€ 30,00 per litre"
Finite Universe (2023),"€ 40,00",United States,4.21,Bottle Logic Brewing,12.8%,Stout - Imperial / Double Pastry,500ml,"€ 80,00 per litre"
Coward 2022,"€ 12,85",England,4.21,Buxton Brewery,11%,Stout - Imperial / Double Pastry,330ml,"€ 38,94 per litre"
Khione,"€ 29,95",United States,4.21,Mortalis Brewing Company,10%,Stout - Imperial / Double Coffee,500ml,"€ 59,90 per litre"
Oude Mirabelle 2020/2021,"€ 11,50",Belgium,4.21,Gueuzerie Tilquin,7%,Lambic - Fruit,500ml,"€ 59,90 per litre"
Maple Plumber,"€ 7,75",Netherlands,4.20,Moersleutel Craft Brewery,11%,Stout - Imperial / Double Pastry,Can 440ml,"€ 17,61 per litre"
Braambes Oogst 2020 Assemblage No. 21 2020/2021,"€ 37,95",Belgium,4.20,Brouwerij 3 Fonteinen,5.5%,Lambic - Fruit,Can 440ml,"€ 17,61 per litre"
Intens Rood Turf  Assemblage No. 79 2019/2020,"€ 30,00",Belgium,4.20,Brouwerij 3 Fonteinen,6%,Lambic - Kriek,Can 440ml,"€ 17,61 per litre"
Sauvage Cassis,"€ 20,00",France,4.20,Popihn Sauvages,6.5%,Wild Ale - Other,Bottle 750ml,"€ 26,67 per litre"
Oude Mure 2019/2020,"€ 18,00",Belgium,4.20,Gueuzerie Tilquin,6%,Lambic - Fruit,Bottle 750ml,"€ 26,67 per litre"
I've Got Friends In The Music Business Batch #4,"€ 4,46",Netherlands,4.20,Brouwerij Frontaal,14%,Stout - Imperial / Double Oatmeal,330ml,"€ 13,52 per litre"
Kriek 2021,"€ 24,95",Belgium,4.20,Het Boerenerf Eylenbosch,7%,Lambic - Kriek,330ml,"€ 13,52 per litre"
Kriek 2021,"€ 13,50",Belgium,4.20,Het Boerenerf Eylenbosch,7%,Lambic - Kriek,330ml,"€ 13,52 per litre"
Silver Series Aetheria Cognac BA,"€ 10,00",Estonia,4.20,Pühaste Brewery,13.9%,Stout - Imperial / Double,330ml,"€ 30,30 per litre"
TenneSPON Traditionnelle,"€ 26,50",United States,4.20,Barrique Brewing and Blending,6.5%,Wild Ale - American,500ml,"€ 53,00 per litre"
Oude Riesling 2020/2021,"€ 22,50",Belgium,4.20,Gueuzerie Tilquin,8.1%,Lambic - Fruit,Bottle 750ml,"€ 30,00 per litre"
Caife Gaelach Irish Coffee Imperial Milk Stout,"€ 6,50",Ukraine,4.20,Rebrew,8%,Stout - Imperial / Double Milk,330ml,"€ 19,70 per litre"
Mash Test Yummies,"€ 11,00",Denmark,4.19,To Øl,13.6%,Stout - Imperial / Double Pastry,Bottle 375ml,"€ 29,33 per litre"
Power Bar Blacksmith,"€ 7,75",Netherlands,4.19,Moersleutel Craft Brewery,13%,Stout - Imperial / Double Pastry,Can 440ml,"€ 17,61 per litre"
Rhineland Harmonie,"€ 29,00",Denmark,4.19,Insight Cellars,8.5%,Wild Ale - Other,Bottle 750ml,"€ 38,67 per litre"
Everlong,"€ 22,50",Norway,4.19,7 Fjell Bryggeri,13.5%,Stout - Imperial / Double,Bottle 750ml,"€ 30,00 per litre"
Somlói Galuska 2024,"€ 26,75",Hungary,4.19,Mad Scientist,11%,Stout - Imperial / Double,500ml,"€ 53,50 per litre"
B.A. Bock,"€ 12,00",Ukraine,4.19,Pravda Brewery,11.2%,Belgian Quadrupel,500ml,"€ 53,50 per litre"
Double Black Mash Vanilla Brandy BA 2022,"€ 26,95",Denmark,4.19,Amager Bryghus,12.1%,Stout - Imperial / Double,Bottle 750ml,"€ 35,93 per litre"
4th Anniversary,"€ 10,50",Poland,4.18,Funky Fluid,18%,Stout - Imperial / Double,Bottle 750ml,"€ 35,93 per litre"
Pruim Belle De Louvain Assemblage No.17 2021/2022,"€ 34,50",Belgium,4.18,Brouwerij 3 Fonteinen,6.8%,Lambic - Fruit,Bottle 750ml,"€ 46,00 per litre"
Crimson,"€ 30,00",Ireland,4.18,Land & Labour,5.5%,Lambic - Fruit,Bottle 750ml,"€ 46,00 per litre"
Big Snail,"€ 23,00",United States,4.18,Jackie O's Brewery/ Our Mutual Friend Brewing Company,13.2%,Stout - Imperial / Double,Bottle 750ml,"€ 46,00 per litre"
Geometry of Curves (2022),"€ 37,50",United States,4.18,Bottle Logic Brewing,12.4%,Strong Ale - Other,500ml,"€ 75,00 per litre"
Gate Nº5,"€ 12,95",Poland,4.18,Maltgarden,10.5%,Stout - Imperial / Double,330ml,"€ 39,24 per litre"
Gueuze 20/21,"€ 7,50",Belgium,4.18,Brasserie Cantillon,5%,Lambic - Gueuze,330ml,"€ 39,24 per litre"
Oude Kriek Turf Assemblage No.75 2019/2020,"€ 11,90",Belgium,4.18,Brouwerij 3 Fonteinen,6%,Lambic - Kriek,330ml,"€ 39,24 per litre"
Rackhouse Ambience,"€ 18,75",Norway,4.18,LERVIG,6%,Wild Ale - Other,Bottle 750ml,"€ 25,00 per litre"
Freestyle No.7,"€ 32,50",United States,4.18,Casey Brewing & Blending,6.5%,Farmhouse Ale - Bière de Coupage,Bottle 750ml,"€ 43,33 per litre"
Feral Vinifera,"€ 16,75",United States,4.18,Firestone Walker Brewing Company,9.8%,Wild Ale - American,Bottle 375ml,"€ 44,67 per litre"
Self Examination BA,"€ 9,75",Italy,4.18,Ritual Lab,12.5%,Barleywine - Other,330ml,"€ 29,55 per litre"
Petite Sipper 2022,"€ 26,50",United States,4.18,Barrique Brewing and Blending,3%,Farmhouse Ale - Saison,330ml,"€ 29,55 per litre"
Sauvage Outland,"€ 19,75",France,4.18,Popihn Sauvages,6.5%,Wild Ale - Other,Bottle 750ml,"€ 26,33 per litre"
Sticky Mud,"€ 7,50",Netherlands,4.18,Moersleutel Craft Brewery,11%,Stout - Imperial / Double Pastry,Can 440ml,"€ 17,05 per litre"
Bean Butcher,"€ 7,25",Netherlands,4.18,Moersleutel Craft Brewery,11%,Stout - Imperial / Double Pastry,Can 440ml,"€ 16,48 per litre"
Gloed,"€ 9,25",Netherlands,4.18,Nevel Wild Ales,6%,Wild Ale - Other,Can 440ml,"€ 16,48 per litre"
Odyssey 011,"€ 10,00",England,4.17,Siren Craft Brew,11.5%,Stout - Imperial / Double,,
Nasty Riff,"€ 7,25",Hungary,4.17,Mad Scientist,14%,Stout - Imperial / Double,,
BCBS Biscotti 2022,"€ 52,50",United States,4.17,Goose Island Beer Co.,14.3%,Stout - Imperial / Double Pastry,500ml,"€ 105,00 per litre"
Black Damnation 26 Froggie,"€ 5,75",Belgium,4.17,De Struise Brouwers,13%,Stout - Russian Imperial,500ml,"€ 105,00 per litre"
Sixty Ships Down BA,"€ 10,95",Ireland,4.17,Galway Bay Brewery,12%,Stout - Imperial / Double,500ml,"€ 105,00 per litre"
Nolala Land,"€ 26,00",Hungary,4.17,Mad Scientist,10.5%,Stout - Imperial / Double,500ml,"€ 52,00 per litre"
The Event Horizon,"€ 21,95",United States,4.17,Olde Hickory Brewery,12.3%,Stout - Imperial / Double,500ml,"€ 52,00 per litre"
Future Kill Ghost:1209,"€ 9,50",United States,4.16,Adroit Theory,10%,IPA - Triple New England / Hazy,500ml,"€ 52,00 per litre"
Mind The Hop,"€ 9,50",United States,4.16,Aslin Beer Company,9.4%,IPA - Imperial / Double New England / Hazy,500ml,"€ 52,00 per litre"
The Middle Of Silence,"€ 8,50",Poland,4.16,Maltgarden/ Piwne Podziemie,10.2%,Stout - Imperial / Double Milk,500ml,"€ 17,00 per litre"
Barrel Aged No. 37,"€ 6,75",Netherlands,4.16,Bronckhorster Brewing Company,12%,Porter - Imperial / Double,330ml,"€ 20,45 per litre"
Coolship Blabaer,"€ 11,25",Norway,4.16,Lindheim Ølkompani,7%,Lambic - Fruit,Bottle 375ml,"€ 30,00 per litre"
Framboos,"€ 31,00",Belgium,4.16,Het Boerenerf Eylenbosch,6.62%,Lambic - Framboise,Bottle 750ml,"€ 41,33 per litre"
Oude Pinot Meunier 2020/2021,"€ 24,00",Belgium,4.15,Gueuzerie Tilquin,7.9%,Lambic - Fruit,Bottle 750ml,"€ 32,00 per litre"
Oude Quetsche 2019/2020,"€ 9,50",Belgium,4.15,Gueuzerie Tilquin,6.4%,Lambic - Fruit,Bottle 750ml,"€ 32,00 per litre"
Oude Quetsche 2019/2020,"€ 18,00",Belgium,4.15,Gueuzerie Tilquin,6.4%,Lambic - Fruit,Bottle 750ml,"€ 32,00 per litre"
Kriek Met Cider,"€ 24,95",Belgium,4.15,Het Boerenerf Eylenbosch,7%,Lambic - Fruit,Bottle 750ml,"€ 32,00 per litre"
Nice To Mead You,"€ 15,50",Netherlands,4.15,Moersleutel Craft Brewery,13%,Mead - Braggot,330ml,"€ 46,97 per litre"
Biere De Pieces #33,"€ 18,50",United States,4.15,Afterthought Brewing Company,5%,Farmhouse Ale - Other,500ml,"€ 37,00 per litre"
Roasters Paradise,"€ 7,25",Hungary,4.15,Mad Scientist,13%,Stout - Imperial / Double Coffee,330ml,"€ 21,97 per litre"
When They Bring The Nasty Riff Back But Slower,"€ 26,25",Hungary,4.15,Mad Scientist,14%,Stout - Imperial / Double,500ml,"€ 52,50 per litre"
Druif Muscaris Assemblage No.16 2020/2021,"€ 37,95",Belgium,4.15,Brouwerij 3 Fonteinen,9.1%,Lambic - Fruit,Bottle 750ml,"€ 50,60 per litre"
Tiramisumo Twins BA,"€ 9,38",Netherlands,4.15,Moersleutel Craft Brewery,12%,Stout - Imperial / Double Pastry,Can 440ml,"€ 21,32 per litre"
Sauvage L'apaisee X La Montagnarde,"€ 19,75",France,4.14,Popihn Sauvages,6.5%,Wild Ale - Other,Bottle 750ml,"€ 26,33 per litre"
Biere De Pieces # 32,"€ 18,50",United States,4.14,Afterthought Brewing Company,5.2%,Farmhouse Ale - Saison,500ml,"€ 37,00 per litre"
Vuurboetmeester 203,"€ 9,25",Netherlands,4.14,Bierbrouwerij De Magistraat,12.5%,Barleywine - English,330ml,"€ 28,03 per litre"
Constructive Destruction Ghost:972,"€ 9,50",United States,4.14,Adroit Theory,10%,IPA - Imperial / Double New England / Hazy,330ml,"€ 28,03 per litre"
Blue Screen Of Death,"€ 8,75",Sweden,4.14,Nerdbrewing,14.6%,Stout - Imperial / Double Milk,330ml,"€ 26,52 per litre"
Jenerik,"€ 7,46",United States,4.14,Aslin Beer Company,13%,IPA - Triple,330ml,"€ 26,52 per litre"
Motor Oil Triple Mega Mash,"€ 6,75",Netherlands,4.14,Moersleutel Craft Brewery,14%,Stout - Imperial / Double,Can 440ml,"€ 15,34 per litre"
Papanero,"€ 8,35",Italy,4.14,Ritual Lab/ Voodoo Brewing Co.,12.5%,Stout - Imperial / Double,330ml,"€ 25,30 per litre"
Plead The 5th,"€ 6,25",United States,4.13,Dark Horse Brewing Co.,11%,Stout - Russian Imperial,330ml,"€ 25,30 per litre"
Ossuary Ghost 1174,"€ 8,50",United States,4.13,Adroit Theory,12%,Stout - Russian Imperial,473ml,"€ 17,97 per litre"
Oude Gueuze 2018/2019,"€ 13,75",Belgium,4.12,Gueuzerie Tilquin,7%,Lambic - Gueuze,473ml,"€ 17,97 per litre"
Saaz 2023,"€ 32,50",Netherlands,4.12,Tommie Sjef,6.8%,Wild Ale - Other,Bottle 750ml,"€ 43,33 per litre"
Watergeus Peach/Plum,"€ 17,75",Netherlands,4.12,Vandenbroek,5.8%,Lambic - Fruit,Bottle 750ml,"€ 43,33 per litre"
Betterhalf,"€ 25,75",United States,4.12,Founders Brewing Co.,12.7%,Old / Stock Ale,Bottle 750ml,"€ 43,33 per litre"
Biere De Coupage,"€ 27,25",United States,4.12,Funk Factory Geuzeria,6%,Farmhouse Ale - Bière de Coupage,Bottle 750ml,"€ 36,33 per litre"
Death King – Ghost: 1293,"€ 10,25",United States,4.12,Adroit Theory,12%,Stout - Russian Imperial,Bottle 750ml,"€ 36,33 per litre"
Kalefater 106,"€ 9,25",Netherlands,4.12,Bierbrouwerij De Magistraat,11.5%,Stout - Imperial / Double,330ml,"€ 28,03 per litre"
Kriek,"€ 16,50",United States,4.12,Cascade Brewing,7.4%,Sour - Fruited,,
Saison Lambic Fruit Des Bois,"€ 19,50",Belgium,4.12,L'Ermitage,7.5%,Lambic - Fruit,Bottle 750ml,"€ 26,00 per litre"
Violet Underground,"€ 16,75",United States,4.12,Firestone Walker Brewing Company/ The Wild Beer Co,5.5%,Wild Ale - Other,Bottle 750ml,"€ 26,00 per litre"
Todo Nuevo Bajo El Sol,"€ 9,00",Argentina,4.12,Strange Brewing,7.2%,Sour - Flanders Red Ale,Bottle 375ml,"€ 24,00 per litre"
Labratchet Espresso Lava Cake,"€ 7,50",Netherlands,4.11,Moersleutel Craft Brewery,15%,Stout - Imperial / Double Pastry,Can 440ml,"€ 17,05 per litre"
Iced Coffee Connaisseur Moi? Frappuccino Editions V3,"€ 6,50",Netherlands,4.11,Dutch Bargain,18%,Freeze-Distilled Beer,330ml,"€ 19,70 per litre"
Saison Meer,"€ 18,50",United States,4.11,Afterthought Brewing Company,5%,Farmhouse Ale - Saison,330ml,"€ 19,70 per litre"
Toffee Bricklayer,"€ 7,50",Netherlands,4.11,Moersleutel Craft Brewery,12%,Stout - Imperial / Double Pastry,Can 440ml,"€ 17,05 per litre"
Firestarter,"€ 7,95",Netherlands,4.11,Moersleutel Craft Brewery,11%,Stout - Imperial / Double Pastry,Can 440ml,"€ 18,07 per litre"
Asura,"€ 7,60",Spain,4.11,Yria Cervezas,13%,Stout - Russian Imperial,Can 440ml,"€ 18,07 per litre"
Sour Opal,"€ 16,75",United States,4.11,Firestone Walker Brewing Company,5.9%,Wild Ale - American,Bottle 375ml,"€ 44,67 per litre"
Oude Sureau 2020/2021,"€ 21,50",Belgium,4.10,Gueuzerie Tilquin,6.5%,Lambic - Fruit,Bottle 375ml,"€ 44,67 per litre"
Point Being,"€ 9,99",United States,4.10,Sante Adairius Rustic Ales,7.1%,IPA - American,473ml,"€ 21,12 per litre"
Baltic Porter Day 2022,"€ 4,25",Estonia,4.10,Põhjala,10.5%,Porter - Imperial / Double Baltic,330ml,"€ 12,88 per litre"
Tiny Barrel Biscuit Behemoth Cognac,"€ 9,25",Hungary,4.10,Mad Scientist,11%,Stout - Imperial / Double Pastry,330ml,"€ 28,03 per litre"
B.A.B.S. 4,"€ 11,00",England,4.10,The Wild Beer Co,11.3%,Stout - Imperial / Double,330ml,"€ 33,33 per litre"
Russian Imperial Stout Cardamome Tonka,"€ 5,75",France,4.10,Popihn,11.5%,Stout - Russian Imperial,330ml,"€ 33,33 per litre"
Coolship 2020,"€ 19,00",England,4.10,The Wild Beer Co,5.9%,Wild Ale - Other,Bottle 750ml,"€ 25,33 per litre"
Back Of A Woodpecker,"€ 28,50",Finland,4.10,Paihalas Brewery,6.4%,Wild Ale - Other,Bottle 750ml,"€ 25,33 per litre"
Back Of A Woodpecker,"€ 16,50",Finland,4.10,Paihalas Brewery,6.4%,Wild Ale - Other,Bottle 750ml,"€ 25,33 per litre"
Mayan Bourbonic 2017,"€ 20,00",United States,4.10,Cascade Brewing,11.3%,Sour - Other,500ml,"€ 40,00 per litre"
The Open Work Apricot 2022,"€ 25,50",United States,4.10,Grimm Artisanal Ales,6%,Lambic - Fruit,500ml,"€ 40,00 per litre"
Dark Apparition,"€ 20,00",United States,4.10,Jackie O's Brewery,10.5%,Stout - Russian Imperial,500ml,"€ 40,00 per litre"
Lucky Tonka,"€ 7,50",Netherlands,4.10,Moersleutel Craft Brewery,11%,Stout - Imperial / Double Pastry,Can 440ml,"€ 17,05 per litre"
Lucky Tonka S'mores Imperial Stout,"€ 7,50",Netherlands,4.10,Moersleutel Craft Brewery,11%,Stout - Imperial / Double Pastry,Can 440ml,"€ 17,05 per litre"
Death & Dreams,"€ 9,95",Canada,4.10,Third Moon Brewing Company,7%,IPA - New England / Hazy,Can 440ml,"€ 17,05 per litre"
Rural Runner,"€ 28,50",Finland,4.09,Paihalas Brewery,6.1%,Wild Ale - Other,Can 440ml,"€ 17,05 per litre"
Rural Runner,"€ 16,50",Finland,4.09,Paihalas Brewery,6.1%,Wild Ale - Other,Can 440ml,"€ 17,05 per litre"
Krieky Bones,"€ 16,75",United States,4.09,Firestone Walker Brewing Company,6.1%,Wild Ale - American,Bottle 375ml,"€ 44,67 per litre"
Barrel Aged No. 36,"€ 6,75",Netherlands,4.09,Bronckhorster Brewing Company,12%,Belgian Tripel,330ml,"€ 20,45 per litre"
Westvleteren 12,"€ 11,50",Belgium,4.09,Brouwerij St.Bernardus,12%,Belgian Quadrupel,330ml,"€ 20,45 per litre"
"Motor Oil Vanilla, Chocolate & Coffee","€ 6,75",Netherlands,4.09,Moersleutel Craft Brewery,12%,Stout - Russian Imperial,Can 440ml,"€ 15,34 per litre"
Se Borro Duraznito,"€ 9,00",Argentina,4.09,Strange Brewing,6%,Farmhouse Ale - Saison,Bottle 375ml,"€ 24,00 per litre"
Dia De Los Muertos Ghost MUERTOS,"€ 8,50",United States,4.09,Adroit Theory,13.7%,Stout - Russian Imperial,Bottle 375ml,"€ 24,00 per litre"
Phantasm Ghost: 1291,"€ 10,25",United States,4.09,Adroit Theory,12%,Stout - Russian Imperial,Bottle 375ml,"€ 24,00 per litre"
Iced Coffee Connaisseur Moi? Frappuccino Editions V2,"€ 6,50",Netherlands,4.09,Dutch Bargain,18%,Freeze-Distilled Beer,330ml,"€ 19,70 per litre"
Cosmic Wonder Bird,"€ 7,75",Netherlands,4.09,Moersleutel Craft Brewery,12%,Stout - Imperial / Double Pastry,Can 440ml,"€ 17,61 per litre"
Coconut Wrecking Ball,"€ 7,50",Netherlands,4.09,Moersleutel Craft Brewery,11%,Stout - Imperial / Double Pastry,Can 440ml,"€ 17,05 per litre"
Double Black Mash 2022,"€ 22,50",Denmark,4.09,Amager Bryghus,12%,Stout - Imperial / Double,Bottle 750ml,"€ 30,00 per litre"
Atomic Age – Ghost: ATOMIC AGE,"€ 9,50",United States,4.09,Adroit Theory,12%,Stout - Imperial / Double Coffee,Bottle 750ml,"€ 30,00 per litre"
Rubus Of Rose Vanille,"€ 15,95",Denmark,4.08,Baghaven Brewing and Blending,6.5%,Wild Ale - Other,Bottle 750ml,"€ 21,27 per litre"
Black Damnation 03 Black Mess,"€ 5,25",Belgium,4.08,De Struise Brouwers,13%,Stout - Russian Imperial,330ml,"€ 15,91 per litre"
Oude Rhubarbe 2021/2022,"€ 16,00",Belgium,4.08,Gueuzerie Tilquin,6.3%,Lambic - Other,330ml,"€ 15,91 per litre"
Neutrino,"€ 8,50",United States,4.08,Aslin Beer Company,6.2%,IPA - New England / Hazy,330ml,"€ 15,91 per litre"
Kers Kaneel,"€ 13,50",Belgium,4.08,Het Boerenerf Eylenbosch,7%,Lambic - Fruit,330ml,"€ 15,91 per litre"
Oude Gueuze 2019/2020,"€ 13,75",Belgium,4.08,Gueuzerie Tilquin,7%,Lambic - Gueuze,330ml,"€ 15,91 per litre"
Oude Gueuze 2019/2020,"€ 9,50",Belgium,4.08,Gueuzerie Tilquin,7%,Lambic - Gueuze,330ml,"€ 15,91 per litre"
Rocky Road,"€ 6,50",Netherlands,4.08,White Dog Brewery,12%,Stout - Imperial / Double Milk,Can 440ml,"€ 14,77 per litre"
Seven Barrels,"€ 6,00",Spain,4.08,Cervesa Espiga,7%,Sour - Fruited,Bottle 375ml,"€ 16,00 per litre"
Resonant Frequency (2023),"€ 37,50",United States,4.08,Bottle Logic Brewing,14.7%,Barleywine - English,500ml,"€ 75,00 per litre"
Iced Coffee Connaisseur Moi? Frappuccino Editions V1,"€ 6,50",Netherlands,4.08,Dutch Bargain,18%,Freeze-Distilled Beer,330ml,"€ 19,70 per litre"
Straffe Hendrik Heritage 2022,"€ 23,25",Belgium,4.08,Brouwerij De Halve Maan,11%,Belgian Quadrupel,330ml,"€ 19,70 per litre"
Rackhouse Le Grand Melange,"€ 21,25",Norway,4.07,LERVIG,8%,Sour - Flanders Oud Bruin,Bottle 750ml,"€ 28,33 per litre"
Vanilla & Tonka,"€ 6,50",Netherlands,4.07,White Dog Brewery,12%,Stout - Imperial / Double Milk,Can 440ml,"€ 14,77 per litre"
Imperial Milk Stout,"€ 12,25",Greece,4.07,Kykao - Handcrafted,10%,Stout - Imperial / Double Milk,Can 440ml,"€ 14,77 per litre"
Abricot,"€ 11,95",Ireland,4.07,Land & Labour,5.8%,Wild Ale - Other,Can 440ml,"€ 14,77 per litre"
It Takes Two,"€ 7,25",Netherlands,4.07,Moersleutel Craft Brewery,12%,Stout - Imperial / Double,Can 440ml,"€ 16,48 per litre"
Mavrodaphnee Barley Wine: BA Burgundy Demptos 2020,"€ 17,50",Greece,4.07,Kykao - Handcrafted,12%,Barleywine - English,330ml,"€ 53,03 per litre"
Megablend 2019,"€ 16,50",Belgium,4.07,Brewery John Martin & Brewery Timmermans/ Brouwerij Boon/ Brouwerij De Troch/ Brouwerij Lindemans/ + 4 breweries,7%,Lambic - Gueuze,Bottle 750ml,"€ 22,00 per litre"
Muda,"€ 4,50",Estonia,4.07,Pühaste Brewery,11%,Stout - Imperial / Double Pastry,330ml,"€ 13,64 per litre"
Saison De Peche,"€ 19,00",England,4.07,Burning Sky Brewery,6.3%,Farmhouse Ale - Saison,Bottle 750ml,"€ 25,33 per litre"
Lucky Tonka Vanilla & Coffee,"€ 7,00",Netherlands,4.07,Moersleutel Craft Brewery,12%,Stout - Imperial / Double Pastry,Can 440ml,"€ 15,91 per litre"
Chiaroscuro,"€ 16,75",Ukraine,4.06,Rebrew,7%,Wild Ale - American,Can 440ml,"€ 15,91 per litre"
Winter Gruit,"€ 14,50",Germany,4.06,Kemker Kultuur (Brauerei J. Kemker),7%,Historical Beer - Gruit / Ancient Herbed Ale,Can 440ml,"€ 15,91 per litre"
Gate Nº4,"€ 12,95",Poland,4.06,Maltgarden,10.5%,Stout - Imperial / Double Pastry,330ml,"€ 39,24 per litre"
Encyclopedia Botanica 2018,"€ 16,50",United States,4.06,Cascade Brewing,8.7%,Sour - Other,500ml,"€ 33,00 per litre"
Midnight Special – Ghost: MIDNIGHT SPECIAL,"€ 9,50",United States,4.06,Adroit Theory,12%,Stout - Russian Imperial,500ml,"€ 33,00 per litre"
Oude Gueuze 2020/2021,"€ 13,75",Belgium,4.06,Gueuzerie Tilquin,7%,Lambic - Gueuze,500ml,"€ 33,00 per litre"
Imperial Brown Stout London 1856,"€ 5,75",England,4.06,The Kernel Brewery,10.1%,Stout - Russian Imperial,330ml,"€ 17,42 per litre"
Mexican Imperial Stout,"€ 12,50",Greece,4.05,Kykao - Handcrafted,12%,Stout - Imperial / Double Milk,330ml,"€ 37,88 per litre"
Dead Phone Calling,"€ 7,00",Poland,4.05,Maltgarden/ Sudden Death Brewing Co.,10%,Stout - Imperial / Double Pastry,500ml,"€ 14,00 per litre"
Muscavado Maple Magician,"€ 4,95",Netherlands,4.05,Moersleutel Craft Brewery,11%,Stout - Imperial / Double Pastry,Can 440ml,"€ 11,25 per litre"
Bretta Blanc,"€ 16,75",United States,4.05,Firestone Walker Brewing Company,7.5%,Grape Ale - Other,Bottle 375ml,"€ 44,67 per litre"
Sorry #7 Ich Bin's,"€ 6,50",Germany,4.05,Heintz Artisanal Ales,6%,Farmhouse Ale - Brett,Bottle 375ml,"€ 44,67 per litre"
Volcano Sauce,"€ 8,50",United States,4.05,Aslin Beer Company/ FUERST WIACEK,6%,Sour - Smoothie / Pastry,Bottle 375ml,"€ 44,67 per litre"
Special Lore,"€ 9,25",Scotland,4.05,Holy Goat Brewing,6.1%,Sour - Fruited,Bottle 375ml,"€ 24,67 per litre"
Conjurer,"€ 9,00",Scotland,4.05,Holy Goat Brewing,7.1%,Sour - Fruited,Bottle 375ml,"€ 24,00 per litre"
Cherry Saison,"€ 19,00",England,4.05,Burning Sky Brewery,6.8%,Farmhouse Ale - Saison,Bottle 750ml,"€ 25,33 per litre"
Biere Vivante Maceration De Muscat 2021,"€ 18,50",France,4.04,La Brasserie des Voirons / LUG,6.5%,Sour - Fruited,Bottle 750ml,"€ 25,33 per litre"
Coastal Gose,"€ 16,50",United States,4.04,Cascade Brewing,7.3%,Sour - Traditional Gose,500ml,"€ 33,00 per litre"
Solbear,"€ 9,25",Norway,4.04,Lindheim Ølkompani,7%,Sour - Other,,
Berliner Weisse – Mango / Passion Fruit,"€ 6,55",United States,4.04,Aslin Beer Company,3.5%,Sour - Fruited Berliner Weisse,,
Ascension,"€ 13,25",Hungary,4.04,MadX,6%,Sour - Other,,
Phat Boi,"€ 7,95",Hungary,4.04,Mad Scientist,11.5%,Stout - Imperial / Double,330ml,"€ 24,09 per litre"
Sour Cherry,"€ 9,25",Norway,4.04,Lindheim Ølkompani,7%,Wild Ale - Other,Bottle 375ml,"€ 24,67 per litre"
Full Circle,"€ 19,00",England,4.04,Burning Sky Brewery/ Thornbridge Brewery,7.3%,Farmhouse Ale - Saison,Bottle 750ml,"€ 25,33 per litre"
Common Ground,"€ 7,50",Netherlands,4.04,Moersleutel Craft Brewery,12%,Stout - Imperial / Double Pastry,Can 440ml,"€ 17,05 per litre"
Bad Ass,"€ 14,50",Poland,4.04,Browar Hopito,12%,Stout - Imperial / Double Pastry,Can 440ml,"€ 17,05 per litre"
Black Damnation 24 Octopussy,"€ 6,50",Belgium,4.03,De Struise Brouwers,13%,Stout - Russian Imperial,Can 440ml,"€ 17,05 per litre"
Agrestic,"€ 16,75",United States,4.03,Firestone Walker Brewing Company,6.6%,Wild Ale - American,Bottle 375ml,"€ 44,67 per litre"
Megablend 2021,"€ 15,50",Belgium,4.03,Brewery John Martin & Brewery Timmermans/ Brouwerij Boon/ Brouwerij De Troch/ Brouwerij Lindemans/ + 6 breweries,7%,Lambic - Gueuze,Bottle 375ml,"€ 44,67 per litre"
Perfect Breakfast,"€ 6,50",Poland,4.03,Magic Road,11%,Stout - Imperial / Double Pastry,Bottle 375ml,"€ 44,67 per litre"
Triple Noire Abricot,"€ 25,25",Switzerland,4.03,À tue-tête,13%,Sour - Fruited,Bottle 375ml,"€ 44,67 per litre"
Moersleutel X Prizm Almond Ganache Bulldozer,"€ 8,00",Netherlands,4.03,Moersleutel Craft Brewery,11%,Stout - Imperial / Double Pastry,Can 440ml,"€ 18,18 per litre"
White Label: Imperial Stout Islay BA,"€ 6,25",Netherlands,4.03,Brouwerij Emelisse,11%,Stout - Russian Imperial,Can 440ml,"€ 18,18 per litre"
Coolship 2021,"€ 20,00",England,4.03,The Wild Beer Co,5.9%,Wild Ale - Other,Can 440ml,"€ 18,18 per litre"
Fantastic Yeasts And Were To Find Them Elderflower,"€ 10,75",Hungary,4.03,MadX,6.4%,Sour - Other,Bottle 375ml,"€ 28,67 per litre"
Geuze,"€ 6,75",Belgium,4.02,Brasserie Cantillon,5%,Lambic - Gueuze,Bottle 375ml,"€ 28,67 per litre"
Geuze,"€ 11,00",Belgium,4.02,Brasserie Cantillon,5%,Lambic - Gueuze,Bottle 375ml,"€ 28,67 per litre"
Nut Oil Rigger,"€ 7,75",Netherlands,4.02,Moersleutel Craft Brewery,11%,Stout - Imperial / Double,Can 440ml,"€ 17,61 per litre"
Fudge Vortex,"€ 7,25",Netherlands,4.02,Moersleutel Craft Brewery,12%,Stout - Imperial / Double Pastry,Can 440ml,"€ 16,48 per litre"
Power,"€ 7,50",Sweden,4.01,Omnipollo,11.5%,Stout - Imperial / Double Pastry,330ml,"€ 22,73 per litre"
Tequila Barrel Sunrise 2021 Vintage,"€ 13,50",United States,4.01,Firestone Walker Brewing Company,11%,Barleywine - American,330ml,"€ 22,73 per litre"
Oude Kriek,"€ 16,00",Belgium,4.01,Het Boerenerf Eylenbosch,7%,Lambic - Kriek,330ml,"€ 22,73 per litre"
Oude Schaarbeekse Kriek,"€ 40,00",Belgium,4.01,Het Boerenerf Eylenbosch,7%,Lambic - Kriek,330ml,"€ 22,73 per litre"
Barrel Aged No. 39,"€ 6,75",Netherlands,4.01,Bronckhorster Brewing Company,12%,Belgian Tripel,330ml,"€ 20,45 per litre"
Straffe Hendrik Heritage 2021,"€ 22,75",Belgium,4.01,Brouwerij De Halve Maan,11%,Belgian Quadrupel,Bottle 750ml,"€ 30,33 per litre"
Apricot And Funk,"€ 13,25",Hungary,4.01,MadX,6%,Farmhouse Ale - Other,Bottle 750ml,"€ 17,67 per litre"
Summer Sapling,"€ 22,75",United States,4.01,Sante Adairius Rustic Ales,5.7%,Belgian Blonde,Bottle 750ml,"€ 30,33 per litre"
B.A. Baracus,"€ 8,25",Netherlands,4.01,Rock City Brewing,17%,Stout - Imperial / Double,330ml,"€ 25,00 per litre"
Maturation: Vin Jaune 2021,"€ 30,00",Denmark,4.01,Insight Cellars,7.7%,Wild Ale - Other,Bottle 750ml,"€ 40,00 per litre"
Triple Noire Griotte,"€ 25,25",Switzerland,4.01,À tue-tête,13%,Sour - Fruited,Bottle 750ml,"€ 40,00 per litre"
Top Knot,"€ 9,25",United States,4.01,Grimm Artisanal Ales,8%,IPA - Imperial / Double,473ml,"€ 19,56 per litre"
Golden Doesjel Assemblage No. 41 2019/2020,"€ 14,75",Belgium,4.01,Brouwerij 3 Fonteinen,6%,Lambic - Traditional,473ml,"€ 19,56 per litre"
Binary Stars Eclipse,"€ 10,00",United States,4.00,Spyglass Brewing Company,7.2%,IPA - New England / Hazy,473ml,"€ 21,14 per litre"
Garden Party 2017,"€ 16,50",United States,4.00,Cascade Brewing,9.8%,Sour - Fruited,500ml,"€ 33,00 per litre"
Momentum,"€ 6,95",Netherlands,4.00,Moersleutel Craft Brewery,8%,IPA - Imperial / Double New England / Hazy,Can 440ml,"€ 15,80 per litre"
Yakool,"€ 5,50",United States,4.00,Marz Community Brewing Co.,7%,Wild Ale - American,Can 440ml,"€ 15,80 per litre"
Emiilia,"€ 22,50",Estonia,4.00,Pühaste Brewery,5%,Wild Ale - Other,Bottle 750ml,"€ 30,00 per litre"
Dark Night,"€ 7,50",Netherlands,4.00,Moersleutel Craft Brewery,11%,Stout - Imperial / Double Coffee,Can 440ml,"€ 17,05 per litre"
Nonsidro 2020,"€ 8,50",Italy,4.00,Cantina Errante,6.3%,Wild Ale - Other,Bottle 375ml,"€ 22,67 per litre"
Golden Sour Ale,"€ 8,50",United States,3.99,Great Divide Brewing Company,6%,Sour - Other,Bottle 375ml,"€ 22,67 per litre"
Lucky Tonka Carrot Cake,"€ 7,50",Netherlands,3.99,Moersleutel Craft Brewery,12%,Stout - Imperial / Double Pastry,Can 440ml,"€ 17,05 per litre"
Triple Drop,"€ 5,25",Estonia,3.99,Pühaste Brewery,11%,IPA - Triple New England / Hazy,330ml,"€ 15,91 per litre"
Rouge,"€ 6,25",England,3.99,Pastore Brewing and Blending,5.5%,Wild Ale - Other,Bottle 375ml,"€ 16,67 per litre"
Barn Owl No. 22,"€ 16,50",Canada,3.99,Bellwoods Brewery,6.1%,Wild Ale - American,500ml,"€ 33,00 per litre"
Smoking Souls,"€ 29,50",United States,3.99,The Bruery,14.6%,Barleywine - American,Bottle 375ml,"€ 78,67 per litre"
Snoodelepip 2022,"€ 12,25",England,3.99,The Wild Beer Co,6.2%,Sour - Fruited,Bottle 375ml,"€ 78,67 per litre"
Miami Pop,"€ 9,50",United States,3.99,Grimm Artisanal Ales,5%,Sour - Fruited,473ml,"€ 20,08 per litre"
Fryed Brain,"€ 8,00",Netherlands,3.99,Moersleutel Craft Brewery,11%,Stout - Imperial / Double,Can 440ml,"€ 18,18 per litre"
Just Coconut,"€ 32,50",United States,3.99,Cycle Brewing Company,11%,Stout - Imperial / Double,Can 440ml,"€ 18,18 per litre"
Terrorizer,"€ 8,25",Scotland,3.98,Holy Goat Brewing,6%,Sour - Fruited,Bottle 375ml,"€ 22,00 per litre"
Markens Grode,"€ 18,50",Norway,3.98,Lindheim Ølkompani,7%,Sour - Fruited,Bottle 375ml,"€ 22,00 per litre"
Alma Del Arrumbador,"€ 29,00",Denmark,3.98,Insight Cellars,7.3%,Wild Ale - Other,Bottle 750ml,"€ 38,67 per litre"
Barrel Aged No. 42,"€ 8,00",Netherlands,3.98,Bronckhorster Brewing Company,13%,Belgian Quadrupel,330ml,"€ 24,24 per litre"
Saison Scura Kentucky 2019,"€ 9,95",Italy,3.98,Cantina Errante,9.6%,Farmhouse Ale - Other,Bottle 375ml,"€ 26,53 per litre"
Water,"€ 6,50",Netherlands,3.97,Moersleutel Craft Brewery,11%,Barleywine - Other,Can 440ml,"€ 14,77 per litre"
Raspberry and Funk,"€ 14,63",Hungary,3.97,MadX,5.7%,Farmhouse Ale - Other,Bottle 750ml,"€ 19,51 per litre"
Funky Blender Grape,"€ 30,00",United States,3.97,Casey Brewing & Blending,7%,Sour - Fruited,Bottle 750ml,"€ 40,00 per litre"
Wild West Kriek-Framboos,"€ 5,50",Belgium,3.97,Brouwerij Alvinne,6%,Sour - Fruited,Bottle 750ml,"€ 40,00 per litre"
Candy Man,"€ 6,75",Hungary,3.97,Mad Scientist,12%,Stout - Russian Imperial,330ml,"€ 20,45 per litre"
Rackhouse Foeders Abricots,"€ 10,95",Norway,3.97,LERVIG,6.5%,Wild Ale - American,330ml,"€ 20,45 per litre"
Maturation: Bocoy,"€ 29,00",Denmark,3.97,Insight Cellars,7.2%,Wild Ale - Other,Bottle 750ml,"€ 38,67 per litre"
Pluri-Elle,"€ 15,75",Belgium,3.96,Lambiek Fabriek,6.2%,Lambic - Fruit,Bottle 750ml,"€ 38,67 per litre"
Avgrund,"€ 13,50",Sweden,3.96,Omnipollo,12%,Stout - Imperial / Double Pastry,Bottle 375ml,"€ 36,00 per litre"
Cervino Red Sangria,"€ 31,50",United States,3.96,Funk Factory Geuzeria,8.5%,Grape Ale - Other,Bottle 375ml,"€ 36,00 per litre"
Oud Bruin 2023,"€ 32,50",Netherlands,3.96,Tommie Sjef,7.2%,Sour - Flanders Oud Bruin,Bottle 750ml,"€ 43,33 per litre"
White Label: Coconut Stout Highland BA,"€ 6,25",Netherlands,3.96,Brouwerij Emelisse,12.2%,Stout - Other,330ml,"€ 18,94 per litre"
Barn Owl No. 23,"€ 16,50",Canada,3.95,Bellwoods Brewery,6.8%,Wild Ale - American,500ml,"€ 33,00 per litre"
Double Espresso Iced Stout,"€ 6,75",Netherlands,3.95,Brouwerij Emelisse,14.2%,Freeze-Distilled Beer,330ml,"€ 20,45 per litre"
Heavy Air,"€ 9,50",United States,3.95,Perennial Artisan Ales,5.7%,IPA - New England / Hazy,330ml,"€ 20,45 per litre"
Randjena,"€ 12,50",Netherlands,3.95,Zomerdijk Brewing and Blending,7%,Wild Ale - Other,Bottle 375ml,"€ 33,33 per litre"
Honeybucket,"€ 8,95",Scotland,3.95,Holy Goat Brewing,7.2%,Sour - Other,Bottle 375ml,"€ 23,87 per litre"
Caramel Madness,"€ 7,25",Netherlands,3.95,Moersleutel Craft Brewery,10%,Barleywine - Other,Can 440ml,"€ 16,48 per litre"
Hard Graf,"€ 18,00",Ireland,3.95,Land & Labour,5.6%,Cider - Graff,Can 440ml,"€ 16,48 per litre"
Mind Meld,"€ 9,25",United States,3.94,Finback Brewery,6.5%,IPA - American,473ml,"€ 19,56 per litre"
Naturaleza Viva #1,"€ 9,00",Argentina,3.94,Strange Brewing,7%,Sour - Other,473ml,"€ 19,56 per litre"
Motor Oil Double Hopped,"€ 6,50",Netherlands,3.94,Moersleutel Craft Brewery,11%,Stout - Imperial / Double,Can 440ml,"€ 14,77 per litre"
Black-Belle,"€ 13,95",Belgium,3.94,Lambiek Fabriek,7%,Lambic - Fruit,Bottle 750ml,"€ 18,60 per litre"
Megablend 2022,"€ 14,50",Belgium,3.94,Brouwerij Boon,7%,Lambic - Gueuze,Bottle 750ml,"€ 18,60 per litre"
Clementine Crusher,"€ 7,25",Scotland,3.94,Holy Goat Brewing,6.2%,Sour - Fruited,Bottle 375ml,"€ 19,33 per litre"
Robert The Great 2019,"€ 4,95",Belgium,3.94,De Struise Brouwers,10.5%,Stout - Russian Imperial,Bottle 375ml,"€ 19,33 per litre"
Robert The Great 2019,"€ 27,50",Belgium,3.94,De Struise Brouwers,10.5%,Stout - Russian Imperial,Bottle 375ml,"€ 19,33 per litre"
Surette,"€ 16,95",Switzerland,3.94,À tue-tête,7%,Sour - Other,Bottle 375ml,"€ 19,33 per litre"
Buckwheat Malt,"€ 6,75",Netherlands,3.93,Moersleutel Craft Brewery,11%,Stout - Imperial / Double,Can 440ml,"€ 15,34 per litre"
Dragons Milk Solera,"€ 6,80",United States,3.93,New Holland Brewing,10%,Strong Ale - American,Can 440ml,"€ 15,34 per litre"
Meerts,"€ 21,95",United States,3.93,Funk Factory Geuzeria,4%,Lambic - Traditional,Bottle 750ml,"€ 29,27 per litre"
Mean Riff,"€ 7,25",Hungary,3.93,Mad Scientist,12.1%,Stout - Imperial / Double,330ml,"€ 21,97 per litre"
OO,"€ 4,25",Estonia,3.93,Põhjala,10.5%,Porter - Imperial / Double Baltic,330ml,"€ 12,88 per litre"
Cassis Rullquin 2020/2021,"€ 18,00",Belgium,3.93,Gueuzerie Tilquin,7.7%,Sour - Fruited,Bottle 750ml,"€ 24,00 per litre"
Thrust,"€ 6,25",Netherlands,3.93,Moersleutel Craft Brewery,8%,IPA - Imperial / Double,Can 440ml,"€ 14,20 per litre"
Cuppa Craft,"€ 7,25",Netherlands,3.93,Moersleutel Craft Brewery,11%,Stout - Imperial / Double,Can 440ml,"€ 16,48 per litre"
Coolship 2022,"€ 11,50",England,3.93,The Wild Beer Co,7.7%,Wild Ale - Other,500ml,"€ 23,00 per litre"
Berta,"€ 7,75",Hungary,3.93,MONYO Brewing Co.,6.8%,Wild Ale - Other,Bottle 375ml,"€ 20,67 per litre"
No Salvation,"€ 19,50",United States,3.93,Anchorage Brewing Company,6.5%,Farmhouse Ale - Brett,Bottle 375ml,"€ 52,00 per litre"
Zusquoid,"€ 5,06",Netherlands,3.93,Moersleutel Craft Brewery,11%,Stout - Imperial / Double Pastry,Can 440ml,"€ 11,50 per litre"
Pot & Column Kriek,"€ 29,00",Denmark,3.93,Insight Cellars,7.6%,Sour - Fruited,Bottle 750ml,"€ 38,67 per litre"
Frucht: Peach,"€ 15,50",United States,3.92,The Bruery Terreux,4.5%,Sour - Fruited Berliner Weisse,Bottle 750ml,"€ 20,67 per litre"
Barrel Aged No. 41,"€ 7,00",Netherlands,3.92,Bronckhorster Brewing Company,13%,Belgian Tripel,330ml,"€ 21,21 per litre"
Salta Bananers,"€ 11,50",Netherlands,3.92,Moersleutel Craft Brewery,12%,Stout - Imperial / Double Pastry,Can 440ml,"€ 26,14 per litre"
Lauren,"€ 12,50",Netherlands,3.92,Zomerdijk Brewing and Blending,7%,Wild Ale - Other,Bottle 375ml,"€ 33,33 per litre"
Black Is Beautiful,"€ 6,75",United States,3.92,Weathered Souls Brewing Co.,8.82%,Stout - Imperial / Double,Bottle 375ml,"€ 33,33 per litre"
Summer Crusher,"€ 8,95",Scotland,3.92,Holy Goat Brewing,6.2%,Sour - Fruited,Bottle 375ml,"€ 23,87 per litre"
Kalefater 105,"€ 9,25",Netherlands,3.91,Bierbrouwerij De Magistraat,11.5%,Stout - Imperial / Double,330ml,"€ 28,03 per litre"
Modulus,"€ 7,00",Netherlands,3.91,Moersleutel Craft Brewery,8%,IPA - Imperial / Double New England / Hazy,Can 440ml,"€ 15,91 per litre"
Prognosticator,"€ 8,50",United States,3.91,Grimm Artisanal Ales,7.5%,Bock - Doppelbock,Can 440ml,"€ 15,91 per litre"
Blanche,"€ 10,00",Belgium,3.91,Brasserie Fantôme/ The Referend Bier Blendery,7%,Farmhouse Ale - Saison,Bottle 750ml,"€ 13,33 per litre"
Champs de Fraises,"€ 16,75",United States,3.91,Firestone Walker Brewing Company,5.3%,Wild Ale - American,Bottle 375ml,"€ 44,67 per litre"
Summer Gruit,"€ 14,50",Germany,3.91,Kemker Kultuur (Brauerei J. Kemker),6%,Historical Beer - Gruit / Ancient Herbed Ale,Bottle 750ml,"€ 19,33 per litre"
Nothing To Lose,"€ 10,88",Hungary,3.91,MadX,5.1%,Sour - Flanders Red Ale,Bottle 375ml,"€ 29,01 per litre"
Present,"€ 15,50",Spain,3.90,Santa Pau Ale Works,5.5%,Sour - Other,Bottle 375ml,"€ 29,01 per litre"
Mezca-Limon 2021 Vintage,"€ 13,50",United States,3.90,Firestone Walker Brewing Company,13.5%,Strong Ale - Other,355ml,"€ 38,03 per litre"
Imperial Iced Dark Ale,"€ 6,75",Netherlands,3.90,Brouwerij Emelisse,15.7%,Freeze-Distilled Beer,330ml,"€ 20,45 per litre"
Willy,"€ 7,75",Hungary,3.90,MONYO Brewing Co.,6.8%,Wild Ale - Other,Bottle 375ml,"€ 20,67 per litre"
Year Of The Tiger,"€ 27,50",Hungary,3.90,Mad Scientist,12.4%,Stout - Imperial / Double Milk,500ml,"€ 55,00 per litre"
El Gourdo,"€ 16,75",United States,3.89,Firestone Walker Brewing Company,5.8%,Pumpkin / Yam Beer,Bottle 375ml,"€ 44,67 per litre"
Bagsaeson,"€ 11,50",Denmark,3.89,Baghaven Brewing and Blending,6.8%,Farmhouse Ale - Other,Bottle 750ml,"€ 15,33 per litre"
Funk Weapon,"€ 8,50",Scotland,3.89,Holy Goat Brewing,5.8%,Sour - Other,Bottle 375ml,"€ 22,67 per litre"
Vegan Vons,"€ 5,21",Netherlands,3.89,Moersleutel Craft Brewery,11%,Stout - Imperial / Double Pastry,Can 440ml,"€ 11,84 per litre"
Imagination Atrophy Ghost 1193,"€ 8,50",United States,3.89,Adroit Theory,7.9%,Stout - Milk / Sweet,473ml,"€ 17,97 per litre"
Pear Therapy,"€ 16,50",United States,3.89,Cascade Brewing,6.4%,Sour - Fruited,,
Goats For Ukraine,"€ 9,50",Scotland,3.89,Holy Goat Brewing,7.4%,Sour - Other,Bottle 375ml,"€ 25,33 per litre"
Elderberry Monolith,"€ 19,00",England,3.88,Burning Sky Brewery,9.7%,Wild Ale - Other,Bottle 750ml,"€ 25,33 per litre"
Motor Oil Christmas,"€ 4,95",Netherlands,3.88,Moersleutel Craft Brewery,12%,Stout - Russian Imperial,Bottle 750ml,"€ 25,33 per litre"
Barrel Aged No. 38,"€ 6,75",Netherlands,3.88,Bronckhorster Brewing Company,10%,Farmhouse Ale - Saison,330ml,"€ 20,45 per litre"
Spiritlord,"€ 6,50",Hungary,3.87,Mad Scientist,12.5%,Stout - Imperial / Double,330ml,"€ 20,45 per litre"
Dispersed Vertices Hersbrucker,"€ 17,95",Denmark,3.87,To Øl,3.9%,Farmhouse Ale - Other,Bottle 750ml,"€ 23,93 per litre"
Dispersed Vertices Taiheke,"€ 17,95",Denmark,3.87,To Øl,3.9%,Farmhouse Ale - Other,Bottle 750ml,"€ 23,93 per litre"
Goses Are Red,"€ 6,95",United States,3.87,The Bruery Terreux,5.6%,Sour - Fruited Gose,Bottle 750ml,"€ 23,93 per litre"
Saison,"€ 10,00",Belgium,3.87,Brasserie Fantôme,8%,Farmhouse Ale - Saison,Bottle 750ml,"€ 13,33 per litre"
Rowie,"€ 12,50",Netherlands,3.87,Zomerdijk Brewing and Blending,7%,Wild Ale - Other,Bottle 375ml,"€ 33,33 per litre"
Straffe Hendrik Xmas Blend 2023,"€ 13,50",Belgium,3.87,Brouwerij De Halve Maan,11%,Winter Ale,Bottle 750ml,"€ 18,00 per litre"
Cuvee Nora,"€ 6,00",Romania,3.87,Oriel Beer,6%,Wild Ale - Other,Bottle 375ml,"€ 16,00 per litre"
Crimson Fang,"€ 8,25",Scotland,3.87,Holy Goat Brewing,7.5%,Sour - Flanders Red Ale,Bottle 375ml,"€ 22,00 per litre"
Slippery Slope,"€ 6,50",Netherlands,3.87,Moersleutel Craft Brewery,12%,Stout - Imperial / Double Oatmeal,Can 440ml,"€ 14,77 per litre"
Roll Your Own Way,"€ 9,95",United States,3.87,Hop Butcher For The World,10.5%,Stout - Imperial / Double Pastry,Can 440ml,"€ 14,77 per litre"
Vatted Porter,"€ 7,00",England,3.86,The Kernel Brewery,7.8%,Porter - Other,Can 440ml,"€ 14,77 per litre"
Brut Olasz,"€ 9,25",Netherlands,3.86,Vandenbroek,8%,Lambic - Fruit,Can 440ml,"€ 14,77 per litre"
Crank The Spring,"€ 4,75",Netherlands,3.85,Moersleutel Craft Brewery,6%,IPA - New England / Hazy,Can 440ml,"€ 14,77 per litre"
Northbound,"€ 7,25",Netherlands,3.85,Moersleutel Craft Brewery,11%,Porter - Imperial / Double Baltic,Can 440ml,"€ 16,48 per litre"
Nectar Fusion,"€ 7,50",Netherlands,3.85,Moersleutel Craft Brewery,11%,Rye Wine,Can 440ml,"€ 17,05 per litre"
Stone And Funk 2021,"€ 19,50",Hungary,3.85,MadX,5.4%,Farmhouse Ale - Other,Bottle 750ml,"€ 26,00 per litre"
CYCT Torsion,"€ 6,50",Netherlands,3.85,Moersleutel Craft Brewery,8%,IPA - New England / Hazy,Can 440ml,"€ 14,77 per litre"
5th Season,"€ 9,50",Germany,3.85,FrauGruber Brewing,9.8%,Stout - Imperial / Double,Can 440ml,"€ 21,59 per litre"
Taste My Yule Log,"€ 4,95",Netherlands,3.84,Moersleutel Craft Brewery,9%,Stout - Imperial / Double Pastry,Can 440ml,"€ 21,59 per litre"
Spirit Animal,"€ 19,50",Hungary,3.84,MadX,5.6%,Farmhouse Ale - Other,Bottle 750ml,"€ 26,00 per litre"
Pater Pek,"€ 8,00",Netherlands,3.84,Rock City Brewing,9%,Stout - Russian Imperial,330ml,"€ 24,24 per litre"
Biere De Saison Apricot,"€ 7,25",England,3.84,The Kernel Brewery,4.9%,Farmhouse Ale - Saison,330ml,"€ 21,97 per litre"
Violent Night,"€ 22,50",Norway,3.84,7 Fjell Bryggeri,11%,Stout - Imperial / Double,Bottle 750ml,"€ 30,00 per litre"
Formula B Jim Beam,"€ 5,75",Netherlands,3.84,Hop Racer,12%,Belgian Quadrupel,Bottle 750ml,"€ 30,00 per litre"
Meesterstuk 2021,"€ 10,50",Netherlands,3.84,Jopen,11%,Stout - Imperial / Double Pastry,Bottle 750ml,"€ 30,00 per litre"
Export India Porter,"€ 6,75",Scotland,3.84,Holy Goat Brewing,7.1%,Porter - Other,Can 440ml,"€ 15,34 per litre"
Tiny Barrel Spiritlord Rum,"€ 9,00",Hungary,3.84,Mad Scientist,12.5%,Stout - Imperial / Double,330ml,"€ 27,27 per litre"
Red Fruit Sour Ale 2021,"€ 6,75",Portugal,3.84,LETRA Brewery,6.3%,Sour - Other,Bottle 375ml,"€ 18,00 per litre"
Barrel Aged No. 40,"€ 6,75",Netherlands,3.84,Bronckhorster Brewing Company,11.5%,Farmhouse Ale - Saison,330ml,"€ 20,45 per litre"
Suska Sechlońska,"€ 6,95",Netherlands,3.83,Moersleutel Craft Brewery,12%,Stout - Imperial / Double,Can 440ml,"€ 15,80 per litre"
CYCT Rotation,"€ 6,00",Netherlands,3.83,Moersleutel Craft Brewery,6.5%,IPA - New England / Hazy,Can 440ml,"€ 13,64 per litre"
Raisin Awareness For Dried Grapes,"€ 6,95",Netherlands,3.83,Moersleutel Craft Brewery,12%,Rye Wine,Can 440ml,"€ 15,80 per litre"
In The Nick Of Time,"€ 6,75",Netherlands,3.83,Moersleutel Craft Brewery,8%,Porter - Imperial / Double,Can 440ml,"€ 15,34 per litre"
"Willy Tonka: Tonka, Red Beet & Chocolate","€ 6,75",Netherlands,3.83,Moersleutel Craft Brewery,12%,Stout - Imperial / Double Pastry,Can 440ml,"€ 15,34 per litre"
Feast Of Solitude,"€ 11,50",Denmark,3.83,Baghaven Brewing and Blending,6%,Wild Ale - Other,Bottle 750ml,"€ 15,33 per litre"
Maybe Together We Can Get Somewere,"€ 9,56",Hungary,3.82,MadX,5.1%,Sour - Flanders Red Ale,Bottle 375ml,"€ 25,49 per litre"
Hyperviolet,"€ 9,50",Scotland,3.82,Holy Goat Brewing,6.5%,Sour - Fruited,Bottle 375ml,"€ 25,33 per litre"
Kinectics,"€ 6,00",Netherlands,3.82,Moersleutel Craft Brewery,6%,IPA - New England / Hazy,Can 440ml,"€ 13,64 per litre"
Daily Grind #4,"€ 6,75",Netherlands,3.81,Moersleutel Craft Brewery,8%,Stout - Coffee,Can 440ml,"€ 15,34 per litre"
Funk,"€ 15,00",Hungary,3.81,MadX,5.6%,Farmhouse Ale - Other,Bottle 750ml,"€ 20,00 per litre"
Mulfunktion,"€ 21,00",Hungary,3.80,MadX,5.5%,Farmhouse Ale - Other,Bottle 750ml,"€ 28,00 per litre"
Rullquin 2018/2019,"€ 18,00",Belgium,3.80,Brasserie Artisanale de Rulles/ Gueuzerie Tilquin,7%,Sour - Other,Bottle 750ml,"€ 24,00 per litre"
Betterave,"€ 21,00",Switzerland,3.80,À tue-tête,6%,Sour - Fruited,Bottle 750ml,"€ 28,00 per litre"
Bored Panda,"€ 5,50",Sweden,3.80,Brewski,11.2%,Barleywine - English,330ml,"€ 16,67 per litre"
Liquid X,"€ 19,00",Hungary,3.80,MadX,8.3%,IPA - Sour,Bottle 750ml,"€ 25,33 per litre"
The Birthday Afterlife,"€ 9,50",Estonia,3.79,Sori Brewing,10.4%,Porter - Imperial / Double Baltic,330ml,"€ 28,79 per litre"
Anne,"€ 12,50",Netherlands,3.79,Zomerdijk Brewing and Blending,7%,Wild Ale - Other,Bottle 375ml,"€ 33,33 per litre"
Brother Adam – Porter x Rode Wijn,"€ 20,25",Netherlands,3.79,The Sisters Brewery,10.5%,Grape Ale - Other,Bottle 375ml,"€ 33,33 per litre"
Lady In Black,"€ 6,50",Poland,3.78,Magic Road,10.5%,Stout - Imperial / Double Pastry,Bottle 375ml,"€ 33,33 per litre"
Watergeus Honing Tijm,"€ 8,75",Netherlands,3.78,Vandenbroek,6.2%,Lambic - Gueuze,Bottle 375ml,"€ 33,33 per litre"
Orange Blossom Sour Ale 2021,"€ 6,75",Portugal,3.78,LETRA Brewery,5.7%,Sour - Other,Bottle 375ml,"€ 18,00 per litre"
Funk Soul Brother 2023,"€ 22,75",Hungary,3.78,MadX,9.5%,IPA - Brett,Bottle 750ml,"€ 30,33 per litre"
Double Black Mash Blackcurrant Mead BA 2022,"€ 26,95",Denmark,3.77,Amager Bryghus,12%,Stout - Imperial / Double,Bottle 750ml,"€ 35,93 per litre"
Rubus Of Rose,"€ 15,95",Denmark,3.77,Baghaven Brewing and Blending,6.5%,Wild Ale - Other,Bottle 750ml,"€ 21,27 per litre"
Cherry & Beetroot Sour Ale,"€ 4,75",Ukraine,3.77,Pravda Brewery,5.9%,Sour - Fruited,,
Julestemming,"€ 21,00",Norway,3.76,7 Fjell Bryggeri,8%,Stout - Coffee,,
Amer iGhost,"€ 10,00",Belgium,3.76,Brasserie Fantôme,7.5%,Farmhouse Ale - Saison,Bottle 750ml,"€ 13,33 per litre"
Formula B Laphroaig,"€ 19,25",Netherlands,3.75,Hop Racer,12%,Belgian Quadrupel,Bottle 750ml,"€ 25,67 per litre"
Gods Of Joy,"€ 23,00",Hungary,3.75,Mad Scientist,11.5%,Belgian Quadrupel,500ml,"€ 46,00 per litre"
Fruitbooter,"€ 5,25",England,3.74,The Wild Beer Co,5.1%,Sour - Fruited,330ml,"€ 15,91 per litre"
Belgian Dark Brett 2020,"€ 7,60",Italy,3.74,Cask Irpinia Barrel,7%,Belgian Strong Dark Ale,330ml,"€ 15,91 per litre"
Funky Blender Cherry,"€ 30,00",United States,3.74,Casey Brewing & Blending,6%,Sour - Fruited,Bottle 750ml,"€ 40,00 per litre"
Perzik And Funk,"€ 13,25",Hungary,3.73,MadX,4.2%,Farmhouse Ale - Other,Bottle 750ml,"€ 17,67 per litre"
Dispersed Vertices Artifact,"€ 17,95",Denmark,3.72,To Øl,6.7%,Sour - Flanders Red Ale,Bottle 750ml,"€ 23,93 per litre"
Damn House,"€ 6,25",Hungary,3.72,Mad Scientist,6%,IPA - Fruited,Can 440ml,"€ 14,20 per litre"
Patt,"€ 3,50",Estonia,3.72,Pühaste Brewery,6.6%,Porter - American,330ml,"€ 10,61 per litre"
Bold Barley Wine Iced BA,"€ 6,75",Netherlands,3.72,Brouwerij Emelisse,18.3%,Freeze-Distilled Beer,330ml,"€ 20,45 per litre"
Inertia,"€ 6,00",Netherlands,3.72,Moersleutel Craft Brewery,6%,IPA - New England / Hazy,Can 440ml,"€ 13,64 per litre"
Repo Man,"€ 7,75",Hungary,3.72,Mad Scientist,11%,Stout - Imperial / Double,330ml,"€ 23,48 per litre"
Rocconut And Funk,"€ 14,63",Hungary,3.71,MadX,5.7%,Farmhouse Ale - Other,Bottle 750ml,"€ 19,51 per litre"
Winter 2021,"€ 5,25",Romania,3.71,Oriel Beer,9.5%,Belgian Strong Dark Ale,Bottle 750ml,"€ 19,51 per litre"
Lazy Liquorice,"€ 6,00",Netherlands,3.70,Brouwerij Emelisse,17%,Freeze-Distilled Beer,330ml,"€ 18,18 per litre"
Kalle Met d'n Oak,"€ 15,25",Netherlands,3.70,De Kromme Haring,9.5%,Sour - Flanders Red Ale,Bottle 750ml,"€ 20,33 per litre"
Dark Side Of The Island,"€ 7,75",Netherlands,3.70,Moersleutel Craft Brewery,10%,Stout - Imperial / Double,Can 440ml,"€ 17,61 per litre"
White Label: Barleywine Islay BA,"€ 6,25",Netherlands,3.69,Brouwerij Emelisse,11.6%,Barleywine - English,330ml,"€ 18,94 per litre"
Embrasse,"€ 2,21",Belgium,3.69,Brouwerij De Dochter van de Korenaar,9%,Belgian Strong Dark Ale,330ml,"€ 6,70 per litre"
Potlatch,"€ 12,95",Sweden,3.68,Omnipollo/ Prairie Artisan Ales,7%,Farmhouse Ale - Brett,330ml,"€ 6,70 per litre"
Strawberry Line,"€ 5,25",England,3.67,The Wild Beer Co,6.5%,Sour - Fruited,330ml,"€ 15,91 per litre"
Aenne,"€ 11,50",Germany,3.67,Kemker Kultuur (Brauerei J. Kemker),6%,Farmhouse Ale - Saison,330ml,"€ 15,91 per litre"
Disko,"€ 4,50",Serbia,3.66,Kabinet Brewery,5.6%,IPA - New England / Hazy,330ml,"€ 13,64 per litre"
Cyber Jazz,"€ 3,50",Netherlands,3.66,POPHOP,10%,Belgian Quadrupel,330ml,"€ 10,61 per litre"
Winter In Bangalore,"€ 7,25",Denmark,3.66,Amager Bryghus,6%,IPA - American,330ml,"€ 10,61 per litre"
Tropical Space Muffin 2024,"€ 6,50",Hungary,3.65,Mad Scientist,9.7%,Mead - Braggot,330ml,"€ 10,61 per litre"
Mongy Session IPA,"€ 2,25",France,3.65,Brasserie Cambier,4%,IPA - Session,330ml,"€ 10,61 per litre"
Belle-Fleur,"€ 1,88",Belgium,3.63,Brouwerij De Dochter van de Korenaar,6%,IPA - Belgian,330ml,"€ 5,70 per litre"
Roos = Ready To Rock,"€ 3,95",Netherlands,3.63,Brouwerij Poesiat & Kater/ Morebeer Brewing,8.5%,Stout - Imperial / Double Oatmeal,330ml,"€ 11,97 per litre"
Marilyn Manderson,"€ 7,25",Hungary,3.62,Mad Scientist,9.8%,Wheat Beer - Wheat Wine,330ml,"€ 21,97 per litre"
Hazy Weekend,"€ 3,95",Netherlands,3.62,vandeStreek bier,6.6%,IPA - New England / Hazy,330ml,"€ 21,97 per litre"
Wake Me Up Before You Coco,"€ 17,50",Hungary,3.62,Mad Scientist,9.5%,Sour - Smoothie / Pastry,Bottle 375ml,"€ 46,67 per litre"
Mongy IPA,"€ 2,45",France,3.61,Brasserie Cambier,6.8%,IPA - American,Bottle 375ml,"€ 46,67 per litre"
Smulbock,"€ 4,00",Netherlands,3.61,Rock City Brewing,9%,Bock - Doppelbock,330ml,"€ 12,12 per litre"
Ziegen Hainer,"€ 11,50",Germany,3.61,Kemker Kultuur (Brauerei J. Kemker),5%,Historical Beer - Lichtenhainer,Bottle 750ml,"€ 15,33 per litre"
Jean Ginie Gin BA,"€ 6,50",Estonia,3.61,Anderson's Craft Beer,9.9%,Sour - Fruited Gose,330ml,"€ 19,70 per litre"
Mongy Triple,"€ 2,25",France,3.60,Brasserie Cambier,8%,Belgian Tripel,330ml,"€ 19,70 per litre"
Terroir: Szekszard,"€ 6,95",Hungary,3.60,MONYO Brewing Co.,6.8%,Grape Ale - Other,,
Windmill Wit,"€ 4,95",Netherlands,3.60,Moersleutel Craft Brewery,5.5%,Wheat Beer - Witbier / Blanche,Can 440ml,"€ 11,25 per litre"
Cantaloupe Express,"€ 19,95",Belgium,3.59,Brouwerij Alvinne/ MadX,6.9%,Farmhouse Ale - Other,Bottle 750ml,"€ 26,60 per litre"
Vertignasse,"€ 10,00",Belgium,3.59,Brasserie Fantôme,4.5%,Farmhouse Ale - Saison,Bottle 750ml,"€ 13,33 per litre"
Imagine Demons,"€ 5,50",Netherlands,3.59,Happy Demons Craft Beer,8.5%,Stout - Russian Imperial,Can 440ml,"€ 12,50 per litre"
Bloodymary And Funk,"€ 15,00",Hungary,3.58,MadX,4.5%,Farmhouse Ale - Other,Bottle 750ml,"€ 20,00 per litre"
Somerset Wild,"€ 4,25",England,3.57,The Wild Beer Co,5%,Wild Ale - Other,330ml,"€ 12,88 per litre"
You Can Dance,"€ 5,00",Netherlands,3.57,Hop Racer,6.3%,IPA - Cold,330ml,"€ 15,15 per litre"
Papa Beer,"€ 3,95",Netherlands,3.57,Brouwerij Eleven,5.5%,IPA - New England / Hazy,330ml,"€ 15,15 per litre"
Brett Barrel Aged Barrel Aged Selection Vat 4,"€ 4,50",Netherlands,3.56,Brouwerij De Leckere,10%,Brett Beer,330ml,"€ 15,15 per litre"
Finesse,"€ 2,06",Belgium,3.56,Brouwerij De Dochter van de Korenaar,8.5%,Belgian Tripel,330ml,"€ 6,24 per litre"
Beardfish,"€ 3,25",Netherlands,3.56,De Kromme Haring,5.5%,Stout - Irish Dry,330ml,"€ 9,85 per litre"
Sundance,"€ 3,50",Netherlands,3.54,Backyard Brewing Co,5.2%,Pale Ale - American,330ml,"€ 9,85 per litre"
Les Perles Du Homard Saison,"€ 3,00",Netherlands,3.54,De Kromme Haring,8%,Farmhouse Ale - Saison,330ml,"€ 9,09 per litre"
Mister Sunshine,"€ 19,50",Hungary,3.54,MadX,5.6%,Wild Ale - American,Bottle 750ml,"€ 26,00 per litre"
Winter Welcome,"€ 7,50",England,3.53,Samuel Smith,6%,Winter Ale,Bottle 750ml,"€ 26,00 per litre"
Makers Monk,"€ 2,99",Netherlands,3.52,Rock City Brewing,8%,Brown Ale - Imperial / Double,330ml,"€ 9,06 per litre"
Funkalicious,"€ 3,50",Netherlands,3.52,Backyard Brewing Co,3.5%,Sour - Fruited,330ml,"€ 9,06 per litre"
Killer Queen,"€ 3,50",Netherlands,3.51,POPHOP,8%,Belgian Tripel,330ml,"€ 10,61 per litre"
Hang The Bishop,"€ 7,00",Netherlands,3.50,Oproer,7.3%,Wild Ale - Other,Bottle 375ml,"€ 18,67 per litre"
Lions Blood,"€ 3,50",Netherlands,3.50,Backyard Brewing Co,3.1%,Sour - Fruited Gose,,
Koene Ridder,"€ 2,75",Netherlands,3.49,Rock City Brewing,8%,Belgian Tripel,330ml,"€ 8,33 per litre"
Carrot Charmer,"€ 15,00",Hungary,3.48,MadX,5%,Farmhouse Ale - Other,Bottle 750ml,"€ 20,00 per litre"
Very Mango,"€ 5,75",Hungary,3.48,Mad Scientist,5%,Sour - Fruited Berliner Weisse,Can 440ml,"€ 13,07 per litre"
Mongy Saison Bio,"€ 2,25",France,3.47,Brasserie Cambier,5.2%,Farmhouse Ale - Saison,Can 440ml,"€ 13,07 per litre"
Mongy Blonde,"€ 2,10",France,3.47,Brasserie Cambier,6.2%,Belgian Blonde,Can 440ml,"€ 13,07 per litre"
Thing Fish,"€ 11,00",Netherlands,3.45,De Kromme Haring,4.2%,Farmhouse Ale - Saison,Bottle 750ml,"€ 14,67 per litre"
Pere Noel,"€ 6,75",Belgium,3.45,Brouwerij De Ranke,7%,Winter Ale,Bottle 750ml,"€ 14,67 per litre"
Maurice,"€ 13,00",Belgium,3.45,Brouwerij De Dochter van de Korenaar,7%,Lambic - Traditional,Bottle 750ml,"€ 17,33 per litre"
Mongy Ambrée,"€ 2,25",France,3.45,Brasserie Cambier,6.5%,Farmhouse Ale - Bière de Garde,Bottle 750ml,"€ 17,33 per litre"
Secret Santa,"€ 7,25",Denmark,3.45,Amager Bryghus,10.5%,Belgian Quadrupel,Bottle 750ml,"€ 17,33 per litre"
Wullok,"€ 2,63",Netherlands,3.44,De Kromme Haring,5.2%,Belgian Blonde,330ml,"€ 7,97 per litre"
White Label: Imperial Baltic Porter Islay BA,"€ 6,25",Netherlands,3.44,Brouwerij Emelisse,15.2%,Porter - Baltic,330ml,"€ 18,94 per litre"
Boogie Blond,"€ 3,00",Netherlands,3.40,POPHOP,6%,Blonde / Golden Ale - Other,330ml,"€ 9,09 per litre"
Bourbon Barrel Aged Cider,"€ 4,75",Netherlands,3.39,Elegast Cidery,6.5%,Cider - Dry,500ml,"€ 9,50 per litre"
White Wedding,"€ 3,50",Netherlands,3.38,POPHOP,5%,Wheat Beer - Witbier / Blanche,500ml,"€ 9,50 per litre"
Julebryg 2022,"€ 7,25",Denmark,3.35,Amager Bryghus,6.5%,Rye Beer,Can 440ml,"€ 16,48 per litre"
Raspberry Ale,"€ 3,50",United States,3.34,Dark Horse Brewing Co.,5%,Fruit Beer,Can 440ml,"€ 16,48 per litre"
Op d'n Oewe,"€ 5,75",Netherlands,3.31,Brouwerij De Man/ KraftBier,11%,Bière de Champagne / Bière Brut,Can 440ml,"€ 16,48 per litre"
Purper,"€ 8,50",Netherlands,3.28,Nevel Wild Ales,4%,Porter - English,Can 440ml,"€ 16,48 per litre"
Little Rain,"€ 5,00",Netherlands,3.25,Hop Racer,6.2%,Sour - Fruited,330ml,"€ 15,15 per litre"
Imperial Julmust,"€ 3,50",Sweden,3.20,Omnipollo,5.9%,Sour - Smoothie / Pastry,330ml,"€ 10,61 per litre"
Glitter IPA,"€ 11,25",Netherlands,2.96,Dutch Bargain,6%,IPA - American,Bottle 750ml,"€ 15,00 per litre"
Sorbet Limoncello Ale,"€ 11,95",Denmark,2.73,To Øl,20%,Freeze-Distilled Beer,Bottle 375ml,"€ 31,87 per litre"
Good Bread,"€ 5,50",Brazil,2.60,Cervejaria Prada,6%,Pilsner - Other,Bottle 375ml,"€ 31,87 per litre"
Paint It Black,"€ 4,00",Brazil,2.60,Pophop,6%,Pilsner - Other,Bottle 375ml,"€ 31,87 per litre"
Vending Machine 4 Pack,"€ 34,50",United States,?,Dewey Beer Company,7%,Fruit Beer,Bottle 750ml,"€ 93,33 per litre"
Supreme Guard,"€ 7,99",Spain,4.07,Basqueland Brewing,10%,IPA - Triple,Can 440ml,"€ 18,16 per litre"
Blood Goat,"€ 7,99",Scotland,4.03,Holy Goat Brewing,6.6%,Sour - Flanders Red Ale,Bottle 375ml,"€ 21,31 per litre"
Mangonaut,"€ 8,29",Scotland,3.95,Holy Goat Brewing,5.5%,Sour - Fruited,Bottle 375ml,"€ 22,11 per litre"
Area 52,"€ 6,49",Spain,3.88,Basqueland Brewing,6.5%,IPA - New England / Hazy,Can 440ml,"€ 14,75 per litre"
Damnation IPA V3,"€ 6,49",Scotland,3.84,Holy Goat Brewing,6.2%,IPA - New England / Hazy,Can 440ml,"€ 14,75 per litre"
Marea Viva,"€ 6,49",Spain,3.84,Basqueland Brewing,6.2%,IPA - American,Can 440ml,"€ 14,75 per litre"
Peruvian Chocolate Stout,"€ 6,49",Scotland,3.67,Holy Goat Brewing,5.8%,Stout - Foreign / Export,Can 440ml,"€ 14,75 per litre"
Equinox,"€ 5,79",Spain,3.45,Basqueland Brewing,4.8%,Wheat Beer - American Pale Wheat,Can 440ml,"€ 13,16 per litre"
Punkbock,"€ 3,79",Netherlands,3.31,Oproer,6%,Bock - Single / Traditional,330ml,"€ 11,48 per litre"
Fassbrause Original,"€ 2,59",Germany,3.23,Vielanker Brauhaus,6%,Non-Alcoholic - Other,500ml,"€ 5,18 per litre"
Fassbrause Waldmeister,"€ 2,59",Germany,3.08,Vielanker Brauhaus,6%,Other,500ml,"€ 5,18 per litre"
Fassbrause Sanddorn,"€ 2,59",Germany,2.88,Vielanker Brauhaus,,Other,500ml,"€ 5,18 per litre"
Fassbrause Blaubeere,"€ 2,59",Germany,2.78,Vielanker Brauhaus,,Non-Alcoholic - Shandy / Radler,500ml,"€ 5,18 per litre"
Fassbrause Himbeere,"€ 2,59",Germany,2.78,Vielanker Brauhaus,,Non-Alcoholic - Shandy / Radler,500ml,"€ 5,18 per litre"
Schwarzbier,"€ 2,69",Germany,2.52,Vielanker Brauhaus,,Non-Alcoholic - Other,500ml,"€ 5,38 per litre"
Fassbrause Holunder,"€ 2,59",Germany,?,Vielanker Brauhaus,,Non-Alcoholic - Other,500ml,"€ 5,18 per litre"
Pruim Mirabelle 22 / 23 assemblage 25,"€ 28,50",Belgium,4.40,Brouwerij 3 Fonteinen,7.4%,Lambic - Fruit,Bottle 750ml,"€ 38,00 per litre"
Oude Kriek 22 / 23 assemblage 40,"€ 23,00",Belgium,4.31,Brouwerij 3 Fonteinen,6.7%,Lambic - Kriek,Bottle 750ml,"€ 30,67 per litre"
Platinum Blend 21 / 22 assemblage 59,"€ 42,50",Belgium,4.30,Brouwerij 3 Fonteinen,5.7%,Lambic - Gueuze,Bottle 750ml,"€ 56,67 per litre"
Druif Riesling 22 / 23 assemblage 47,"€ 29,50",Belgium,4.16,Brouwerij 3 Fonteinen,7.7%,Lambic - Fruit,Bottle 750ml,"€ 39,33 per litre"
Druif Aglianico 22 / 23 assemblage 50,"€ 29,50",Belgium,4.15,Brouwerij 3 Fonteinen,7.9%,Lambic - Fruit,Bottle 750ml,"€ 39,33 per litre"
Cuvée Armand & Gaston 21 / 22 Assemblage 81,"€ 21,50",Belgium,4.14,Brouwerij 3 Fonteinen,6.7%,Lambic - Gueuze,Bottle 750ml,"€ 28,67 per litre"
Oude Geuze 22 / 23 assemblage 49,"€ 8,60",Belgium,4.08,Brouwerij 3 Fonteinen,7.2%,Lambic - Gueuze,Bottle 370ml,"€ 23,24 per litre"
Oude Geuze 22 / 23 Assemblage 13,"€ 17,00",Belgium,4.07,Brouwerij 3 Fonteinen,6%,Lambic - Gueuze,Bottle 750ml,"€ 22,67 per litre"
Cuvée Armand & Gaston 22 / 23 Assemblage 5,"€ 11,00",Belgium,3.96,Brouwerij 3 Fonteinen,7.2%,Lambic - Gueuze,Bottle 370ml,"€ 29,73 per litre"
Future Funk,"€ 7,99",Romania,4.00,Hop Hooligans,10%,IPA - Triple New England / Hazy,500ml,"€ 15,98 per litre"
Gothic Noir,"€ 6,60",Romania,3.88,Hop Hooligans,8%,IPA - Black / Cascadian Dark Ale,500ml,"€ 13,20 per litre"
Fetingen,"€ 3,45",Sweden,3.81,Brewski,8%,IPA - Imperial / Double New England / Hazy,330ml,"€ 10,45 per litre"
Room 101,"€ 5,10",Sweden,3.62,Brewski,6.7%,IPA - American,330ml,"€ 15,45 per litre"
Fulcrum,"€ 8,29",United States,4.19,Equilibrium Brewery,8%,IPA - Imperial / Double,473ml,"€ 17,53 per litre"
Photon,"€ 6,69",United States,3.99,Equilibrium Brewery,4.8%,Pale Ale - American,473ml,"€ 17,53 per litre"
Stratavarious,"€ 13,99",United States,3.90,Equilibrium Brewery,6%,Farmhouse Ale - Saison,,
Alfajores / Aslin,"€ 21,99",United States,4.29,Equilibrium Brewery,11%,Stout - Imperial / Double Pastry,500ml,"€ 43,98 per litre"
Duende,"€ 6,99",United States,4.23,Creature Comforts Brewing Company,8%,IPA - Imperial / Double New England / Hazy,500ml,"€ 43,98 per litre"
Swirls And Spirals,"€ 21,99",United States,4.22,Equilibrium Brewery,11%,Stout - Pastry,500ml,"€ 43,98 per litre"
Maillard Reaction / Southern Grist,"€ 21,99",United States,4.21,Equilibrium Brewery,11%,Stout - Imperial / Double Pastry,500ml,"€ 43,98 per litre"
Citra Paradox,"€ 8,29",United States,4.15,Equilibrium Brewery,8.1%,IPA - Imperial / Double,500ml,"€ 43,98 per litre"
Infinite Mass,"€ 8,29",United States,4.12,Equilibrium Brewery,8%,IPA - Imperial / Double,500ml,"€ 43,98 per litre"
18 Decillion / Omnipollo,"€ 8,49",United States,4.11,Equilibrium Brewery,8.5%,IPA - Imperial / Double,Can 440ml,"€ 19,30 per litre"
Through the Haze,"€ 9,99",United States,4.10,Juicy Brewing Co,8%,IPA - Imperial / Double New England / Hazy,Can 440ml,"€ 19,30 per litre"
Synchronous,"€ 8,49",United States,4.10,Equilibrium Brewery,8.5%,IPA - Imperial / Double,Can 440ml,"€ 19,30 per litre"
Tropicália,"€ 8,49",United States,4.03,Creature Comforts Brewing Company,6.6%,IPA - American,Can 440ml,"€ 19,30 per litre"
Austin Plum,"€ 13,99",United States,4.00,Equilibrium Brewery,6%,Farmhouse Ale - Saison,Can 440ml,"€ 19,30 per litre"
TABA Nelson,"€ 13,99",United States,3.98,Equilibrium Brewery,6%,Farmhouse Ale - Saison,Can 440ml,"€ 19,30 per litre"
Technically Art / Eighth State,"€ 8,49",United States,3.97,Creature Comforts Brewing Company,6.8%,IPA - New England / Hazy,Can 440ml,"€ 19,30 per litre"
Automatic IPA,"€ 6,49",United States,3.92,Creature Comforts Brewing Company,5.5%,Pale Ale - American,Can 440ml,"€ 19,30 per litre"
Connected By Chance,"€ 9,49",United States,3.91,Creature Comforts Brewing Company,8%,IPA - Imperial / Double New England / Hazy,Can 440ml,"€ 19,30 per litre"
Temporal Loops,"€ 8,29",United States,3.85,Equilibrium Brewery,7%,IPA - Sour,Can 440ml,"€ 19,30 per litre"
Miles From Home / Good Word & Public House,"€ 7,99",United States,3.79,Creature Comforts Brewing Company,5.1%,IPA - English,Can 440ml,"€ 19,30 per litre"
Bibo,"€ 5,99",United States,3.58,Creature Comforts Brewing Company,4.9%,Pilsner - Other,Can 440ml,"€ 19,30 per litre"
London Black,"€ 6,00",England,3.77,Anspach & Hobday,4.4%,Porter - English,Can 440ml,"€ 13,64 per litre"
The Smoked Brown,"€ 6,60",England,3.73,Anspach & Hobday,5.5%,Smoked Beer,Can 440ml,"€ 15,00 per litre"
Sea Salt & Lime Gose,"€ 6,20",England,3.62,Anspach & Hobday,3.5%,Sour - Fruited Gose,Can 440ml,"€ 14,09 per litre"
Nebula Burst,"€ 7,20",Germany,4.15,Sudden Death Brewing Co.,7.1%,IPA - New England / Hazy,Can 440ml,"€ 16,36 per litre"
La Great Northern Cerveza,"€ 3,60",England,3.54,Northern Monk,4%,Lager - Other,Can 440ml,"€ 8,18 per litre"
Congruity: Moscatel 2022,"€ 35,95",Denmark,4.20,Insight Cellars,8.3%,Wild Ale - Other,Bottle 750ml,"€ 47,93 per litre"
Extra Blond,"€ 3,40",Netherlands,3.54,Duits & Lauret,8.5%,Belgian Strong Golden Ale,330ml,"€ 10,30 per litre"
Consonance 1019 - Wylam Collab,"€ 106,60",Denmark,3.76,To Øl,4%,Sour - Fruited Gose,24-pack,"Total price: € 106,60"
Held Hell,"€ 1,90",Germany,3.35,Held Bräu,4.9%,Lager - Helles,500ml,"€ 3,80 per litre"
Consonance 1019 - Wylam Collab,"€ 7,00",Denmark,3.71,To Øl,5.5%,Pale Ale - New England / Hazy,Can 440ml,"€ 15,91 per litre"
Sovs,"€ 3,90",Denmark,3.57,To Øl,6%,IPA - American,Can 440ml,"€ 8,86 per litre"
Bockenreyder 2024,"€ 3,99",Netherlands,3.42,Big Belly Brewing Company,7%,Bock - Weizenbock,330ml,"€ 12,09 per litre"
Helles Oak Aged,"€ 4,25",Germany,3.73,Blech.Brut 8 Bit,5%,Lager - Helles,Can 440ml,"€ 9,66 per litre"
Bluebasour – Sour – Collab mit First Craft Beer,"€ 5,75",Hungary,3.53,FIRST Craft Beer,5.4%,Sour - Fruited,330ml,"€ 17,42 per litre"
Augustiner Edelstoff,"€ 4,70",Germany,3.62,Augustiner-Bräu München,5.6%,Lager - Dortmunder / Export,500ml,"€ 9,40 per litre"
Kasteel Rouge,"€ 4,70",Belgium,3.58,Kasteel Brouwerij Vanhonsebrouck,8%,Fruit Beer,330ml,"€ 14,24 per litre"
Cult,"€ 4,20",England,3.55,Mash Gang,0.5%,Non-Alcoholic - Pale Ale,Can 440ml,"€ 9,55 per litre"
Andechs Spezial Hell,"€ 4,70",Germany,3.52,Klosterbrauerei Andechs,5.9%,Festbier,500ml,"€ 9,40 per litre"
Silk Screen,"€ 6,99",Netherlands,3.96,Floem,7.7%,IPA - Imperial / Double New England / Hazy,Can 440ml,"€ 15,89 per litre"
Against The Day,"€ 5,90",England,3.79,Track Brewing Company,6.2%,IPA - Red,Can 440ml,"€ 13,41 per litre"
On The Threshold of A Dream,"€ 44,99",United States,4.36,Perennial Artisan Ales,13.8%,Stout - Imperial / Double Pastry,Bottle 750ml,"€ 59,99 per litre"
Ugar Brewery Trailer 025,"€ 5,50",Hungary,3.91,UGAR Brewery,7.2%,IPA - New England / Hazy,330ml,"€ 16,67 per litre"
Ugar Brewery Wonder Kompót CAN Lila | Szavidő: 2024.04.24.,"€ 3,30",Hungary,3.26,UGAR Brewery,5%,Fruit Beer,330ml,"€ 10,00 per litre"
Ugar Brewery Cherry Speedo,"€ 3,80",Hungary,3.12,UGAR Brewery,6.5%,Fruit Beer,330ml,"€ 11,52 per litre"
Haze of the Tentacle – Hazy Doube Dry Hopped IPA,"€ 6,25",Germany,4.05,Hopacabana Brewing,6.2%,IPA - American,Can 440ml,"€ 14,20 per litre"
Bockenreyder,"€ 4,14",Netherlands,3.38,Big Belly Brewing Company,7%,Bock - Weizenbock,330ml,"€ 12,55 per litre"
Solliciteur Roggebock,"€ 3,99",Netherlands,3.55,Bierbrouwerij De Magistraat,7%,Bock - Single / Traditional,330ml,"€ 12,09 per litre"
The Goat,"€ 3,99",Netherlands,3.39,Brouwerij Kees,6.5%,Bock - Single / Traditional,330ml,"€ 12,09 per litre"
Lost & Grounded Fest Bier,"€ 4,20",England,3.75,Lost and Grounded Brewers,5.6%,Festbier,Can 440ml,"€ 9,55 per litre"
Western Seaboard Project #1,"€ 7,90",England,3.90,Beak Brewery,6.8%,IPA - American,Can 440ml,"€ 17,95 per litre"
Festbier 2024,"€ 5,90",England,3.70,Verdant Brewing Co,5.5%,Festbier,Can 440ml,"€ 13,41 per litre"
Rustic Table Beer,"€ 5,50",England,3.54,Verdant Brewing Co,3.2%,Table Beer,Can 440ml,"€ 12,50 per litre"
Festa,"€ 2,30",Belgium,3.18,Galea Craft Beers,4.5%,Belgian Blonde,Can 440ml,"€ 12,50 per litre"
Orval,"€ 3,10",Belgium,3.68,Brasserie d'Orval,6.2%,Pale Ale - Belgian,330ml,"€ 9,39 per litre"
Speedway Stout BA vanilla shake,"€ 18,50",United States,4.30,AleSmith Brewing Company,14%,Stout - Imperial / Double Coffee,473ml,"€ 39,11 per litre"
Speedway Stout BA 2023,"€ 18,50",United States,4.22,AleSmith Brewing Company,13.3%,Stout - Imperial / Double Coffee,473ml,"€ 39,11 per litre"
Speedway Stout BA 2023 vanilla coconut edition,"€ 18,50",United States,4.17,AleSmith Brewing Company,13.2%,Stout - Imperial / Double Coffee,473ml,"€ 39,11 per litre"
Macération Poulsard,"€ 15,00",France,4.06,Levain,6%,Sour - Other,Bottle 750ml,"€ 20,00 per litre"
Speedway Stout New Orleans Café Edition,"€ 9,70",United States,4.00,AleSmith Brewing Company,12%,Stout - Imperial / Double Coffee,473ml,"€ 20,51 per litre"
Octopus Blond (Blik),"€ 2,29",Netherlands,3.42,Stadshaven Brouwerij,53%,Wheat Beer - Hefeweizen,473ml,"€ 20,51 per litre"
Kasteel Donker,"€ 7,95",Belgium,3.64,Kasteel Brouwerij Vanhonsebrouck,11%,Belgian Quadrupel,Bottle 750ml,"€ 10,60 per litre"
Barley AAP,"€ 3,50",Netherlands,3.56,Guilty Monkey Brewery,10%,Barleywine - American,330ml,"€ 10,61 per litre"
Blond 10,"€ 2,90",Belgium,3.50,Brouwerij Malheur,10%,Belgian Tripel,330ml,"€ 8,79 per litre"
Ename Pater,"€ 1,95",Belgium,3.45,Brouwerij Roman,5.5%,Belgian Enkel / Patersbier,330ml,"€ 5,91 per litre"
Bon Secours Heritage,"€ 2,80",Belgium,3.31,Brasserie Caulier,8%,Belgian Strong Golden Ale,330ml,"€ 8,48 per litre"
Hazy Little Thing,"€ 3,50",United States,3.78,Sierra Nevada Brewing Co.,6.7%,IPA - New England / Hazy,355ml,"€ 9,86 per litre"
Run Wild IPA,"€ 2,99",United States,3.37,Athletic Brewing Company,0.5%,Non-Alcoholic - IPA,355ml,"€ 8,42 per litre"
Upside Dawn Golden,"€ 2,99",United States,3.26,Athletic Brewing Company,0.5%,Non-Alcoholic - Other,355ml,"€ 8,42 per litre"
Vrolijke Kameraod,"€ 3,95",Netherlands,3.58,Kameraod Brouwers,6.5%,IPA - American,330ml,"€ 11,97 per litre"
Blonde Kameraod,"€ 3,75",Netherlands,3.48,Kameraod Brouwers,6.6%,Blonde / Golden Ale - Other,330ml,"€ 11,36 per litre"
BA #17 Vletje 12 Abafado Barrel Aged,"€ 12,95",Netherlands,3.93,De Grieze,10.6%,Belgian Quadrupel,Bottle 375ml,"€ 34,53 per litre"
BA #16 Lull's Blond Gin Barrel Aged,"€ 12,95",Netherlands,3.78,De Grieze,7.2%,Belgian Blonde,Bottle 375ml,"€ 34,53 per litre"
The Orator,"€ 24,90",Ireland,4.29,Rye River Brewing Company,10%,Bock - Doppelbock,Bottle 750ml,"€ 33,20 per litre"
Round Feet IPA,"€ 4,50",Ireland,3.91,Rye River Brewing Company,7%,IPA - New England / Hazy,Can 440ml,"€ 10,23 per litre"
Big Bangin' IPA,"€ 2,20",Ireland,3.56,Rye River Brewing Company,7.1%,IPA - American,330ml,"€ 6,67 per litre"
Big Bangin' IPA,"€ 34,73",Ireland,3.56,Rye River Brewing Company,7.1%,IPA - American,24-pack,"Total price: € 34,73"
Big Bangin' IPA,"€ 33,15",Ireland,3.56,Rye River Brewing Company,7.1%,IPA - American,24-pack,"Total price: € 33,15"
Big Bangin' IPA,"€ 39,41",Ireland,3.56,Rye River Brewing Company,7.1%,IPA - American,24-pack,"Total price: € 39,41"
Big Bangin' IPA,"€ 30,20",Ireland,3.56,Rye River Brewing Company,7.1%,IPA - American,24-pack,"Total price: € 30,20"
Big Bangin' IPA,"€ 44,86",Ireland,3.56,Rye River Brewing Company,7.1%,IPA - American,24-pack,"Total price: € 44,86"
Big Bangin' IPA,"€ 42,36",Ireland,3.56,Rye River Brewing Company,7.1%,IPA - American,24-pack,"Total price: € 42,36"
Big Bangin' IPA,"€ 27,91",Ireland,3.56,Rye River Brewing Company,7.1%,IPA - American,24-pack,"Total price: € 27,91"
Big Bangin' IPA,"€ 32,46",Ireland,3.56,Rye River Brewing Company,7.1%,IPA - American,24-pack,"Total price: € 32,46"
Lotte,"€ 1,90",Germany,3.55,Brauerei Drei Kronen Memmelsdorf,4.7%,Lager - Helles,500ml,"€ 3,80 per litre"
Coastal IPA,"€ 1,90",Ireland,3.54,Rye River Brewing Company,5.2%,IPA - American,330ml,"€ 5,76 per litre"
Costal IPA,"€ 32,61",Ireland,3.54,Rye River Brewing Company,5.2%,IPA - American,24-pack,"Total price: € 32,61"
Costal IPA,"€ 32,04",Ireland,3.54,Rye River Brewing Company,5.2%,IPA - American,24-pack,"Total price: € 32,04"
Costal IPA,"€ 37,70",Ireland,3.54,Rye River Brewing Company,5.2%,IPA - American,24-pack,"Total price: € 37,70"
Costal IPA,"€ 30,36",Ireland,3.54,Rye River Brewing Company,5.2%,IPA - American,24-pack,"Total price: € 30,36"
Costal IPA,"€ 39,30",Ireland,3.54,Rye River Brewing Company,5.2%,IPA - American,24-pack,"Total price: € 39,30"
Costal IPA,"€ 40,53",Ireland,3.54,Rye River Brewing Company,5.2%,IPA - American,24-pack,"Total price: € 40,53"
Costal IPA,"€ 27,37",Ireland,3.54,Rye River Brewing Company,5.2%,IPA - American,24-pack,"Total price: € 27,37"
Costal IPA,"€ 32,08",Ireland,3.54,Rye River Brewing Company,5.2%,IPA - American,24-pack,"Total price: € 32,08"
HOP DROPS CITRA EXTRA PALE,"€ 3,50",Ireland,3.49,Rye River Brewing Company,4.5%,Pale Ale - XPA (Extra Pale),330ml,"€ 10,61 per litre"
HOP DROPS CITRA,"€ 31,61",Ireland,3.49,Rye River Brewing Company,4.5%,Pale Ale - XPA (Extra Pale),24-pack,"Total price: € 31,61"
HOP DROPS CITRA,"€ 31,45",Ireland,3.49,Rye River Brewing Company,4.5%,Pale Ale - XPA (Extra Pale),24-pack,"Total price: € 31,45"
HOP DROPS CITRA,"€ 36,08",Ireland,3.49,Rye River Brewing Company,4.5%,Pale Ale - XPA (Extra Pale),24-pack,"Total price: € 36,08"
HOP DROPS CITRA,"€ 29,38",Ireland,3.49,Rye River Brewing Company,4.5%,Pale Ale - XPA (Extra Pale),24-pack,"Total price: € 29,38"
HOP DROPS CITRA,"€ 37,90",Ireland,3.49,Rye River Brewing Company,4.5%,Pale Ale - XPA (Extra Pale),24-pack,"Total price: € 37,90"
HOP DROPS CITRA,"€ 41,08",Ireland,3.49,Rye River Brewing Company,4.5%,Pale Ale - XPA (Extra Pale),24-pack,"Total price: € 41,08"
HOP DROPS CITRA,"€ 26,97",Ireland,3.49,Rye River Brewing Company,4.5%,Pale Ale - XPA (Extra Pale),24-pack,"Total price: € 26,97"
HOP DROPS CITRA,"€ 30,65",Ireland,3.49,Rye River Brewing Company,4.5%,Pale Ale - XPA (Extra Pale),24-pack,"Total price: € 30,65"
Retro IPA,"€ 2,50",Ireland,3.48,Rye River Brewing Company,5.6%,IPA - English,330ml,"€ 7,58 per litre"
1457,"€ 1,90",Germany,3.43,Brauerei Drei Kronen Memmelsdorf,4.5%,Kellerbier / Zwickelbier,500ml,"€ 3,80 per litre"
Atzengold,"€ 1,90",Germany,3.36,Atzenhof Franken,4.9%,Lager - Helles,500ml,"€ 3,80 per litre"
Tartarus Clotho,"€ 6,30",England,3.90,Tartarus Beers,7%,Belgian Dubbel,Can 440ml,"€ 14,32 per litre"
Tartarus Megaera,"€ 11,70",England,3.88,Tartarus Beers,10.5%,Stout - Imperial / Double,Can 440ml,"€ 26,59 per litre"
Man It Hurts To Be This Hip,"€ 6,90",England,3.83,Sureshot Brewing,6%,IPA - New England / Hazy,Can 440ml,"€ 15,68 per litre"
Tartarus Thalia,"€ 6,00",England,3.67,Tartarus Beers,5%,Sour - Fruited,Can 440ml,"€ 13,64 per litre"
Sureshot I Don't Believe It,"€ 5,70",England,3.60,Sureshot Brewing,4.5%,Pale Ale - American,Can 440ml,"€ 12,95 per litre"
Katuiner Tripel,"€ 3,50",United States,4.10,DankHouse Brewing Company,8.4%,IPA - New England / Hazy,330ml,"€ 10,61 per litre"
Blue Bus Call,"€ 5,40",Spain,3.72,Cervesa Espiga,6.7%,IPA - American,Can 440ml,"€ 12,27 per litre"
Snurkijzer,"€ 2,40",Belgium,3.50,Inkbiegel,6.5%,Belgian Blonde,Can 440ml,"€ 12,27 per litre"
Snowbirds 7 BA,"€ 41,00",United States,4.40,Other Half Brewing Co.,13.8%,Stout - Imperial / Double Pastry,500ml,"€ 82,00 per litre"
Déviation 2023-2,"€ 18,00",France,4.38,Nano Brasserie SPO,5.6%,Wild Ale - Other,Bottle 750ml,"€ 24,00 per litre"
Triple Drupe BA,"€ 41,00",United States,4.35,Other Half Brewing Co.,14.4%,Stout - Imperial / Double Pastry,500ml,"€ 82,00 per litre"
Saison Yuzu,"€ 19,90",France,4.04,Nano Brasserie SPO,5.9%,Farmhouse Ale - Saison,Bottle 750ml,"€ 26,53 per litre"
Trillium x Bottle Logic Objective Lens,"€ 54,00",United States,4.41,Trillium Brewing Company,15.1%,Stout - Imperial / Double,Bottle 500ml,"€ 108,00 per litre"
Trillium x Omnipollo Kanelbullar,"€ 54,00",United States,4.35,Trillium Brewing Company,14.4%,Stout - Imperial / Double,Bottle 500ml,"€ 108,00 per litre"
The Realest,"€ 12,80",England,4.32,Cloudwater Brew Co.,10%,IPA - Triple New England / Hazy,Can 440ml,"€ 29,09 per litre"
Trillium x The Veil Drove Of Oxen,"€ 54,00",United States,4.25,Trillium Brewing Company,13.9%,Barleywine - American,Bottle 500ml,"€ 108,00 per litre"
Babylon,"€ 10,80",United States,4.25,Hudson Valley Brewery,7%,IPA - Sour,Can 473ml,"€ 22,83 per litre"
Fort Point,"€ 12,60",United States,4.21,Trillium Brewing Company,6.6%,Pale Ale - American,Can 473ml,"€ 26,64 per litre"
Olmsted,"€ 12,90",United States,4.08,Trillium Brewing Company,7%,IPA - New England / Hazy,Can 473ml,"€ 27,27 per litre"
Sky Thing,"€ 10,80",United States,4.07,Hudson Valley Brewery,8%,IPA - Imperial / Double,Can 473ml,"€ 22,83 per litre"
Little Sal,"€ 19,80",United States,4.06,Allagash Brewing Company,6%,Sour - Other,Bottle 375ml,"€ 52,80 per litre"
Sul Ponticello,"€ 8,10",England,4.06,Cloudwater Brew Co.,8%,IPA - Imperial / Double New England / Hazy,Can 440ml,"€ 18,41 per litre"
Theta,"€ 10,80",United States,3.91,Hudson Valley Brewery,7%,IPA - New England / Hazy,Can 473ml,"€ 22,83 per litre"
'Til Time And Times Are Done,"€ 7,80",England,3.89,Cloudwater Brew Co.,7%,IPA - New England / Hazy,Can 440ml,"€ 17,73 per litre"
Deya Unchartered Waters,"€ 7,20",England,3.85,DEYA Brewing Company,5.5%,Pale Ale - American,Can 500ml,"€ 14,40 per litre"
White,"€ 6,60",United States,3.75,Allagash Brewing Company,5.2%,Wheat Beer - Witbier / Blanche,Can 473ml,"€ 13,95 per litre"
Deya Very Good Plus,"€ 6,00",England,3.74,DEYA Brewing Company,4%,Pale Ale - English,Can 500ml,"€ 12,00 per litre"
Hop Reach,"€ 7,20",United States,3.73,Allagash Brewing Company,6.8%,IPA - American,Can 473ml,"€ 15,22 per litre"
Chronology,"€ 8,40",United States,3.71,Hudson Valley Brewery,6%,Kölsch,Can 473ml,"€ 17,76 per litre"
Macération Vin de Paille,"€ 15,00",France,4.13,Levain,9%,Sour - Other,Bottle 750ml,"€ 20,00 per litre"
Macération Vin de Paille Magnum,"€ 33,00",France,4.13,Levain,9%,Sour - Other,Bottle 750ml,"€ 44,00 per litre"
Supreme Guard,"€ 6,99",Spain,4.07,Basqueland Brewing,10%,IPA - Triple,Can 440ml,"€ 15,89 per litre"
Upside Dawn Golden,"€ 2,69",United States,3.26,Athletic Brewing Company,0.5%,Non-Alcoholic - Other,Can 440ml,"€ 15,89 per litre"
Cold As Eyes,"€ 6,79",Germany,3.69,FrauGruber Brewing,6.2%,IPA - Cold,Can 440ml,"€ 15,43 per litre"
Area 52,"€ 5,60",Spain,3.88,Basqueland Brewing,6.5%,IPA - New England / Hazy,Can 440ml,"€ 12,73 per litre"
Othmar Weizen Dubbelbock,"€ 3,00",Netherlands,3.51,Ootmarsummer Bierbrouwerij Heupink & Co,8.6%,Bock - Weizendoppelbock,330ml,"€ 9,09 per litre"
Double Oat Stout,"€ 6,99",Scotland,3.90,Holy Goat Brewing,8.4%,Stout - Oatmeal,Can 440ml,"€ 15,89 per litre"
Barrel-aged Speedway Stout (2023),"€ 16,00",United States,4.22,AleSmith Brewing Company,13.3%,Stout - Imperial / Double Coffee,473ml,"€ 33,83 per litre"
Speedway Stout,"€ 8,00",United States,4.17,AleSmith Brewing Company,12%,Stout - Imperial / Double Coffee,473ml,"€ 16,91 per litre"
Speedway Stout - Horchata,"€ 9,30",United States,3.85,AleSmith Brewing Company,12%,Stout - Imperial / Double Coffee,473ml,"€ 19,66 per litre"
Helles,"€ 3,60",Germany,3.72,Blech.Brut 8 Bit,5.3%,Lager - Helles,Can 440ml,"€ 8,18 per litre"
Cherry Fist,"€ 7,00",Germany,3.64,Blech.Brut,9.2%,Sour - Fruited,Can 440ml,"€ 15,91 per litre"
SchuppenBoer Tripel,"€ 2,65",Belgium,3.53,Brouwerij Het Nest,8%,Belgian Tripel,330ml,"€ 8,03 per litre"
Poperings Hommelbier,"€ 5,95",Belgium,3.45,Leroy Breweries,7.5%,Belgian Strong Golden Ale,Bottle 750ml,"€ 7,93 per litre"
Baladin Xyauyu Barrel Riserva 2018,"€ 39,95",Italy,4.50,BIRRIFICIO AGRICOLO BALADIN - Baladin Indipendente Italian Farm Brewery,14%,Barleywine - Other,500ml,"€ 79,90 per litre"
So Happens It's Tuesday (2021),"€ 14,95",United States,4.19,The Bruery,15.3%,Stout - Imperial / Double,473ml,"€ 31,61 per litre"
Rott.Swirl,"€ 4,95",Netherlands,4.02,ROTT. Brouwers,10.5%,Stout - Imperial / Double Pastry,330ml,"€ 15,00 per litre"
Jimmy Sauvin Grape Ale Brut 2023,"€ 17,50",Netherlands,3.85,Thorns Wit,10%,Grape Ale - Other,Bottle 750ml,"€ 23,33 per litre"
Van Moll / Põhjala Summa,"€ 3,95",Netherlands,3.76,Van Moll,10.5%,Strong Ale - Other,330ml,"€ 11,97 per litre"
Gouden Carolus Indulgence Margaretha,"€ 14,95",Belgium,3.54,Brouwerij Het Anker,8.5%,Belgian Strong Dark Ale,Bottle 750ml,"€ 19,93 per litre"
White IPA,"€ 3,50",Netherlands,3.53,Thorns Wit,6%,IPA - White / Wheat,330ml,"€ 10,61 per litre"
Eeuwige Jeugd Bokkelul,"€ 3,60",Netherlands,3.42,Brouwerij de Eeuwige Jeugd,6.5%,Bock - Weizenbock,330ml,"€ 10,91 per litre"
Hertl Maracuja Felix,"€ 4,60",Germany,3.60,Braumanufaktur Hertl,5.7%,Sour - Smoothie / Pastry,500ml,"€ 9,20 per litre"
Weiherer Summer Ale,"€ 2,60",Germany,3.51,Brauerei Kundmüller,5.2%,Pale Ale - Other,500ml,"€ 5,20 per litre"
Eichhorn Fränkisch Hell,"€ 2,60",Germany,3.47,Brauerei Eichhorn Forchheim,4.9%,Lager - Helles,500ml,"€ 5,20 per litre"
Premium Weisse,"€ 2,10",Germany,3.41,Privatbrauerei Stöckel,5.5%,Wheat Beer - Hefeweizen,500ml,"€ 4,20 per litre"
Hertl Mutti's Sonnenschein,"€ 2,30",Germany,3.40,Braumanufaktur Hertl,4.9%,Lager - Helles,500ml,"€ 4,60 per litre"
Aufsesser Seidla Hell,"€ 1,90",Germany,3.39,Privatbrauerei Rothenbach,4.9%,Lager - Helles,500ml,"€ 3,80 per litre"
Hertl Opas Liebling,"€ 2,30",Germany,3.33,Braumanufaktur Hertl,4.8%,Kellerbier / Zwickelbier,500ml,"€ 4,60 per litre"
Hübner Steinfelder Hell,"€ 1,90",Germany,3.28,Hübner Bräu Steinfeld,5%,Lager - Helles,500ml,"€ 3,80 per litre"
Hertl Schwiegermutters Rache,"€ 2,90",Germany,3.12,Braumanufaktur Hertl,0.5%,Non-Alcoholic - Wheat,500ml,"€ 5,80 per litre"
Ginfused Imperial Wheat Ale,"€ 4,99",Netherlands,3.55,Brouwerij Noordt,8.5%,Wheat Beer - Other,500ml,"€ 5,80 per litre"
Dubbel,"€ 3,39",Netherlands,3.39,Brouwerij Noordt,7%,Belgian Dubbel,330ml,"€ 10,27 per litre"
Texels Stormbock,"€ 2,80",Netherlands,3.65,Texelse Bierbrouwerij,10%,Bock - Doppelbock,300ml,"€ 9,33 per litre"
2014 – 10 Years of Brewski,"€ 4,99",Sweden,3.88,Brewski,6%,Sour - Fruited Berliner Weisse,330ml,"€ 15,12 per litre"
The Great Northern Barrel Aged Series 43 Imperial Stout,"€ 53,00",United States,4.51,Evil Twin Brewing NYC,15%,Stout - Imperial / Double,500ml,"€ 106,00 per litre"
Camba Island NEIPA,"€ 4,89",Germany,3.77,Camba Bavaria/ Thompson Island Brewing Company,6.6%,IPA - New England / Hazy,Can 440ml,"€ 11,11 per litre"
Der Weizen,"€ 3,29",Germany,3.60,Tilmans Biere,6%,Wheat Beer - Hefeweizen,500ml,"€ 6,58 per litre"
Winter Cider,"€ 2,29",Germany,3.47,BRLO,4.5%,Cider - Herbed / Spiced / Hopped,330ml,"€ 6,94 per litre"
Camba Dunkel,"€ 2,19",Germany,3.45,Camba Bavaria,5%,Lager - Munich Dunkel,500ml,"€ 4,38 per litre"
Mit Ohne Alkoholfreies Weizen,"€ 3,29",Germany,3.30,Tilmans Biere,5%,Non-Alcoholic - Wheat,500ml,"€ 6,58 per litre"
IPA,"€ 2,29",Germany,3.20,Ratsherrn Brauerei,4.9%,Pilsner - German,330ml,"€ 6,94 per litre"
Bockbier,"€ 2,50",Netherlands,3.52,Bierbrouwerij De Koningshoeven,7%,Bock - Single / Traditional,330ml,"€ 7,58 per litre"
Bar & Bok Bock,"€ 2,25",Netherlands,3.45,Brouwerij de Molen,6.2%,Bock - Single / Traditional,330ml,"€ 6,82 per litre"
TankBusters The Book of Hops vol.9: Superdelic - Alora,"€ 5,50",Poland,3.76,TankBusters.Co,6.1%,IPA - New England / Hazy,500ml,"€ 11,00 per litre"
Hive Mind,"€ 6,50",Belgium,3.95,Norm Brewing,7%,IPA - New Zealand,Can 440ml,"€ 14,77 per litre"
Texels Stormbock,"€ 11,95",Netherlands,3.65,Texelse Bierbrouwerij,10%,Bock - Doppelbock,Bottle 750ml,"€ 15,93 per litre"
Texels Bock,"€ 8,95",Netherlands,3.48,Texelse Bierbrouwerij,7%,Bock - Single / Traditional,Bottle 750ml,"€ 11,93 per litre"
v. Vollenhoven & Co Bokbier,"€ 3,15",Netherlands,3.31,Brouwerij Poesiat & Kater,6.5%,Bock - Single / Traditional,330ml,"€ 9,55 per litre"
Salzstout Silver Series,"€ 9,90",Estonia,4.11,Pühaste Brewery,13.5%,Stout - Imperial / Double,330ml,"€ 30,00 per litre"
Wit,"€ 2,50",Belgium,3.36,Ter Dolen,5.1%,Wheat Beer - Witbier / Blanche,330ml,"€ 7,58 per litre"
Pinta Bawarka,"€ 3,00",Poland,3.47,Browar PINTA,5.7%,Wheat Beer - Hefeweizen,500ml,"€ 6,00 per litre"
Mosaic Nelson Deluxe,"€ 5,60",England,4.07,Pipeline Brewing Co,6.3%,IPA - New England / Hazy,Can 440ml,"€ 12,73 per litre"
Forgotten Dreams,"€ 5,30",England,4.05,Pipeline Brewing Co,5.3%,IPA - New England / Hazy,Can 440ml,"€ 12,05 per litre"
Fetch the Reaper,"€ 5,80",Wales,3.97,Dog's Window Brewery,5.7%,IPA - New England / Hazy,Can 440ml,"€ 13,18 per litre"
Guardian X Dogs Window,"€ 5,90",Wales,3.95,Dark Element Brew Co,4.5%,Pale Ale - New England / Hazy,Can 440ml,"€ 13,41 per litre"
Tønnelagra Boðvin Bourbon B.A.,"€ 7,49",Norway,3.57,Bådin,10.1%,Barleywine - Other,330ml,"€ 22,70 per litre"
Marsmallow Wave,"€ 4,49",Norway,3.91,Bådin,10%,Stout - Imperial / Double Pastry,330ml,"€ 13,61 per litre"
Artic Circles part 1,"€ 3,99",Norway,3.82,Bådin,6.5%,IPA - New England / Hazy,330ml,"€ 12,09 per litre"
Swarm,"€ 6,29",Spain,3.86,MALANDAR Craft Beer,8%,IPA - Imperial / Double,Can 440ml,"€ 14,30 per litre"
Liquid Belma & Mosaic,"€ 5,49",Spain,3.84,MALANDAR Craft Beer,6.5%,IPA - New England / Hazy,Can 440ml,"€ 12,48 per litre"
Soulfly Ipa,"€ 4,95",Netherlands,3.51,X-brewing,5.5%,IPA - American,Can 440ml,"€ 11,25 per litre"
Apes And the Bunny Roll,"€ 4,50",Netherlands,3.31,X-brewing,5.4%,Wheat Beer - American Pale Wheat,Can 440ml,"€ 10,23 per litre"
Swamp,"€ 6,49",Ukraine,3.83,Дідько Brewery,11%,Stout - Imperial / Double,Can 440ml,"€ 14,75 per litre"
Porfyrius Limoncello Sour IPA,"€ 2,85",Belgium,3.48,Brouwerij de HopHemel,4.6%,IPA - Sour,330ml,"€ 8,64 per litre"
Lagonda,"€ 4,50",England,3.68,Marble Beers Ltd,5%,Pale Ale - English,330ml,"€ 8,64 per litre"
Zieke Geest,"€ 2,40",Belgium,3.51,Vleesmeester Brewery,8%,Belgian Tripel,330ml,"€ 7,27 per litre"
Aardbei Bio 2022,"€ 34,50",Belgium,4.34,Brouwerij 3 Fonteinen,5.5%,Lambic - Fruit,Bottle 750ml,"€ 46,00 per litre"
Cuvée Miel 2022,"€ 24,00",Belgium,4.25,Brouwerij 3 Fonteinen,8.9%,Lambic - Gueuze,Bottle 750ml,"€ 32,00 per litre"
Braambes Oogst 2021,"€ 27,00",Belgium,4.20,Brouwerij 3 Fonteinen,6.5%,Lambic - Fruit,Bottle 750ml,"€ 36,00 per litre"
Kweeper 2022,"€ 25,00",Belgium,4.16,Brouwerij 3 Fonteinen,5.9%,Lambic - Fruit,Bottle 750ml,"€ 33,33 per litre"
Kweeper 2023,"€ 12,90",Belgium,4.16,Brouwerij 3 Fonteinen,7.2%,Lambic - Fruit,Bottle 375ml,"€ 34,40 per litre"
Apfelstrudel Doppelbock,"€ 4,29",Netherlands,3.62,Uiltje Brewing Company,11%,Bock - Doppelbock,330ml,"€ 13,00 per litre"
Tripel,"€ 3,39",Netherlands,3.62,Brouwerij Artemis,8.9%,Belgian Tripel,330ml,"€ 10,27 per litre"
Bock Brulee,"€ 3,49",Netherlands,3.52,Two Chefs Brewing,7%,Bock - Single / Traditional,330ml,"€ 10,58 per litre"
BlackBock,"€ 3,19",Netherlands,3.31,vandeStreek bier,6%,Bock - Single / Traditional,330ml,"€ 9,67 per litre"
Stroopwafel Stout,"€ 4,49",Netherlands,3.29,Two Chefs Brewing,6%,Stout - American,330ml,"€ 13,61 per litre"
Pannepot Special Reserve Vintage 2019,"€ 5,29",Belgium,3.99,De Struise Brouwers,10.1%,Belgian Strong Dark Ale,330ml,"€ 13,61 per litre"
Pils,"€ 2,90",Poland,3.46,Trzech Kumpli,4.4%,Pilsner - Czech / Bohemian,Can 500ml,"€ 5,80 per litre"
Van Honsebrouck Kasteel Tripel,"€ 1,85",Belgium,3.63,Kasteel Brouwerij Vanhonsebrouck,11%,Belgian Tripel,330ml,"€ 5,61 per litre"
Festbier,"€ 5,40",England,3.70,Verdant Brewing Co,5.5%,Festbier,Can 440ml,"€ 12,27 per litre"
Festival Bier,"€ 4,80",Scotland,3.64,Newbarns Brewery,5.7%,Festbier,Can 440ml,"€ 10,91 per litre"
Weihenstephaner Vitus,"€ 2,95",Germany,3.84,Bayerische Staatsbrauerei Weihenstephan,7.7%,Bock - Weizenbock,500ml,"€ 5,90 per litre"
Weihenstephaner Korbinian,"€ 2,95",Germany,3.78,Bayerische Staatsbrauerei Weihenstephan,7.4%,Bock - Doppelbock,500ml,"€ 5,90 per litre"
St. Bernardus Tripel,"€ 6,95",Belgium,3.75,Brouwerij St.Bernardus,8%,Belgian Tripel,Bottle 750ml,"€ 9,27 per litre"
LeFort Tripel,"€ 2,55",Belgium,3.72,Omer Vander Ghinste,8.8%,Belgian Tripel,Bottle 330ml,"€ 7,73 per litre"
De Molen Vuur & Vlam,"€ 2,25",Netherlands,3.58,Brouwerij de Molen,6.2%,IPA - American,330ml,"€ 6,82 per litre"
De Molen Ale & Hop,"€ 2,10",Netherlands,3.32,Brouwerij de Molen,3.5%,IPA - New England / Hazy,330ml,"€ 6,36 per litre"
Mijmer,"€ 10,15",Netherlands,3.86,Nevel Wild Ales,5.2%,Wild Ale - Other,Bottle 375ml,"€ 27,07 per litre"
Satan Gold,"€ 3,05",Belgium,3.42,Brouwerij De Block,8%,Belgian Strong Golden Ale,330ml,"€ 9,24 per litre"
Ahhhromantic,"€ 4,77",Hungary,3.78,SIMA brewing,8.5%,IPA - Imperial / Double New England / Hazy,330ml,"€ 14,45 per litre"
Slufter Bok,"€ 3,29",Netherlands,3.50,Tesselaar Familiebrouwerij Diks,7.5%,Bock - Single / Traditional,330ml,"€ 9,97 per litre"
Sticky Fingers,"€ 3,99",Netherlands,3.42,KOMPAAN Dutch Craft Beer Company,7%,Bock - Single / Traditional,330ml,"€ 9,97 per litre"
Heel Holland Bockt 2024,"€ 3,89",Netherlands,3.60,Brouwerij Frontaal,7.5%,Bock - Doppelbock,330ml,"€ 11,79 per litre"
4-Granen Bok,"€ 3,59",Netherlands,3.39,Jopen,6.5%,Bock - Single / Traditional,330ml,"€ 11,79 per litre"
Fuerst Wiacek All the Single Hops - Centennial,"€ 6,50",Germany,3.85,FUERST WIACEK,6.8%,IPA - New England / Hazy,Can 440ml,"€ 14,77 per litre"
Vintage 2022,"€ 11,95",Belgium,4.03,Brouwerij Rodenbach,7%,Sour - Flanders Red Ale,Bottle 750ml,"€ 15,93 per litre"
De Molen Bar & Bok,"€ 2,00",Netherlands,3.45,Brouwerij de Molen,6.2%,Bock - Single / Traditional,330ml,"€ 6,06 per litre"
Remblock,"€ 4,99",Netherlands,3.48,Moersleutel Craft Brewery,6.5%,Bock - Single / Traditional,Can 440ml,"€ 11,34 per litre"
Bock Is the G.O.A.T.,"€ 3,99",Netherlands,3.29,Dutch Bargain,8.7%,Bock - Doppelbock,330ml,"€ 12,09 per litre"
Hazy Nebula,"€ 6,59",Netherlands,3.73,Moersleutel Craft Brewery,6%,IPA - New England / Hazy,Can 440ml,"€ 14,98 per litre"
De Molen Rook & Rogge,"€ 3,35",Netherlands,3.58,Brouwerij de Molen,7.5%,IPA - Rye,330ml,"€ 10,15 per litre"
Nonkel Pater,"€ 3,05",Belgium,3.54,Antwerpse Brouw Compagnie,9%,Belgian Quadrupel,330ml,"€ 9,24 per litre"
Vintage 2021,"€ 10,95",Belgium,3.99,Brouwerij Rodenbach,7%,Sour - Flanders Red Ale,Bottle 750ml,"€ 14,60 per litre"
Cinnamon Bun Plasterer,"€ 7,39",Netherlands,4.06,Moersleutel Craft Brewery,12%,Stout - Pastry,Can 440ml,"€ 16,80 per litre"
Browar Moczybroda OG True Skawka,"€ 5,70",Poland,3.41,Moczybroda,8.5%,IPA - Sour,500ml,"€ 11,40 per litre"
Juicy Sour Series Graviola x Gruszka,"€ 4,10",Poland,3.33,ReCraft,4.2%,Sour - Fruited,500ml,"€ 8,20 per litre"
Dunkel - 5 Liter Fass,"€ 19,00",Germany,3.49,Manns Bräu,5.5%,Lager - Munich Dunkel,5000ml,"€ 3,80 per litre"
Weizen,"€ 2,10",Germany,3.45,Manns Bräu,5.2%,Wheat Beer - Hefeweizen,500ml,"€ 4,20 per litre"
Bitter Blond,"€ 2,99",Netherlands,3.28,Zeeuwse Zatte,5.4%,Belgian Blonde,500ml,"€ 4,20 per litre"
Wit Wasser,"€ 3,29",Netherlands,3.44,JELSTER,5.5%,Wheat Beer - Witbier / Blanche,330ml,"€ 9,97 per litre"
"Helles, Nietes!","€ 2,79",Netherlands,3.33,Kaapse Brouwers,5.8%,Lager - Helles,330ml,"€ 9,97 per litre"
Drome,"€ 6,99",England,3.96,Cloudwater Brew Co.,6%,IPA - New England / Hazy,Can 440ml,"€ 15,89 per litre"
'Til Time And Times Are Done,"€ 8,99",England,3.89,Cloudwater Brew Co.,7%,IPA - New England / Hazy,Can 440ml,"€ 20,43 per litre"
Paramour,"€ 3,79",Spain,3.84,Cervesa Espiga,4.5%,Sour - Fruited Gose,330ml,"€ 11,48 per litre"
Fresh Squeeze Vol. 1 Cucumber - Lime - Pear,"€ 4,99",Poland,3.80,TankBusters.Co,4.5%,Sour - Fruited Gose,500ml,"€ 9,98 per litre"
The Book of Hops vol.9: Superdelic - Alora,"€ 5,29",Poland,3.76,TankBusters.Co,6.1%,IPA - New England / Hazy,500ml,"€ 10,58 per litre"
Hack'n'Slash Vol.2,"€ 5,29",Poland,3.72,TankBusters.Co,6.4%,IPA - American,500ml,"€ 10,58 per litre"
Fresh Squeeze Vol. 2 Strawberry - Watermelon,"€ 4,49",Poland,3.51,TankBusters.Co,4.5%,Sour - Fruited Gose,500ml,"€ 8,98 per litre"
ART+80 Philly Pastry Sour,"€ 5,10",Poland,4.19,Browar Stu Mostów,4.5%,Sour - Smoothie / Pastry,Can 440ml,"€ 11,59 per litre"
Exotica,"€ 3,50",Poland,3.69,Piwne Podziemie,5%,IPA - Session,Can 500ml,"€ 7,00 per litre"
Cocobanger Imperial Stout Coffee & Coconut,"€ 5,40",Estonia,4.12,Põhjala,12.5%,Stout - Imperial / Double Coffee,330ml,"€ 16,36 per litre"
Zwarte Ziel 2024 Glenburgie Barrel Aged Imperial Smoked Porter,"€ 6,75",Netherlands,4.02,Jopen,11.5%,Porter - Imperial / Double,330ml,"€ 20,45 per litre"
Meesterstuk 2017 Imperial Porter,"€ 5,45",Netherlands,3.96,Jopen,12.5%,Porter - Imperial / Double,330ml,"€ 16,52 per litre"
Gouden Carolus Tripel,"€ 2,65",Belgium,3.82,Brouwerij Het Anker,9%,Belgian Tripel,330ml,"€ 8,03 per litre"
Moko Haka Dipa! New Zealand DIPA Chapter 11/12 2023,"€ 3,65",Netherlands,3.73,Jopen,8%,IPA - Imperial / Double,Can 330ml,"€ 11,06 per litre"
Heavy Cross TIPA Imperial IPA,"€ 3,45",Netherlands,3.68,Jopen,10%,IPA - Triple,330ml,"€ 10,45 per litre"
Hopfather IPA,"€ 4,05",Netherlands,3.57,Oersoep,6%,IPA - American,Can 330ml,"€ 12,27 per litre"
Blanche De Bruxelles Witbier,"€ 1,95",Belgium,3.54,Brasserie Lefebvre,4.5%,Wheat Beer - Witbier / Blanche,330ml,"€ 5,91 per litre"
Blond,"€ 2,55",Belgium,3.50,Ter Dolen,6.1%,Belgian Blonde,330ml,"€ 7,73 per litre"
Bock + Sprong,"€ 3,45",Netherlands,3.35,Brouwerij De 7 Deugden,7%,Bock - Single / Traditional,330ml,"€ 10,45 per litre"
Bokkepruik Dubbelbok,"€ 3,45",Netherlands,3.17,Brouwerij Hommeles,8%,Bock - Doppelbock,330ml,"€ 10,45 per litre"
Weissbier Alkoholfrei,"€ 2,05",Germany,2.90,Erdinger Weissbräu,0.4%,Non-Alcoholic - Wheat,500ml,"€ 4,10 per litre"
Original Helles Alkoholfrei,"€ 1,75",Germany,2.87,Bayerische Staatsbrauerei Weihenstephan,0.5%,Non-Alcoholic - Lager,500ml,"€ 3,50 per litre"
Hefeweissbier Alkoholfrei,"€ 1,65",Germany,2.83,Bayerische Staatsbrauerei Weihenstephan,0.5%,Non-Alcoholic - Wheat,500ml,"€ 3,30 per litre"
Wittorfer Treibsand Hazy IPA,"€ 4,19",Germany,3.83,Wittorfer Brauerei Neumünster,5.7%,IPA - New England / Hazy,330ml,"€ 12,70 per litre"
Simcoe Single Hop DDH DIPA,"€ 6,99",Germany,3.83,Unverhopft,8.5%,IPA - Imperial / Double New England / Hazy,Can 440ml,"€ 15,89 per litre"
Lille Testbild IPA,"€ 5,59",Germany,3.73,Lillebräu,6.8%,IPA - Other,330ml,"€ 16,94 per litre"
Zumology IPA,"€ 4,69",United States,3.73,Stone Brewing,7.5%,IPA - American,355ml,"€ 13,21 per litre"
Spree Coast IPA,"€ 3,39",Germany,3.59,Brauerei Lemke,6.9%,IPA - American,330ml,"€ 10,27 per litre"
Schwarzwald Weisse Hefe-Weizen,"€ 1,83",Germany,3.56,Privatbrauerei Waldhaus,5.6%,Wheat Beer - Hefeweizen,330ml,"€ 5,55 per litre"
Lille x Modus Brewing Festbier,"€ 3,59",Germany,3.47,Lillebräu,6%,Festbier,330ml,"€ 10,88 per litre"
Heimathafen Festbier,"€ 3,69",Germany,3.46,Heimathafen - Erfurter Braumanufaktur,5.5%,Festbier,330ml,"€ 11,18 per litre"
Sub Tropical IPA,"€ 5,99",Ireland,3.45,O'Hara's Brewery,4%,IPA - Session,500ml,"€ 11,98 per litre"
Waldmeister-Weisse,"€ 3,19",Germany,3.34,Brauerei Lemke,4%,Sour - Berliner Weisse,330ml,"€ 9,67 per litre"
Hell,"€ 2,29",Germany,3.34,Privatbrauerei Waldhaus,4.6%,Lager - Helles,330ml,"€ 6,94 per litre"
IPA,"€ 3,29",Germany,3.34,Brauerei Lemke,5.4%,Lager - Vienna,330ml,"€ 9,97 per litre"
Kräusen,"€ 2,89",Germany,3.28,Freie Brau Union Bremen,5%,Kellerbier / Zwickelbier,330ml,"€ 8,76 per litre"
Kirsch-Weisse,"€ 3,49",Germany,3.27,Brauerei Lemke,4%,Sour - Fruited Berliner Weisse,330ml,"€ 10,58 per litre"
Hell Alkoholfrei,"€ 2,09",Germany,2.88,Privatbrauerei Waldhaus,0.5%,Non-Alcoholic - Lager,330ml,"€ 6,33 per litre"
Pan IPAni Bezalkoholowe Urodzinowe,"€ 4,45",Poland,3.94,Trzech Kumpli,0.5%,Non-Alcoholic - IPA,500ml,"€ 8,90 per litre"
Wit,"€ 1,40",Belgium,3.55,Brouwerij Hoegaarden,4.9%,Wheat Beer - Witbier / Blanche,300ml,"€ 4,67 per litre"
Wywar Mango Milkshake IPA,"€ 4,03",Slovakia,3.55,Holíčsky pivovar Wywar,6%,IPA - Milkshake,Can 500ml,"€ 8,06 per litre"
Wywar Pilsner Mängel,"€ 4,24",Slovakia,3.37,Holíčsky pivovar Wywar,4.7%,Pilsner - Czech / Bohemian,Bottle 750ml,"€ 5,65 per litre"
Marble Mild,"€ 4,20",England,3.64,Marble Beers Ltd,4.1%,Mild - Dark,500ml,"€ 8,40 per litre"
Sundown,"€ 5,10",England,3.81,Elusive Brewing,6%,IPA - American,Can 440ml,"€ 11,59 per litre"
Oregon Trail,"€ 4,60",England,3.80,Elusive Brewing,5.8%,IPA - American,Can 440ml,"€ 10,45 per litre"
Woodstock,"€ 5,10",England,3.77,Elusive Brewing,5.6%,Pale Ale - American,Can 440ml,"€ 11,59 per litre"
Surface Detail,"€ 4,80",England,3.76,Gravity Well Brewing Co,4.6%,Pale Ale - American,Can 440ml,"€ 10,91 per litre"
Sussex Haze,"€ 4,40",England,3.73,360° Brewing Company,4.5%,Pale Ale - New England / Hazy,Can 440ml,"€ 10,00 per litre"
Pineapple Head,"€ 4,80",England,3.62,Elusive Brewing,4.8%,Pale Ale - New England / Hazy,Can 440ml,"€ 10,91 per litre"
Alexander,"€ 2,40",Belgium,3.95,Brouwerij Rodenbach,5.6%,Sour - Flanders Red Ale,330ml,"€ 7,27 per litre"
Sint Bernardus Pater 6,"€ 1,80",Belgium,3.55,Brouwerij St.Bernardus,6.7%,Belgian Dubbel,330ml,"€ 5,45 per litre"
Framboise,"€ 2,35",Belgium,3.77,Brouwerij Lindemans,2.5%,Lambic - Framboise,Bottle 250ml,"€ 9,40 per litre"
Sakadat,"€ 13,50",Romania,4.25,Blackout Brewing,11%,Stout - Imperial / Double Coffee,Bottle 330ml,"€ 40,91 per litre"
Arpus Apricot Pineapple Coconut & Vanilla Sour Ale V2,"€ 8,70",Latvia,4.23,Ārpus Brewing Co.,4.5%,Sour - Smoothie / Pastry,Can 440ml,"€ 19,77 per litre"
Quantum PX,"€ 13,50",Romania,4.17,Blackout Brewing,12%,Stout - Imperial / Double,Bottle 330ml,"€ 40,91 per litre"
Sunset Damage,"€ 13,50",Romania,4.10,Blackout Brewing,11%,Dark Ale,Bottle 330ml,"€ 40,91 per litre"
Arpus x Saint Errant TDH Nelson Mosaic IPA,"€ 7,60",Latvia,3.99,Ārpus Brewing Co.,6.5%,IPA - New England / Hazy,Can 440ml,"€ 17,27 per litre"
Arpus TDH Mosaic Citra DIPA,"€ 8,40",Latvia,3.97,Ārpus Brewing Co.,8%,IPA - Imperial / Double New England / Hazy,Can 440ml,"€ 19,09 per litre"
Round Pasture,"€ 22,80",England,3.96,Burnt Mill Brewery,5.8%,Sour - Other,Bottle 750ml,"€ 30,40 per litre"
Coolhead x Two Flints Moon Landing Hoax,"€ 8,80",Finland,3.94,CoolHead Brew,8%,IPA - Imperial / Double New England / Hazy,Can 440ml,"€ 20,00 per litre"
Coolhead x Baron Chemtrails,"€ 7,80",Finland,3.88,CoolHead Brew,7%,IPA - New England / Hazy,Can 440ml,"€ 17,73 per litre"
I'm Coming Over,"€ 6,20",England,3.84,Burning Sky Brewery,6.5%,IPA - American,Can 440ml,"€ 14,09 per litre"
Pastore x Amundsen Bomba,"€ 8,20",England,3.77,Pastore Brewing and Blending,7.5%,Sour - Smoothie / Pastry,Can 440ml,"€ 18,64 per litre"
NZ Pils,"€ 5,00",England,3.75,Burning Sky Brewery,4.6%,Pilsner - New Zealand,Can 440ml,"€ 11,36 per litre"
Compass Points South,"€ 6,20",England,3.73,Burning Sky Brewery,5.5%,Farmhouse Ale - Saison,Can 440ml,"€ 14,09 per litre"
Spinneret,"€ 6,00",England,3.71,Pressure Drop Brewing,4.6%,Stout - English,Can 440ml,"€ 13,64 per litre"
Arpus x Brasserie des Franches-Montagnes Red Wine Barrel Aged Saison,"€ 7,20",Latvia,3.69,Ārpus Brewing Co.,5%,Farmhouse Ale - Saison,Can 440ml,"€ 16,36 per litre"
Pastore x Superstition Dessert Blend #1,"€ 19,20",England,3.67,Pastore Brewing and Blending,7%,Wild Ale - Other,Bottle 750ml,"€ 25,60 per litre"
Pastore x Sureshot Kiwi Crush,"€ 7,80",England,3.66,Pastore Brewing and Blending,6%,IPA - Sour,Can 440ml,"€ 17,73 per litre"
Pastore Classico,"€ 5,00",England,3.59,Pastore Brewing and Blending,5%,Pilsner - Italian,Can 440ml,"€ 11,36 per litre"
Strange Latitudes,"€ 5,10",England,3.59,Mash Gang,0.5%,Non-Alcoholic - IPA,Can 440ml,"€ 11,59 per litre"
Coolhead x Northern Monk Atlantis,"€ 7,10",Finland,3.56,CoolHead Brew,6%,Sour - Fruited,Can 440ml,"€ 16,14 per litre"
Pastore x Superstition Dessert Blend #2,"€ 19,20",England,3.50,Pastore Brewing and Blending,7%,Wild Ale - Other,Bottle 750ml,"€ 25,60 per litre"
Ain't There Nothing I Can Take – Sour IPA,"€ 7,45",England,4.01,Pomona Island Brew Co.,6.5%,IPA - Sour,Can 440ml,"€ 16,93 per litre"
Orca Anders! Pink Boots Blend,"€ 4,45",Germany,3.96,orca brau,6.8%,IPA - Other,330ml,"€ 13,48 per litre"
Fruits Of The Street,"€ 7,95",Sweden,3.90,Fermenterarna,8%,Sour - Fruited,Can 440ml,"€ 18,07 per litre"
Island Ibuki IX – Sour IPA,"€ 7,45",England,3.90,Pomona Island Brew Co.,6.5%,IPA - Fruited,Can 440ml,"€ 16,93 per litre"
Blueberry Blaster  – Fruited Sour,"€ 7,95",Sweden,3.77,Fermenterarna,8%,Sour - Fruited,Can 440ml,"€ 18,07 per litre"
Elderflower IPA – New England IPA,"€ 5,25",Lithuania,3.56,Sakiškės Brewery// Sakiškių Alus,4.5%,IPA - New England / Hazy,330ml,"€ 15,91 per litre"
Schlenkerla Erle Schwarzbier,"€ 4,10",Germany,3.85,"Schlenkerla (""Heller-Bräu"" Trum)",4.2%,Rauchbier,Bottle 500ml,"€ 8,20 per litre"
Schlenkerla Weichsel Rotbier,"€ 4,80",Germany,3.82,"Schlenkerla (""Heller-Bräu"" Trum)",4.6%,Rauchbier,Bottle 500ml,"€ 9,60 per litre"
All Day,"€ 13,50",Canada,3.98,Revel Cider Company,6.7%,Cider - Other Fruit,Bottle 750ml,"€ 18,00 per litre"
Barrel-Aged Time & Place,"€ 13,50",Canada,3.78,Revel Cider Company,6.5%,Cider - Dry,Bottle 750ml,"€ 18,00 per litre"
Time & Place,"€ 3,80",Canada,3.64,Revel Cider Company,6.5%,Cider - Traditional / Apfelwein,355ml,"€ 10,70 per litre"
Gossamer,"€ 14,00",Canada,?,Revel Cider Company,7.9%,Cider - Other Fruit,Bottle 750ml,"€ 18,67 per litre"
Lost Lager,"€ 3,10",Scotland,3.30,BrewDog,4.5%,Pilsner - Other,Can 330ml,"€ 9,39 per litre"
Big Wave Golden Ale,"€ 3,50",United States,3.52,Kona Brewing Company,4.4%,Blonde / Golden Ale - American,355ml,"€ 9,86 per litre"
Hobgoblin,"€ 4,20",England,3.51,Marston's Brewery,5%,IPA - English,500ml,"€ 8,40 per litre"
Summerfest,"€ 3,90",United States,3.49,Sierra Nevada Brewing Co.,5%,Pilsner - German,355ml,"€ 10,99 per litre"
Lager,"€ 3,60",United States,3.42,Boston Beer Company,5%,Lager - Vienna,355ml,"€ 10,14 per litre"
Honey Dew,"€ 4,20",England,3.32,Fuller's Brewery,5%,Honey Beer,500ml,"€ 8,40 per litre"
Meloncherry Cider,"€ 4,00",England,3.66,Red Fin Cider,3.4%,Cider - Other Fruit,Bottle 330ml,"€ 12,12 per litre"
Cool Little Thing,"€ 3,79",United States,3.80,Sierra Nevada Brewing Co.,7.5%,IPA - New England / Hazy,355ml,"€ 10,68 per litre"
Hazy Little Thing,"€ 3,29",United States,3.78,Sierra Nevada Brewing Co.,6.7%,IPA - New England / Hazy,355ml,"€ 9,27 per litre"
Iskold Classic,"€ 3,99",Denmark,3.36,Mikkeller,5.6%,Lager - Vienna,330ml,"€ 12,09 per litre"
Je Moeder,"€ 3,49",Netherlands,3.50,Vet & Lazy,8.5%,Belgian Tripel,330ml,"€ 10,58 per litre"
Rituel 9,"€ 2,65",Belgium,3.64,Abbaye de Leffe,9%,Belgian Strong Golden Ale,330ml,"€ 8,03 per litre"
Zenne y Frontera 2022 Magnum,"€ 98,00",Belgium,4.72,Brouwerij 3 Fonteinen,7%,Lambic - Traditional,330ml,"€ 8,03 per litre"
Hapax Cerise 2023,"€ 17,50",France,4.22,Brasserie Septante-Deux,6%,Lambic - Kriek,Bottle 750ml,"€ 23,33 per litre"
Hapax MT3 2023,"€ 15,50",France,3.97,Brasserie Septante-Deux,6%,Lambic - Traditional,Bottle 750ml,"€ 20,67 per litre"
Hapax Aunis 2023,"€ 17,50",France,3.96,Brasserie Septante-Deux,6%,Lambic - Other,Bottle 750ml,"€ 23,33 per litre"
Conducteur Fantôme,"€ 12,00",France,3.90,Brasserie Septante-Deux,6.8%,Sour - Other,Bottle 750ml,"€ 16,00 per litre"
Petit Jus Mort: Framboise + Peche,"€ 15,50",Canada,4.31,Messorem,6%,Sour - Smoothie / Pastry,Can 473ml,"€ 32,77 per litre"
"Petit Jus Mort: Tangerine, Mangue, Abrciot","€ 15,50",Canada,4.25,Messorem,6%,Sour - Smoothie / Pastry,Can 473ml,"€ 32,77 per litre"
Les Ames S'envolent: A L'aurore,"€ 13,20",Canada,4.13,Messorem,6.3%,IPA - New England / Hazy,Can 473ml,"€ 27,91 per litre"
Water Running Down,"€ 8,50",England,3.98,Rivington Brewing Co,5.5%,Pale Ale - New England / Hazy,Can 500ml,"€ 17,00 per litre"
Vernal Dichotomous 2024,"€ 29,90",United States,3.88,Jester King Brewery,5%,Farmhouse Ale - Other,Bottle 750ml,"€ 39,87 per litre"
Solar,"€ 4,29",Belgium,3.77,Norm Brewing,6.5%,IPA - New England / Hazy,330ml,"€ 13,00 per litre"
Arpus Brewing Co / Saint Errant - TDH Nelson x Mosaic,"€ 8,50",Latvia,3.99,Ārpus Brewing Co.,6.5%,IPA - New England / Hazy,Can 440ml,"€ 19,32 per litre"
Big Foam Nelson,"€ 7,80",Scotland,3.74,Donzoko Brewing Company,5%,Lager - Pale,Can 500ml,"€ 15,60 per litre"
Coolhead Brew / DEYA - Birds Ain't Real,"€ 7,60",Finland,3.68,CoolHead Brew,5.5%,Pale Ale - New England / Hazy,Can 440ml,"€ 17,27 per litre"
Coolhead Brew / Northern Monk - Atlantis,"€ 7,90",Finland,3.56,CoolHead Brew,6%,Sour - Fruited,Can 440ml,"€ 17,95 per litre"
Cuvée Armand & Gaston 2022 Magnum,"€ 53,00",Belgium,4.32,Brouwerij 3 Fonteinen,6.6%,Lambic - Gueuze,Bottle 1500ml,"€ 35,33 per litre"
Oude Geuze 2022 Magnum,"€ 42,00",Belgium,4.06,Brouwerij 3 Fonteinen,5.9%,Lambic - Gueuze,Bottle 750ml,"€ 56,00 per litre"
AERoFAB Tempête,"€ 4,71",France,3.96,Aerofab,5%,Stout - Imperial / Double,330ml,"€ 14,27 per litre"
AERoFAB Björnstorm,"€ 6,27",France,3.90,Aerofab,8%,IPA - Imperial / Double,Can 440ml,"€ 14,25 per litre"
AERoFAB Kochava,"€ 5,93",France,3.90,Aerofab,6.5%,IPA - New England / Hazy,Can 440ml,"€ 13,48 per litre"
AERoFAB Mistral,"€ 4,22",France,3.83,Aerofab,6%,IPA - American,330ml,"€ 12,79 per litre"
AERoFAB Aquilon,"€ 5,71",France,3.81,Aerofab,5%,Pale Ale - New England / Hazy,Can 440ml,"€ 12,98 per litre"
AERoFAB Farou,"€ 4,97",France,3.67,Aerofab,4%,Pale Ale - Other,Can 440ml,"€ 11,30 per litre"
Sheep Named Sue,"€ 13,80",United States,4.31,Baa Baa Brewhouse,6.25%,Sour - Fruited,Can 473ml,"€ 29,18 per litre"
Adriaan,"€ 2,80",Netherlands,3.45,Jopen,5%,Wheat Beer - Witbier / Blanche,330ml,"€ 8,48 per litre"
Future Funk,"€ 8,70",Romania,4.00,Hop Hooligans,10%,IPA - Triple New England / Hazy,500ml,"€ 17,40 per litre"
Les Yeux Du Crocodile,"€ 7,10",France,3.99,Fauve,7%,IPA - New England / Hazy,Can 440ml,"€ 16,14 per litre"
Chicxulub Impactor,"€ 8,70",Romania,3.92,Hop Hooligans,10%,IPA - Triple New England / Hazy,500ml,"€ 17,40 per litre"
Stormbock (2024),"€ 3,20",Netherlands,3.65,Texelse Bierbrouwerij,10%,Bock - Doppelbock,330ml,"€ 9,70 per litre"
Scheepsbok (2024),"€ 3,80",Netherlands,3.43,Brouwerij Homeland,6.5%,Bock - Single / Traditional,330ml,"€ 11,52 per litre"
Oud Bruin,"€ 2,10",Netherlands,2.86,Gulpener Bierbrouwerij,3.5%,Lager - Dark,330ml,"€ 6,36 per litre"
Holy Faith,"€ 4,50",England,3.07,Northern Monk,0.5%,Non-Alcoholic - Pale Ale,330ml,"€ 13,64 per litre"
Swells TIPA,"€ 10,20",United States,4.22,Outer Range Brewing Co.,10.5%,IPA - Triple New England / Hazy,Can 440ml,"€ 23,18 per litre"
Double Fudge Barrel Aged Abduction,"€ 16,00",United States,3.93,Pipeworks Brewing Company,12.5%,Stout - Imperial / Double,473ml,"€ 33,83 per litre"
Islay Whisky Cask Aged Abduction,"€ 16,00",United States,3.58,Pipeworks Brewing Company,13%,Stout - Imperial / Double,473ml,"€ 33,83 per litre"
"Rising, Falling","€ 14,00",England,4.06,Cloudwater Brew Co.,5.8%,Wild Ale - Other,Bottle 375ml,"€ 37,33 per litre"
× Indie Hops: Strata,"€ 7,70",England,3.97,Cloudwater Brew Co.,7%,IPA - New England / Hazy,Can 440ml,"€ 17,50 per litre"
Barrel Aged Life After Deathstar - Batch 4 (2023),"€ 144,99",United States,4.54,Equilibrium Brewery,18%,Stout - Imperial / Double Pastry,Can 440ml,"€ 17,50 per litre"
Tegernseer Hell,"€ 1,83",Germany,3.63,Herzoglich Bayerisches Brauhaus Tegernsee,4.8%,Lager - Helles,500ml,"€ 3,66 per litre"
Augustiner Edelstoff,"€ 1,83",Germany,3.62,Augustiner-Bräu München,5.6%,Lager - Dortmunder / Export,500ml,"€ 3,66 per litre"
Oktoberfestbier,"€ 1,99",Germany,3.55,Paulaner Brauerei,6%,Festbier,500ml,"€ 3,98 per litre"
Duckstein Weizen Hopfenfruchtig,"€ 3,29",Germany,3.43,Holsten-Brauerei AG,5.3%,Wheat Beer - Hefeweizen,500ml,"€ 6,58 per litre"
Löwenbräu Oktoberfestbier,"€ 1,99",Germany,3.34,Spaten-Franziskaner-Löwenbräu-Gruppe,6.1%,Festbier,500ml,"€ 3,98 per litre"
Ur-Bock Dunkel,"€ 1,99",Germany,3.27,Einbecker Brauhaus,6.5%,Bock - Single / Traditional,330ml,"€ 6,03 per litre"
Doppelgänger DDH IPA,"€ 6,69",England,3.84,Vocation Brewery,6.7%,IPA - American,Can 440ml,"€ 15,20 per litre"
Toucan Tropic DDH IPA,"€ 6,29",England,3.73,Vocation Brewery,6.7%,IPA - American,Can 440ml,"€ 14,30 per litre"
Mojito Cocktail Sour,"€ 5,99",England,3.40,Vocation Brewery,4.5%,Sour - Other,Can 440ml,"€ 13,61 per litre"
IJWit,"€ 2,85",Netherlands,3.68,Brouwerij 't IJ,6.5%,Wheat Beer - Witbier / Blanche,330ml,"€ 8,64 per litre"
Weizen Alcoholvrij,"€ 1,65",Netherlands,2.89,Gulpener Bierbrouwerij,0.3%,Non-Alcoholic - Wheat,300ml,"€ 5,50 per litre"
Red Shift IPA,"€ 5,30",England,3.47,Original Stormtrooper Beer,5%,IPA - American,330ml,"€ 16,06 per litre"
S.N.I.P.A Situation Normal IPA,"€ 4,30",England,3.45,Original Stormtrooper Beer,4.4%,IPA - Session,330ml,"€ 13,03 per litre"
Beauty Pineapple Ice Cream,"€ 4,40",Poland,3.58,Magic Road,5%,Sour - Fruited,Can 500ml,"€ 8,80 per litre"
Extra Export Stout,"€ 3,97",Belgium,3.58,Brouwerij De Dolle Brouwers,9%,Stout - Foreign / Export,330ml,"€ 12,03 per litre"
ŽiWell APAč,"€ 5,26",Slovakia,3.48,Piešťanský pivovar ŽiWELL,5.4%,Pale Ale - American,Bottle 750ml,"€ 7,01 per litre"
A Walking Study in Demonology,"€ 7,99",England,4.10,Low Key Barrel Project,12.4%,Barleywine - American,330ml,"€ 24,21 per litre"
All my Heroes are Dead,"€ 4,99",Poland,3.75,TankBusters.Co,5.5%,IPA - Session,500ml,"€ 9,98 per litre"
Muifel I Spy Double Rye,"€ 3,75",Netherlands,3.74,Muifelbrouwerij,8%,Bock - Doppelbock,330ml,"€ 11,36 per litre"
Heart Full of Soul,"€ 7,49",Germany,4.06,FrauGruber Brewing,10.5%,IPA - Triple New England / Hazy,Can 440ml,"€ 17,02 per litre"
Swift Driftin,"€ 6,49",Germany,3.94,FrauGruber Brewing,7.8%,IPA - Imperial / Double New England / Hazy,Can 440ml,"€ 14,75 per litre"
Second Hand Emotion,"€ 6,49",Germany,3.93,FrauGruber Brewing,8%,IPA - Imperial / Double New England / Hazy,Can 440ml,"€ 14,75 per litre"
Hazy Discovery: Bratislava,"€ 5,99",Poland,3.88,Browar PINTA,6%,IPA - New England / Hazy,500ml,"€ 11,98 per litre"
Strawberry Banana Cream,"€ 5,99",Germany,3.78,FrauGruber Brewing,6.2%,Sour - Smoothie / Pastry,500ml,"€ 11,98 per litre"
The Book of Hops vol.9: Superdelic – Alora,"€ 4,99",Poland,3.76,TankBusters.Co,6.1%,IPA - New England / Hazy,500ml,"€ 9,98 per litre"
The Goat,"€ 3,50",Netherlands,3.39,Brouwerij Kees,6.5%,Bock - Single / Traditional,330ml,"€ 10,61 per litre"
Saison,"€ 2,77",Belgium,3.68,Brasserie Dupont,6.5%,Farmhouse Ale - Saison,330ml,"€ 8,39 per litre"
Old Man Ale,"€ 4,11",England,3.54,Coniston Brewing Company,4.8%,Old / Stock Ale,500ml,"€ 8,22 per litre"
XX Bitter,"€ 3,20",Belgium,3.47,Brouwerij De Ranke,6%,IPA - Belgian,330ml,"€ 9,70 per litre"
Classic,"€ 2,44",Belgium,3.45,Brouwerij Rodenbach,5.2%,Sour - Flanders Red Ale,Bottle 250ml,"€ 9,76 per litre"
Vichtenaar,"€ 2,42",Belgium,3.12,Brouwerij Verhaeghe,5.1%,Sour - Flanders Red Ale,Bottle 250ml,"€ 9,68 per litre"
Hannibal Laphroaig BA,"€ 7,50",Estonia,3.88,Anderson's Craft Beer,11.1%,Stout - Imperial / Double,330ml,"€ 22,73 per litre"
Rothaus Tannenzapfle,"€ 3,60",Germany,3.47,Badische Staatsbrauerei Rothaus,5.1%,Pilsner - German,330ml,"€ 10,91 per litre"
Run W'Us,"€ 62,99",United States,4.33,Other Half Brewing Co.,16%,Stout - Imperial / Double,330ml,"€ 10,91 per litre"
Weird Era 2022 (Blend 2),"€ 21,99",United States,4.11,Perennial Artisan Ales,5.3%,Lambic - Gueuze,Bottle 750ml,"€ 29,32 per litre"
Servebot,"€ 7,10",Germany,3.86,Blech.Brut,6.7%,IPA - New England / Hazy,Can 440ml,"€ 16,14 per litre"
Summer Crush,"€ 4,90",Spain,3.78,Cervesa Espiga,4.5%,Sour - Fruited,330ml,"€ 14,85 per litre"
be kind to each other!,"€ 4,40",Germany,3.76,orca brau,6.2%,Sour - Smoothie / Pastry,330ml,"€ 13,33 per litre"
Zumology IPA,"€ 3,90",United States,3.73,Stone Brewing,7.5%,IPA - American,355ml,"€ 10,99 per litre"
Wanderlust,"€ 3,90",Germany,3.71,orca brau,5.6%,Pale Ale - American,330ml,"€ 11,82 per litre"
Elvis Juice,"€ 1,90",Scotland,3.69,BrewDog,6.5%,IPA - Fruited,330ml,"€ 5,76 per litre"
Trainspotting Berlin,"€ 3,90",Germany,3.68,Brauerei Lemke,5.2%,Pale Ale - Other,330ml,"€ 11,82 per litre"
Geselligkeit,"€ 3,20",Germany,3.65,orca brau,5.4%,Wheat Beer - Hefeweizen,330ml,"€ 9,70 per litre"
Aischbüffel Eisbock,"€ 12,50",Germany,3.62,Brauerei Rittmayer Hallerndorf,13%,Bock - Eisbock,Bottle 375ml,"€ 33,33 per litre"
IPL Cashmere Ariana,"€ 5,50",Germany,3.62,Buddelship Brauerei,6%,Lager - IPL (India Pale Lager),Can 440ml,"€ 12,50 per litre"
Lager Hell,"€ 2,50",Germany,3.50,Ayinger Privatbrauerei,4.9%,Lager - Helles,500ml,"€ 5,00 per litre"
Lost Horizon Farm Foeder Helles,"€ 6,90",Germany,3.49,Buddelship Brauerei,6%,Cider - Dry,500ml,"€ 13,80 per litre"
Berliner Weisse Peach,"€ 2,90",Spain,3.47,Cervesa Espiga,3.5%,Sour - Fruited Berliner Weisse,330ml,"€ 8,79 per litre"
Bio Kellerpils,"€ 1,90",Germany,3.45,Brauerei Kundmüller,4.9%,Pilsner - Other,500ml,"€ 3,80 per litre"
Weißenoher Altfränkisch Klosterbier,"€ 1,50",Germany,3.43,Klosterbrauerei Weissenohe,5.1%,Märzen,500ml,"€ 3,00 per litre"
Wegseidla Sommer Edition,"€ 1,90",Germany,3.42,Privatbrauerei Rothenbach,4.8%,Lager - Helles,500ml,"€ 3,80 per litre"
Schloss-Keller naturtrüb,"€ 1,50",Germany,3.39,König Ludwig Schlossbrauerei Kaltenberg,5.1%,Kellerbier / Zwickelbier,500ml,"€ 3,00 per litre"
Natur Radler Grapefruit,"€ 0,90",Germany,3.38,Warsteiner,2%,Shandy / Radler,330ml,"€ 2,73 per litre"
Sauerkirsch Felix,"€ 5,50",Germany,3.33,Braumanufaktur Hertl,4.8%,Kellerbier / Zwickelbier,500ml,"€ 11,00 per litre"
Holzkirchner Gold,"€ 1,50",Germany,3.31,Brauereigenossenschaft Holzkirchen,5.5%,Lager - Dortmunder / Export,500ml,"€ 3,00 per litre"
König Ludwig Hell,"€ 1,50",Germany,3.30,König Ludwig Schlossbrauerei Kaltenberg,5.1%,Lager - Helles,500ml,"€ 3,00 per litre"
Der Leisi,"€ 2,90",Germany,3.30,Braumanufaktur Hertl,4.2%,Lager - Rotbier,500ml,"€ 5,80 per litre"
Schädelschbrengger Hell,"€ 2,50",Germany,3.27,Kaiser Bräu,5.1%,Lager - Helles,500ml,"€ 5,00 per litre"
Pilsener,"€ 0,90",Germany,3.21,Warsteiner,4.8%,Pilsner - German,330ml,"€ 2,73 per litre"
Brewers Gold Landbier,"€ 0,90",Germany,3.19,Warsteiner,5.2%,Kellerbier / Zwickelbier,330ml,"€ 2,73 per litre"
Especial,"€ 1,50",Spain,3.18,Hijos de Rivera,5.5%,Lager - Helles,330ml,"€ 4,55 per litre"
Natur Radler Zitrone,"€ 0,90",Germany,3.18,Warsteiner,2%,Shandy / Radler,330ml,"€ 2,73 per litre"
Natur Radler Zitrone alkoholfrei,"€ 0,90",Germany,3.18,Warsteiner,2%,Shandy / Radler,330ml,"€ 2,73 per litre"
Wegseidla Radler,"€ 1,90",Germany,3.17,Privatbrauerei Rothenbach,5.4%,Smoked Beer,500ml,"€ 3,80 per litre"
König Ludwig Weissbier leicht,"€ 1,50",Germany,3.11,König Ludwig Schlossbrauerei Kaltenberg,2.9%,Wheat Beer - Hefeweizen Light / Leicht,500ml,"€ 3,00 per litre"
Herb,"€ 0,90",Germany,3.11,Warsteiner,4.8%,Pilsner - German,330ml,"€ 2,73 per litre"
Urtyp Hell,"€ 1,90",Germany,3.07,Eschenbacher Privatbrauerei,4.8%,Lager - Helles,500ml,"€ 3,80 per litre"
Windhoek Lager,"€ 2,90",Namibia,3.04,Namibia Breweries,4%,Lager - Pale,330ml,"€ 8,79 per litre"
Herb Alkoholfrei,"€ 0,90",Germany,2.87,Warsteiner,0.5%,Non-Alcoholic - Other,330ml,"€ 2,73 per litre"
Radler,"€ 0,90",Germany,2.82,Warsteiner,0.5%,Non-Alcoholic - Shandy / Radler,330ml,"€ 2,73 per litre"
König Ludwig Weissbier alkoholfrei,"€ 1,50",Germany,2.72,König Ludwig Schlossbrauerei Kaltenberg,0.4%,Non-Alcoholic - Wheat,500ml,"€ 3,00 per litre"
Pilsener Alkoholfrei,"€ 0,90",Germany,2.64,Warsteiner,0.5%,Non-Alcoholic - Lager,330ml,"€ 2,73 per litre"
Lager Hell,"€ 2,50",Germany,?,Private Landbrauerei Schönram,5%,Lager - Helles,500ml,"€ 5,00 per litre"
Verzet Kameradski Balsamico,"€ 4,19",Belgium,3.63,Brouwerij 't Verzet,12.5%,Stout - Russian Imperial,Bottle 330ml,"€ 12,70 per litre"
Deep Dive,"€ 11,90",United States,4.27,District 96 Beer Factory,10.5%,IPA - Triple New England / Hazy,473ml,"€ 25,16 per litre"
Water Running Down,"€ 6,40",England,3.98,Rivington Brewing Co,5.5%,Pale Ale - New England / Hazy,500ml,"€ 12,80 per litre"
Big Boy Sandwich,"€ 6,50",England,3.97,Pressure Drop Brewing,6.4%,IPA - New England / Hazy,Can 440ml,"€ 14,77 per litre"
Cult,"€ 4,40",England,3.55,Mash Gang,0.5%,Non-Alcoholic - Pale Ale,Can 440ml,"€ 10,00 per litre"
Serpiente,"€ 4,60",England,3.49,Mash Gang,0.5%,Non-Alcoholic - IPA,Can 440ml,"€ 10,45 per litre"
Chug,"€ 4,40",England,3.44,Mash Gang,0.5%,Non-Alcoholic - Pale Ale,Can 440ml,"€ 10,00 per litre"
Oak-aged Pilsner By Rackhouse,"€ 8,32",Norway,3.65,LERVIG,5.8%,Pilsner - Other,Bottle 375ml,"€ 22,19 per litre"
Of Foam And Fury,"€ 3,39",Ireland,3.76,Galway Bay Brewery,8.5%,IPA - Imperial / Double,Can 440ml,"€ 7,70 per litre"
Ostara,"€ 2,55",Ireland,3.58,Galway Bay Brewery,5%,Stout - Irish Dry,Can 440ml,"€ 5,80 per litre"
Althea,"€ 2,55",Ireland,3.56,Galway Bay Brewery,4.8%,IPA - Session,Can 440ml,"€ 5,80 per litre"
Full Sail,"€ 2,55",Ireland,3.55,Galway Bay Brewery,5.8%,IPA - American,Can 440ml,"€ 5,80 per litre"
Bay Ale,"€ 2,55",Ireland,3.38,Galway Bay Brewery,4.4%,Red Ale - Irish,Can 440ml,"€ 5,80 per litre"
King of Gloom (2024),"€ 5,99",England,4.10,Pentrich Brewing Co.,8%,IPA - Imperial / Double,Can 440ml,"€ 13,61 per litre"
Memento Mori,"€ 5,95",Brazil,4.09,Spartacus Brewing,8.5%,IPA - Imperial / Double New England / Hazy,Can 440ml,"€ 13,52 per litre"
Early Retirement – DDH IPA,"€ 6,75",Germany,3.95,FUERST WIACEK,6.8%,IPA - New England / Hazy,Can 440ml,"€ 15,34 per litre"
AleSmith IPA,"€ 10,20",United States,3.78,AleSmith Brewing Company,6%,Pale Ale - American,473ml,"€ 21,56 per litre"
Extinction is Forever Hyacinth Macaw,"€ 8,20",Austria,3.70,Brauhaus Bevog,5.3%,Pale Ale - New England / Hazy,500ml,"€ 16,40 per litre"
BLAK STOC Standard Hard Cider,"€ 3,80",Austria,3.62,BlakStoc,4%,Cider - Traditional / Apfelwein,330ml,"€ 11,52 per litre"
Witgoud,"€ 3,20",Netherlands,3.33,Brouwerij Leidse Goud,5.5%,Wheat Beer - Witbier / Blanche,330ml,"€ 9,70 per litre"
Unless You Think,"€ 5,10",England,3.86,Ascension Cider,4%,Cider - Other Fruit,Can 330ml,"€ 15,45 per litre"
Hide In The Sky,"€ 5,10",England,3.81,Ascension Cider,3.8%,Cider - Other Fruit,Can 330ml,"€ 15,45 per litre"
Blond,"€ 6,95",Belgium,3.58,Abbaye de Leffe,6.6%,Belgian Blonde,Bottle 750ml,"€ 9,27 per litre"
't Gouden IJ,"€ 2,60",Netherlands,3.58,Brouwerij 't IJ,7.5%,Blonde / Golden Ale - Other,330ml,"€ 7,88 per litre"
Timmermans Lambicus Blanche,"€ 2,30",Belgium,3.47,Brewery John Martin & Brewery Timmermans,4.5%,Lambic - Traditional,330ml,"€ 6,97 per litre"
Bier Het Witte Hert,"€ 2,95",Netherlands,3.37,Bennebroecks,5.5%,Wheat Beer - Witbier / Blanche,330ml,"€ 8,94 per litre"
Bijles,"€ 3,19",Netherlands,3.23,De Bierklas,4.8%,Belgian Blonde,330ml,"€ 8,94 per litre"
Ambreus Oude Gueuze,"€ 14,55",Belgium,3.99,Stekerij Ambreus,6.5%,Lambic - Gueuze,Bottle 750ml,"€ 19,40 per litre"
Calavera,"€ 5,67",Belgium,3.76,Brasserie Surréaliste,7%,IPA - American,Can 440ml,"€ 12,89 per litre"
Venus Effect,"€ 3,67",Belgium,3.53,Brasserie Surréaliste,4.5%,Sour - Traditional Gose,330ml,"€ 11,12 per litre"
Woest,"€ 3,60",Netherlands,3.76,Dutch Bargain,10%,Stout - Imperial / Double,330ml,"€ 10,91 per litre"
Pacific Haze,"€ 3,55",Netherlands,3.65,Dutch Bargain,6.5%,IPA - New England / Hazy,330ml,"€ 10,76 per litre"
Salvatoris St. Barbara,"€ 2,65",Belgium,3.58,Brouwerij Kompel,8.5%,Belgian Strong Golden Ale,330ml,"€ 8,03 per litre"
Pauwel Kwak Blonde,"€ 2,55",Belgium,3.55,Brouwerij Bosteels,7.4%,Blonde / Golden Ale - Other,330ml,"€ 8,03 per litre"
Maumasi,"€ 97,99",United States,4.40,Anchorage Brewing Company,16%,Stout - Imperial / Double Coffee,330ml,"€ 8,03 per litre"
Calm Storm,"€ 4,30",Hungary,3.78,Fehér Nyúl,9.8%,Porter - Baltic,Can 330ml,"€ 13,03 per litre"
Félegyházi Málnás Gose,"€ 4,10",Hungary,3.70,Félegyházi Sörműhely,5%,Sour - Fruited Gose,330ml,"€ 12,42 per litre"
Mango Bay,"€ 5,10",Hungary,3.66,Mad Scientist,5.2%,Pale Ale - Milkshake,Can 440ml,"€ 11,59 per litre"
Félegyházi Mangós Búza,"€ 4,00",Hungary,3.62,Félegyházi Sörműhely,5%,Wheat Beer - Fruited,330ml,"€ 12,12 per litre"
Jimmy The Man,"€ 5,91",Spain,3.93,Gross,6.5%,IPA - New England / Hazy,Can 440ml,"€ 13,43 per litre"
Planet X,"€ 5,91",Spain,3.89,Gross,6.4%,IPA - New England / Hazy,Can 440ml,"€ 13,43 per litre"
Guadalupe,"€ 4,31",Spain,3.37,Gross,4.7%,Lager - Mexican,Can 440ml,"€ 9,80 per litre"
HYBRID WINE BEER // Bottle // 2022,"€ 14,50",Netherlands,3.59,Big Belly Brewing Company,8.5%,Grape Ale - Other,Can 440ml,"€ 9,80 per litre"
Majdnem Búza Citrusokkal,"€ 3,20",Hungary,3.14,Szent András Sörfőzde,0.5%,Non-Alcoholic - Wheat,330ml,"€ 9,70 per litre"
SCYEDAM Zakkendrager,"€ 15,95",Netherlands,3.86,Scyedam,10.7%,Barleywine - Other,Bottle 750ml,"€ 21,27 per litre"
Sul Ponticello,"€ 9,49",England,4.06,Cloudwater Brew Co.,8%,IPA - Imperial / Double New England / Hazy,Can 440ml,"€ 21,57 per litre"
Drome,"€ 7,40",England,3.96,Cloudwater Brew Co.,6%,IPA - New England / Hazy,Can 440ml,"€ 16,82 per litre"
'Til Time And Times Are Done,"€ 7,99",England,3.89,Cloudwater Brew Co.,7%,IPA - New England / Hazy,Can 440ml,"€ 18,16 per litre"
My Milkshake Brings All the Boys To the Farm,"€ 5,10",Netherlands,3.73,Dutch Bargain,7%,IPA - Milkshake,330ml,"€ 15,45 per litre"
"Nostalgia Collection ""Eierbrikettenpers""","€ 3,90",Belgium,3.60,Brouwerij Kompel,8%,Bock - Doppelbock,330ml,"€ 11,82 per litre"
Zilte Zucht,"€ 3,50",Netherlands,3.21,Kust Brouwers,3.8%,Belgian Blonde,330ml,"€ 10,61 per litre"
Whale Shark V8,"€ 4,50",Netherlands,3.94,De Kromme Haring,8%,IPA - Imperial / Double,330ml,"€ 13,64 per litre"
Mama Qucha,"€ 3,95",Netherlands,3.38,De Kromme Haring,5%,Farmhouse Ale - Saison,330ml,"€ 11,97 per litre"
Double Alien Church,"€ 10,99",United States,4.32,Tired Hands Brewing Company,9%,IPA - Imperial / Double,473ml,"€ 23,23 per litre"
Bloodless VII,"€ 11,99",United States,4.23,The Veil Brewing Co.,12.5%,IPA - Quadruple,473ml,"€ 25,35 per litre"
Desert Flora (Table Beer),"€ 7,50",United States,3.43,The Bruery,3.5%,Table Beer,473ml,"€ 15,86 per litre"
Sweetest Perfection,"€ 5,99",Poland,3.87,Browar Sarabanda,5.6%,Sour - Smoothie / Pastry,500ml,"€ 11,98 per litre"
Sunburst Swirl,"€ 5,99",Poland,3.87,Browar Sarabanda,5.6%,Sour - Smoothie / Pastry,500ml,"€ 11,98 per litre"
Wild West,"€ 5,79",Poland,3.56,Browar Sarabanda,6.2%,IPA - American,500ml,"€ 11,58 per litre"
Solliciteur 2024 Roggebock,"€ 3,80",Netherlands,3.55,Bierbrouwerij De Magistraat,7%,Bock - Single / Traditional,330ml,"€ 11,52 per litre"
Black Tuesday Barrel Series Box (2022),"€ 125,00",United States,4.39,The Bruery,20.4%,Stout - Imperial / Double,Bottle 375ml,"€ 333,33 per litre"
On the First Light of the Fifth Day,"€ 27,50",United States,4.33,The Bruery,13.7%,Stout - Imperial / Double,Bottle 375ml,"€ 73,33 per litre"
Schmoojee Strawberry Peach Colada,"€ 11,99",United States,4.30,Imprint Beer Co.,6.5%,Sour - Smoothie / Pastry,473ml,"€ 25,35 per litre"
Cherry Chocolate Reign,"€ 40,00",United States,4.25,The Bruery,21.9%,Stout - Imperial / Double,Bottle 750ml,"€ 53,33 per litre"
So Happens It's Tuesday 2021,"€ 13,99",United States,4.24,The Bruery,15.3%,Stout - Imperial / Double,473ml,"€ 29,58 per litre"
Schmoojee Cherry Vanilla Cola,"€ 11,99",United States,4.10,Imprint Beer Co.,6.5%,Sour - Smoothie / Pastry,473ml,"€ 25,35 per litre"
Baby Ghost,"€ 8,99",United States,4.10,Parish Brewing Co.,5.5%,IPA - New England / Hazy,473ml,"€ 19,01 per litre"
Crunchety Butterfinger And Twix Bars,"€ 10,95",United States,3.95,Imprint Beer Co.,10.3%,Stout - Imperial / Double Pastry,473ml,"€ 23,15 per litre"
Doubly Dry Hopped #GatineauIsTrending,"€ 12,50",Canada,4.38,Brasserie du Bas-Canada,10%,IPA - Triple,473ml,"€ 26,43 per litre"
La Biere Des Clans 2.0,"€ 10,80",Canada,4.35,Messorem,8.6%,IPA - Imperial / Double New England / Hazy,473ml,"€ 22,83 per litre"
Bank Hotel,"€ 9,99",Canada,4.35,Brasserie du Bas-Canada,7.1%,IPA - American,473ml,"€ 21,12 per litre"
Structure,"€ 12,50",Canada,4.34,Brasserie du Bas-Canada,10%,IPA - Triple,473ml,"€ 26,43 per litre"
Schmoojee Ice Creamium Berry Funfetti,"€ 11,99",United States,4.34,Imprint Beer Co.,6.5%,Sour - Smoothie / Pastry,473ml,"€ 25,35 per litre"
Schmoojee Patisseree Strawberry Shortcake,"€ 11,99",United States,4.33,Imprint Beer Co.,6.5%,Sour - Smoothie / Pastry,473ml,"€ 25,35 per litre"
Schmoojee Cosmic Candy,"€ 11,99",United States,4.33,Imprint Beer Co.,6.5%,Sour - Smoothie / Pastry,473ml,"€ 25,35 per litre"
Quadruple Return To Nothingness,"€ 12,50",Canada,4.32,Third Moon Brewing Company,11.9%,IPA - Quadruple,473ml,"€ 26,43 per litre"
Commutatio: Le Ketch,"€ 9,99",Canada,4.30,Messorem,6.5%,IPA - New England / Hazy,473ml,"€ 21,12 per litre"
L'Arresoir,"€ 10,99",Canada,4.29,Brasserie du Bas-Canada,8%,IPA - Imperial / Double,473ml,"€ 23,23 per litre"
Pulling Strings,"€ 10,50",Canada,4.23,BreWskey,8.6%,IPA - Imperial / Double New England / Hazy,473ml,"€ 22,20 per litre"
Commutatio: Third Moon,"€ 9,99",Canada,4.20,Messorem,6.5%,IPA - New England / Hazy,473ml,"€ 21,12 per litre"
Dessert Station Schmoojee,"€ 11,99",United States,4.15,Imprint Beer Co.,6.5%,Hard Seltzer,473ml,"€ 25,35 per litre"
Double Shot Pumpkin Spice,"€ 19,95",United States,4.34,Tree House Brewing Company,8.6%,Stout - American,473ml,"€ 25,35 per litre"
Benthic 2023,"€ 39,99",United States,4.31,Half Acre Beer Company,13.6%,Stout - Imperial / Double,473ml,"€ 25,35 per litre"
Bourbon County Brand Wheatwine (2018),"€ 79,50",United States,4.28,Goose Island Beer Co.,14.6%,Wheat Beer - Wheat Wine,473ml,"€ 25,35 per litre"
ROTS Donker,"€ 3,99",Netherlands,3.60,Voornsche Brouwerij,10.5%,Belgian Strong Dark Ale,473ml,"€ 25,35 per litre"
ROTS Tripel,"€ 3,79",Netherlands,3.56,Voornsche Brouwerij,9.5%,Belgian Tripel,473ml,"€ 25,35 per litre"
ROTS Blond,"€ 3,69",Netherlands,3.52,Voornsche Brouwerij,8.8%,Belgian Strong Golden Ale,473ml,"€ 25,35 per litre"
Betterave,"€ 20,00",Switzerland,3.96,À tue-tête,6.9%,Sour - Fruited,Bottle 750ml,"€ 26,67 per litre"
Tripel,"€ 1,65",Netherlands,3.64,Hertog Jan,8.5%,Belgian Tripel,300ml,"€ 5,50 per litre"
Gouden Carolus Ambrio,"€ 2,25",Belgium,3.55,Brouwerij Het Anker,8%,Belgian Strong Dark Ale,330ml,"€ 6,82 per litre"
Karakter,"€ 1,70",Netherlands,3.51,Hertog Jan,7.5%,Belgian Strong Dark Ale,300ml,"€ 5,67 per litre"
Brigand,"€ 1,90",Belgium,3.50,Kasteel Brouwerij Vanhonsebrouck,9%,Belgian Strong Golden Ale,330ml,"€ 5,76 per litre"
Blond Vleugje Vlierbloesem,"€ 1,95",Netherlands,3.49,Gulpener Bierbrouwerij,6%,Blonde / Golden Ale - Other,300ml,"€ 6,50 per litre"
La Trappe Epos,"€ 1,65",Netherlands,3.18,Bierbrouwerij De Koningshoeven,6%,Non-Alcoholic - Pale Ale,330ml,"€ 5,00 per litre"
La Trappe Nillis,"€ 1,85",Netherlands,3.04,Bierbrouwerij De Koningshoeven,6%,Non-Alcoholic - Other,330ml,"€ 5,61 per litre"
Cosmic Little Thing,"€ 5,29",United States,3.82,Sierra Nevada Brewing Co.,8%,IPA - Imperial / Double New England / Hazy,568ml,"€ 9,31 per litre"
St. Vrain Tripel Ale,"€ 5,59",United States,3.69,Left Hand Brewing Company,9.3%,Belgian Tripel,355ml,"€ 15,75 per litre"
Orca Brau Napizza Amalfi Pale Ale,"€ 4,29",Germany,3.56,orca brau,5.3%,Pale Ale - Other,330ml,"€ 13,00 per litre"
"My Saddle, My Pony & Me Pale Ale","€ 2,79",Germany,3.46,Vagabund Brauerei,5.2%,Pale Ale - American,330ml,"€ 8,45 per litre"
ÜberQuell Palim Palim Pale Ale,"€ 2,89",Germany,3.44,ÜberQuell Brauwerkstätten,5.3%,Pale Ale - English,330ml,"€ 8,76 per litre"
Brewing Milk Stout,"€ 5,59",United States,3.88,Left Hand Brewing Company,6%,Stout - Milk / Sweet,355ml,"€ 15,75 per litre"
Orca Brau Here Comes The Sun Smoothie IPA Ice Tea Style,"€ 4,99",Germany,3.76,orca brau,6.5%,IPA - Milkshake,330ml,"€ 15,12 per litre"
Orca Brau Goldie Hell BIO,"€ 3,19",Germany,3.66,orca brau,4.8%,Blonde / Golden Ale - Other,330ml,"€ 9,67 per litre"
Belgian White Nitro,"€ 5,59",United States,3.44,Left Hand Brewing Company,4.9%,Wheat Beer - Witbier / Blanche,355ml,"€ 15,75 per litre"
Stout of This World: Bourbon BA,"€ 6,80",Netherlands,4.11,Jopen,10.1%,Stout - Russian Imperial,330ml,"€ 20,61 per litre"
Meesterstuk 2023 - BA Oloroso,"€ 7,05",Netherlands,4.06,Jopen,10.5%,Stout - Imperial / Double,330ml,"€ 21,36 per litre"
Wheat From Desire: Oloroso BA,"€ 6,80",Netherlands,3.97,Jopen,12%,Wheat Beer - Wheat Wine,330ml,"€ 20,61 per litre"
Zwarte Ziel: 2023,"€ 6,80",Netherlands,3.96,Jopen,10%,Porter - Imperial / Double,330ml,"€ 20,61 per litre"
Chapter 9: Farmhouse Rock,"€ 3,30",Netherlands,3.46,Jopen,7%,Farmhouse Ale - Other,330ml,"€ 10,00 per litre"
Watergeus Vin Jaune (10/2017),"€ 43,99",Netherlands,4.13,Vandenbroek,6.4%,Lambic - Fruit,Bottle 750ml,"€ 58,65 per litre"
Watergeus Peach + Plum (5/2023),"€ 14,49",Netherlands,4.12,Vandenbroek,5.8%,Lambic - Fruit,Bottle 750ml,"€ 19,32 per litre"
Watergeus Greek Apricot (11/2023),"€ 7,99",Netherlands,3.94,Vandenbroek,5.8%,Lambic - Fruit,Bottle 375ml,"€ 21,31 per litre"
Synaptic Connection,"€ 3,90",Romania,3.94,Bereta Brewing Co.,6.1%,IPA - New England / Hazy,Can 440ml,"€ 8,86 per litre"
Wywar Ján,"€ 4,46",Slovakia,3.26,Holíčsky pivovar Wywar,5.2%,Lager - Polotmavé (Czech Amber),Bottle 750ml,"€ 5,95 per litre"
Wywar Jozef II,"€ 2,60",Slovakia,3.26,Holíčsky pivovar Wywar,3.8%,Lager - Světlé (Czech Pale),Can 500ml,"€ 5,20 per litre"
Blond,"€ 2,95",Belgium,3.50,Ter Dolen,6.1%,Belgian Blonde,330ml,"€ 8,94 per litre"
Brune,"€ 3,50",Belgium,3.48,Brasserie Lupulus,8.5%,Brown Ale - Belgian,330ml,"€ 10,61 per litre"
Bay Ale,"€ 2,75",Ireland,3.38,Galway Bay Brewery,4.4%,Red Ale - Irish,330ml,"€ 8,33 per litre"
Taranaki,"€ 6,50",England,4.09,Vocation Brewery,8.4%,IPA - Imperial / Double,Can 440ml,"€ 14,77 per litre"
Bloodless VIII X Root+Branch,"€ 11,40",United States,3.90,The Veil Brewing Co.,8%,Sour - Fruited Berliner Weisse,473ml,"€ 24,10 per litre"
Doppelganger,"€ 4,80",England,3.84,Vocation Brewery,6.7%,IPA - American,Can 440ml,"€ 10,91 per litre"
Ad Arma!,"€ 24,50",United States,4.35,Brujos Brewing,8.4%,IPA - Imperial / Double New England / Hazy,Can 440ml,"€ 10,91 per litre"
Cuernitos,"€ 17,20",United States,4.11,Brujos Brewing,5%,Pale Ale - American,473ml,"€ 36,36 per litre"
Prizmàtics,"€ 7,40",Spain,4.10,KOM Beer,8%,IPA - Imperial / Double New England / Hazy,Can 440ml,"€ 16,82 per litre"
Panoramix,"€ 7,40",Spain,4.08,KOM Beer,8.2%,IPA - Imperial / Double New England / Hazy,Can 440ml,"€ 16,82 per litre"
Komanche,"€ 7,25",Spain,3.99,KOM Beer,7%,IPA - New England / Hazy,Can 440ml,"€ 16,82 per litre"
Cassis,"€ 2,10",Belgium,3.63,Brouwerij Lindemans,3.5%,Lambic - Fruit,Bottle 250ml,"€ 8,40 per litre"
Opgebokt,"€ 3,40",Netherlands,3.46,Van Moll,7.5%,Bock - Doppelbock,330ml,"€ 10,30 per litre"
Donker,"€ 2,95",Belgium,3.48,Ter Dolen,7.1%,Brown Ale - Belgian,330ml,"€ 8,94 per litre"
Smoky Bockfest,"€ 6,60",England,4.10,Saint Mars Of The Desert,6.9%,Lager - Smoked,Can 440ml,"€ 15,00 per litre"
Double-Decoction Spalter Select Pilsner,"€ 5,00",Latvia,3.59,Ārpus Brewing Co.,5%,Pilsner - German,Can 440ml,"€ 11,36 per litre"
Brewdog Punk IPA,"€ 2,29",Scotland,3.71,BrewDog,5.2%,IPA - American,330ml,"€ 6,94 per litre"
Owd Eerie,"€ 6,90",England,3.98,Saint Mars Of The Desert,7.1%,Old / Stock Ale,Can 440ml,"€ 15,68 per litre"
Clamp,"€ 6,80",England,3.96,Saint Mars Of The Desert,5.4%,IPA - New England / Hazy,Can 440ml,"€ 15,45 per litre"
Laska Pils,"€ 5,70",England,3.83,Saint Mars Of The Desert,5%,Pilsner - Czech / Bohemian,Can 440ml,"€ 12,95 per litre"
Golden Visa,"€ 7,44",Portugal,4.00,Dois Corvos,10.5%,Stout - Imperial / Double Pastry,330ml,"€ 22,55 per litre"
Fruits Of The Street,"€ 8,39",Sweden,3.90,Fermenterarna,8%,Sour - Fruited,Can 440ml,"€ 19,07 per litre"
Swedish Lollipop Extra Edition,"€ 8,39",Sweden,3.90,Fermenterarna,8%,Sour - Fruited,Can 440ml,"€ 19,07 per litre"
Peach Boy,"€ 7,99",Sweden,3.81,Fermenterarna,5.6%,Sour - Fruited,Can 440ml,"€ 18,16 per litre"
Blueberry Blaster,"€ 8,39",Sweden,3.77,Fermenterarna,8%,Sour - Fruited,Can 440ml,"€ 19,07 per litre"
West Coast IPA #005 Waimea/Idaho 7/Mosaic,"€ 6,49",Sweden,3.69,Fermenterarna,6.8%,IPA - American,Can 440ml,"€ 14,75 per litre"
Tripel (2023),"€ 4,05",Belgium,3.82,Abbaye de Maredsous,10%,Belgian Tripel,330ml,"€ 12,27 per litre"
Pruim Watergeus (9/2023),"€ 7,99",Netherlands,3.98,Vandenbroek,6%,Lambic - Fruit,Bottle 375ml,"€ 21,31 per litre"
Watergeus Special Blend Heidehoning (09/2023),"€ 15,99",Netherlands,3.82,Vandenbroek,6.5%,Lambic - Other,Bottle 750ml,"€ 21,32 per litre"
Watergeus Special Blend Heidehoning (09/2023),"€ 7,99",Netherlands,3.82,Vandenbroek,6.5%,Lambic - Other,Bottle 375ml,"€ 21,31 per litre"
Watergeus (11/2023),"€ 6,49",Netherlands,3.78,Vandenbroek,6.2%,Lambic - Gueuze,Bottle 375ml,"€ 17,31 per litre"
Watergeus (4/2024),"€ 12,99",Netherlands,?,Vandenbroek,6.2%,Lambic - Other,Bottle 750ml,"€ 17,32 per litre"
Juicebag NEIPA,"€ 5,99",Romania,3.82,Bereta Brewing Co.,6%,IPA - New England / Hazy,Can 440ml,"€ 13,61 per litre"
Bereta I Am A Baker Heavily Fruited Sour,"€ 8,99",Romania,4.13,Bereta Brewing Co.,3.8%,Sour - Smoothie / Pastry,Can 440ml,"€ 20,43 per litre"
Hop Hooligans/Cohones Fjalar Baltic Porter,"€ 8,99",Romania,4.00,Hop Hooligans,10%,Porter - Imperial / Double Baltic,500ml,"€ 17,98 per litre"
Eazzzy Heavily Hopped Session IPA,"€ 6,99",Romania,3.96,Bereta Brewing Co.,4.9%,IPA - Session,Can 440ml,"€ 15,89 per litre"
Synaptic Connection Heavily Hopped IPA,"€ 6,99",Romania,3.94,Bereta Brewing Co.,6.1%,IPA - New England / Hazy,Can 440ml,"€ 15,89 per litre"
Hop Hooligans/Gamma Chicxulub Impactor DDH Triple IPA,"€ 8,99",Romania,3.92,Hop Hooligans,10%,IPA - Triple New England / Hazy,500ml,"€ 17,98 per litre"
Septic Thoughts Heavily Hopped IPA,"€ 6,99",Romania,3.92,Bereta Brewing Co.,6.1%,IPA - New England / Hazy,Can 440ml,"€ 15,89 per litre"
Hop Hooligans/Metanoia Landlord Special Hazy Pale Ale,"€ 6,99",Romania,3.91,Hop Hooligans,5%,Pale Ale - New England / Hazy,500ml,"€ 13,98 per litre"
Bloom Jasmine Green Tea New England IPA,"€ 6,99",Romania,3.91,Hop Hooligans,6%,IPA - New England / Hazy,500ml,"€ 13,98 per litre"
Briefcase Boogie DDH Westcoast DIPA,"€ 8,99",Romania,3.87,Hop Hooligans,8%,IPA - American,500ml,"€ 17,98 per litre"
Bookworm DH Lager,"€ 6,99",Romania,3.86,Hop Hooligans,6%,Lager - Other,500ml,"€ 13,98 per litre"
Good Behaviour Heavily Hopped IPA,"€ 6,99",Romania,3.82,Bereta Brewing Co.,6.4%,IPA - New England / Hazy,Can 440ml,"€ 15,89 per litre"
Resin Hell DDH Westcoast IPA,"€ 7,99",Romania,3.80,Hop Hooligans,6%,IPA - American,500ml,"€ 15,98 per litre"
The Big Crunch Sour Ale,"€ 7,99",Romania,3.78,Hop Hooligans,4%,Sour - Fruited,500ml,"€ 15,98 per litre"
Temple Heavily Hopped IPA,"€ 6,99",Romania,3.76,Bereta Brewing Co.,6%,IPA - New England / Hazy,Can 440ml,"€ 15,89 per litre"
Hop Hooligans/Van Moll Hugs & Kisses White Chocolate Wheatwine,"€ 8,49",Romania,3.74,Hop Hooligans,10%,Wheat Beer - Wheat Wine,330ml,"€ 25,73 per litre"
Ai Pi Iei West Coast IPA,"€ 5,99",Romania,3.67,Bereta Brewing Co.,6.3%,IPA - American,Can 440ml,"€ 13,61 per litre"
Eight Times Helles 8Y Anniversary Helles Lager,"€ 5,49",Romania,3.61,Bereta Brewing Co.,5.5%,Lager - Helles,Can 440ml,"€ 12,48 per litre"
Hop Hooligans/Alea Livin' La Vidra Loca Mango Peach Gose,"€ 7,99",Romania,3.58,Hop Hooligans,5%,Sour - Fruited Gose,500ml,"€ 15,98 per litre"
Everyday Is Pretzel Day German Pilsener,"€ 5,59",Romania,3.55,Hop Hooligans,5%,Pilsner - German,500ml,"€ 11,18 per litre"
Oude Kriek de Schaarbeek Tilquin à l'anciennne,"€ 14,11",Belgium,4.16,Gueuzerie Tilquin,7%,Lambic - Kriek,Bottle 750ml,"€ 18,81 per litre"
Blurred Lines NEIPA,"€ 3,25",Netherlands,3.65,Jopen,5.3%,IPA - New England / Hazy,330ml,"€ 9,85 per litre"
Pinkus Hefe Weizen,"€ 2,75",Germany,3.42,Brauerei Pinkus Müller,5%,Wheat Beer - Hefeweizen,500ml,"€ 5,50 per litre"
Star People (PULP),"€ 8,50",Sweden,4.22,Elmeleven,5%,Sour - Smoothie / Pastry,Can 440ml,"€ 19,32 per litre"
Lush Blossom Punch,"€ 7,75",Germany,4.20,Sudden Death Brewing Co.,5%,Sour - Smoothie / Pastry,Can 440ml,"€ 17,61 per litre"
STONE & FLESH,"€ 7,25",Spain,4.07,Garage Beer Co.,8%,IPA - Imperial / Double,Can 440ml,"€ 16,48 per litre"
Lode of Gold,"€ 7,50",Germany,4.05,Sudden Death Brewing Co.,7.7%,IPA - Imperial / Double New England / Hazy,Can 440ml,"€ 17,05 per litre"
ARMADA COLADA,"€ 5,50",Romania,3.69,Clandestin Beer,6.5%,Sour - Smoothie / Pastry,500ml,"€ 11,00 per litre"
Weihenstephaner Braupakt Blonde Ale,"€ 2,95",Germany,3.65,Bayerische Staatsbrauerei Weihenstephan,6.5%,Blonde / Golden Ale - Other,330ml,"€ 8,94 per litre"
Sonoma AF,"€ 6,00",England,3.54,Track Brewing Company,0.5%,Non-Alcoholic - Pale Ale,Can 440ml,"€ 13,64 per litre"
Hedgehog,"€ 4,10",Poland,3.71,Browar Monsters,5%,Sour - Fruited Gose,Can 500ml,"€ 8,20 per litre"
Blauw,"€ 2,60",Belgium,3.90,Bières de Chimay,9%,Belgian Strong Dark Ale,330ml,"€ 7,88 per litre"
Rochefort 8,"€ 2,50",Belgium,3.85,Abbaye Notre-Dame de Saint-Rémy,9.2%,Belgian Strong Dark Ale,330ml,"€ 7,58 per litre"
Première (Rood),"€ 2,00",Belgium,3.72,Bières de Chimay,7%,Belgian Dubbel,330ml,"€ 6,06 per litre"
Tripel Plukker,"€ 2,30",Belgium,3.49,Terrest Brewery,7.5%,Belgian Tripel,330ml,"€ 6,97 per litre"
Golden Tripel,"€ 2,30",Belgium,3.44,Terrest Brewery,8%,Belgian Tripel,330ml,"€ 6,97 per litre"
Boer Willem Blond,"€ 2,40",Belgium,3.38,Badkuipbrouwers,6.9%,Belgian Blonde,330ml,"€ 7,27 per litre"
Gutted,"€ 74,99",United States,4.34,Anchorage Brewing Company,10%,Belgian Strong Dark Ale,330ml,"€ 7,27 per litre"
Trendy,"€ 3,80",Poland,3.75,Przetwórnia Chmielu,5.5%,IPA - New England / Hazy,Can 500ml,"€ 7,60 per litre"
Fantastic Voyage,"€ 4,70",Poland,3.73,Funky Fluid,6.2%,IPA - American,Can 500ml,"€ 9,40 per litre"
Pineapple Sour,"€ 3,80",Poland,3.70,Funky Fluid,4%,Sour - Other,Can 500ml,"€ 7,60 per litre"
Wycieczka,"€ 3,00",Poland,3.58,Przetwórnia Chmielu,5.5%,Lager - Vienna,Can 500ml,"€ 6,00 per litre"
Baghaven: Pantao 2020,"€ 28,95",Denmark,4.15,Baghaven Brewing and Blending,9.8%,Wild Ale - Other,Bottle 750ml,"€ 38,60 per litre"
Baghaven: Polly 2022,"€ 34,95",Denmark,4.12,Baghaven Brewing and Blending,6.1%,Wild Ale - Other,Bottle 750ml,"€ 46,60 per litre"
Baghaven: Las Flores 2020,"€ 22,50",Denmark,4.06,Baghaven Brewing and Blending,5.7%,Sour - Fruited,Bottle 750ml,"€ 30,00 per litre"
Baghaven: Blanca 2021,"€ 28,95",Denmark,3.81,Baghaven Brewing and Blending,9.8%,Wild Ale - Other,Bottle 750ml,"€ 38,60 per litre"
Wildflower & Mountain Culture Beer Co: Village 2021,"€ 25,95",Australia,4.09,Wildflower Brewing & Blending,5.5%,Farmhouse Ale - Other,Bottle 750ml,"€ 34,60 per litre"
Wildflower: Ambrosia Amaro 2021,"€ 24,50",Australia,4.08,Wildflower Brewing & Blending,6.4%,Farmhouse Ale - Other,Bottle 750ml,"€ 32,67 per litre"
Wildflower: How's the serenity 2021,"€ 22,80",Australia,3.77,Wildflower Brewing & Blending,5.2%,Australian Sparkling Ale,Bottle 750ml,"€ 30,40 per litre"
I'm Monk-Ish,"€ 5,25",Sweden,3.85,Brewski,6.5%,IPA - New England / Hazy,330ml,"€ 15,91 per litre"
Cantillon: Gueuze 2023,"€ 9,50",Belgium,4.27,Brasserie Cantillon,5.5%,Lambic - Gueuze,Bottle 375ml,"€ 25,33 per litre"
Cantillon: Gueuze 2024,"€ 8,25",Belgium,4.17,Brasserie Cantillon,5.5%,Lambic - Gueuze,Bottle 375ml,"€ 22,00 per litre"
Tripel,"€ 4,00",Belgium,3.57,Enigma,9%,Belgian Tripel,330ml,"€ 12,12 per litre"
Blond,"€ 4,00",Belgium,3.48,Enigma,7.2%,Belgian Blonde,330ml,"€ 12,12 per litre"
Bourbon County Brand Eagle Rare 2-Year Reserve Stout (2023),"€ 79,95",United States,4.57,Goose Island Beer Co.,14.5%,Stout - Imperial / Double,500ml,"€ 159,90 per litre"
Coco Loco,"€ 5,75",Netherlands,3.83,Brewery 22Four,10.9%,Stout - Milk / Sweet,500ml,"€ 159,90 per litre"
Störtebeker Pazifik-Ale,"€ 2,99",Germany,3.62,Störtebeker Braumanufaktur,6.5%,IPA - American,500ml,"€ 5,98 per litre"
Kozel Premium Lager,"€ 2,55",Czech Republic,3.17,Pivovar Velké Popovice,4.6%,Pilsner - Czech / Bohemian,500ml,"€ 5,10 per litre"
SchuppenBoer Maxima,"€ 3,95",Belgium,3.54,Brouwerij Het Nest,14.9%,Belgian Strong Golden Ale,330ml,"€ 11,97 per litre"
Wildflower: Walt 2021,"€ 24,90",United States,3.57,The Freefolk Brewery,6.2%,Sour - Fruited Gose,Bottle 750ml,"€ 33,20 per litre"
High Five,"€ 4,99",Netherlands,3.30,Brewery 22Four,6.7%,Sour - Fruited,Bottle 750ml,"€ 33,20 per litre"
Langbräu Weissbier,"€ 2,10",Germany,3.45,Lang-Bräu,5.2%,Wheat Beer - Hefeweizen,500ml,"€ 4,20 per litre"
Scherdel Zoigl,"€ 2,00",Germany,3.45,Scherdel Bier,5.2%,Historical Beer - Zoigl,500ml,"€ 4,00 per litre"
Langbräu Lager,"€ 2,60",Germany,3.36,Lang-Bräu,4.5%,Kellerbier / Zwickelbier,500ml,"€ 5,20 per litre"
BrewDog Wingman Pale Ale,"€ 2,29",Canada,3.58,Ace Brewing Company,5.5%,Pale Ale - American,330ml,"€ 6,94 per litre"
Alster,"€ 2,09",Germany,3.17,Ratsherrn Brauerei,2.5%,Shandy / Radler,330ml,"€ 6,33 per litre"
Gouden Carolus Cuvee Van De Keizer Imperial Dark Blauw,"€ 10,95",Belgium,4.05,Brouwerij Het Anker,11%,Belgian Strong Dark Ale,Bottle 750ml,"€ 14,60 per litre"
Gouden Carolus Cuvee Van De Keizer Rood Imperial Blond Blond,"€ 9,50",Belgium,3.92,Brouwerij Het Anker,10%,Belgian Strong Golden Ale,Bottle 750ml,"€ 12,67 per litre"
Jambe-De-Bois Tripel BIO,"€ 3,35",Belgium,3.56,Brasserie de la Senne,8%,Belgian Tripel,330ml,"€ 10,15 per litre"
Saison De Dottignies,"€ 2,55",Belgium,3.42,Brouwerij De Ranke,5.5%,Farmhouse Ale - Saison,330ml,"€ 7,73 per litre"
"Chouffe 0,4 Blond Alcoholvrij","€ 2,60",Belgium,2.74,Brasserie d'Achouffe,0.4%,Non-Alcoholic - Other,330ml,"€ 7,88 per litre"
Amandula Bourbon BA (Silver Series),"€ 10,49",Estonia,4.33,Pühaste Brewery,13.9%,Stout - Imperial / Double,330ml,"€ 31,79 per litre"
Tårt-Kaggen!,"€ 18,99",Sweden,4.20,Omnipollo,13%,Porter - Imperial / Double,330ml,"€ 57,55 per litre"
Oude Syrah Tilquin à l'Ancienne (2021-2022),"€ 14,99",Belgium,4.18,Gueuzerie Tilquin,8%,Lambic - Fruit,Bottle 750ml,"€ 19,99 per litre"
Vin Santo Sour By Rackhouse,"€ 17,50",Norway,4.01,LERVIG,9.5%,Wild Ale - Other,Bottle 750ml,"€ 19,99 per litre"
Bolt,"€ 4,50",England,3.63,Drop Project,5.4%,Kellerbier / Zwickelbier,Can 440ml,"€ 10,23 per litre"
Pendulum DIPA,"€ 5,45",Sweden,4.13,Apex Brewing Company,8%,IPA - Imperial / Double New England / Hazy,Can 440ml,"€ 12,39 per litre"
The Old Testament DIPA,"€ 5,45",Sweden,4.10,Apex Brewing Company,8%,IPA - Imperial / Double New England / Hazy,Can 440ml,"€ 12,39 per litre"
Heriot IPA,"€ 4,79",Sweden,3.98,Apex Brewing Company,6.5%,IPA - New England / Hazy,Can 440ml,"€ 10,89 per litre"
Development Hell 5,"€ 6,79",England,4.07,Azvex Brewing Company,8%,IPA - Imperial / Double New England / Hazy,Can 440ml,"€ 15,43 per litre"
Cloud Batch #7,"€ 5,95",Netherlands,4.01,White Dog Brewery,7.4%,IPA - New England / Hazy,Can 440ml,"€ 13,52 per litre"
ALL YOUR HOPS ARE BELONG TO US,"€ 5,95",Netherlands,3.94,White Dog Brewery,7.4%,IPA - New England / Hazy,Can 440ml,"€ 13,52 per litre"
Barrel-Aged Narwhal,"€ 7,65",United States,4.18,Sierra Nevada Brewing Co.,11.9%,Stout - Imperial / Double,473ml,"€ 16,17 per litre"
Raspberry Smoothie,"€ 5,59",Norway,4.01,Salikatt Bryggeri,5.5%,Sour - Smoothie / Pastry,Can 440ml,"€ 12,70 per litre"
Step Steadier,"€ 4,75",Ireland,3.86,Whiplash,6.8%,IPA - American,Can 440ml,"€ 10,80 per litre"
California IPA,"€ 2,39",United States,3.47,Sierra Nevada Brewing Co.,4.6%,IPA - Session,355ml,"€ 6,73 per litre"
Switchback,"€ 6,19",Norway,4.13,Salikatt Bryggeri,8%,IPA - Imperial / Double New England / Hazy,Can 440ml,"€ 14,07 per litre"
Lervig Lucky Jack Grapefruit,"€ 3,39",Norway,3.42,LERVIG,4.7%,Pale Ale - Fruited,Can 330ml,"€ 10,27 per litre"
Tales From The Past - Saison,"€ 13,20",England,3.75,Cloudwater Brew Co.,6.3%,Farmhouse Ale - Saison,Bottle 375ml,"€ 35,20 per litre"
Brewing / Hop Hooligans Hive Mind,"€ 6,50",Belgium,3.95,Norm Brewing,7%,IPA - New Zealand,Can 440ml,"€ 14,77 per litre"
Frau Gruber Swift Driftin,"€ 6,95",Germany,3.94,FrauGruber Brewing,7.8%,IPA - Imperial / Double New England / Hazy,Can 440ml,"€ 15,80 per litre"
Frau Gruber / Bevog Bootie Cooler,"€ 6,95",Germany,3.90,FrauGruber Brewing,7.2%,IPA - Other,Can 440ml,"€ 15,80 per litre"
Astral Door,"€ 6,30",Belgium,3.79,Norm Brewing,8%,IPA - Imperial / Double New England / Hazy,Can 440ml,"€ 14,32 per litre"
Kees / Frontaal / Dutch Bargain / Hoppy Brothers Below The Rivers,"€ 4,50",Netherlands,3.55,Brouwerij Kees,6.9%,IPA - American,330ml,"€ 13,64 per litre"
Herkenrode Abbey Cantor,"€ 17,50",Belgium,3.55,Brouwerij Cornelissen,7.5%,Belgian Tripel,Bottle 750ml,"€ 23,33 per litre"
Pinkus Jubilate,"€ 2,99",Germany,3.23,Brauerei Pinkus Müller,5.5%,Lager - Munich Dunkel,500ml,"€ 5,98 per litre"
Flotzinger Cola - Mix,"€ 2,10",Germany,3.54,Flötzinger Bräu,3%,Non-Alcoholic Beer - Shandy / Radler,500ml,"€ 4,20 per litre"
Schofferhofer Kirsche,"€ 2,50",Germany,2.95,Radeberger Gruppe,2.5%,Shandy / Radler,330ml,"€ 7,58 per litre"
Welcome Back,"€ 3,55",Netherlands,3.57,Cockroach Brew,4.5%,Pale Ale - New England / Hazy,330ml,"€ 10,76 per litre"
Armand,"€ 2,50",Belgium,3.56,Ter Dolen,7.1%,Belgian Blonde,330ml,"€ 7,58 per litre"
Geuze Gaasbeek,"€ 11,02",Belgium,3.73,4Pajot,6.5%,Lambic - Gueuze,Bottle 375ml,"€ 29,39 per litre"
Geuze Gaasbeek Magnum,"€ 48,19",Belgium,3.73,4Pajot,6.5%,Lambic - Gueuze,Bottle 1500ml,"€ 32,13 per litre"
Vanilla Noir 2017,"€ 21,59",United States,4.46,Prairie Artisan Ales,11%,Stout - Imperial / Double Oatmeal,350ml,"€ 61,69 per litre"
Sante Adarius Lady in Grey,"€ 29,99",United States,4.31,Sante Adairius Rustic Ales,4.8%,Farmhouse Ale - Grisette,350ml,"€ 61,69 per litre"
Vanilla Noir VINTAGE 2020,"€ 18,69",United States,4.28,Prairie Artisan Ales,13.7%,Stout - Imperial / Double Oatmeal,350ml,"€ 53,40 per litre"
Noir VINTAGE 2017,"€ 19,79",United States,4.24,Prairie Artisan Ales,13.7%,Stout - Imperial / Double Oatmeal,350ml,"€ 56,54 per litre"
Pirate Noir VINTAGE 2017,"€ 18,69",United States,4.23,Prairie Artisan Ales,12%,Stout - Imperial / Double Oatmeal,350ml,"€ 53,40 per litre"
Sante Adairius Farmhouse Noir 2016,"€ 27,99",United States,4.20,Sante Adairius Rustic Ales,7.7%,Farmhouse Ale - Saison,Bottle 750ml,"€ 37,32 per litre"
Prairie / Evil Twin Coolship Truck BATCH 1,"€ 22,09",United States,4.15,Prairie Artisan Ales,7.7%,Sour - Other,Bottle 370ml,"€ 59,70 per litre"
Imperial Doughnut Break VINTAGE 2014,"€ 15,39",United States,4.07,Evil Twin Brewing,11.5%,Porter - Imperial / Double Coffee,Bottle 650ml,"€ 23,68 per litre"
Gamay Fully,"€ 19,79",Switzerland,4.06,Chien Bleu,8.3%,Sour - Fruited,Bottle 750ml,"€ 26,39 per litre"
Festbier '24,"€ 5,40",England,3.70,Verdant Brewing Co,5.5%,Festbier,Can 440ml,"€ 12,27 per litre"
Les Yeux Du Crocodile (canned: 22-08-24),"€ 7,20",France,3.99,Fauve,7%,IPA - New England / Hazy,Can 440ml,"€ 16,36 per litre"
Lamb In A Jam | Blackberry Pineapple Fluff & Coconut,"€ 13,80",United States,4.49,Baa Baa Brewhouse,5.5%,Sour - Fruited Berliner Weisse,Can 473ml,"€ 29,18 per litre"
Smooth Ninja | Guava & Strawberry,"€ 13,80",United States,4.40,Baa Baa Brewhouse,5.6%,Sour - Fruited,Can 473ml,"€ 29,18 per litre"
BA Gavel Slammer Monumental,"€ 22,80",United States,4.32,Hoppin' Frog Brewery,16.5%,Dark Ale,Can 473ml,"€ 48,20 per litre"
Pentuple Heaven Hill BA,"€ 14,40",United States,4.28,Hoppin' Frog Brewery,15.4%,Belgian Tripel,Can 236ml,"€ 61,02 per litre"
Pentuple Brandy BA,"€ 14,40",United States,4.26,Hoppin' Frog Brewery,15.4%,Belgian Tripel,Can 236ml,"€ 61,02 per litre"
Fugitive Merino,"€ 13,20",United States,4.25,Baa Baa Brewhouse,7.8%,IPA - Imperial / Double New England / Hazy,Can 473ml,"€ 27,91 per litre"
Pentuple Red Wine BA,"€ 14,40",United States,4.22,Hoppin' Frog Brewery,15.4%,Belgian Tripel,Can 236ml,"€ 61,02 per litre"
Rêve Coffee Stout,"€ 9,60",United States,4.21,Parish Brewing Co.,6.8%,Stout - Coffee,Bottle 355ml,"€ 27,04 per litre"
Sextuple,"€ 11,10",United States,4.18,Hoppin' Frog Brewery,16.4%,Belgian Strong Dark Ale,Can 236ml,"€ 47,03 per litre"
Ganglamb Style,"€ 12,90",United States,4.18,Baa Baa Brewhouse,7.2%,IPA - New England / Hazy,Can 473ml,"€ 27,27 per litre"
Pentuple Mexican Sotol BA,"€ 14,40",United States,4.17,Hoppin' Frog Brewery,15.4%,Belgian Tripel,Can 236ml,"€ 61,02 per litre"
Pentuple,"€ 11,10",United States,4.01,Hoppin' Frog Brewery,15.1%,Belgian Tripel,Can 236ml,"€ 47,03 per litre"
Lamb Rover 2024,"€ 13,20",United States,4.23,Baa Baa Brewhouse,7.8%,IPA - Imperial / Double New England / Hazy,Can 473ml,"€ 27,91 per litre"
P.O.G Punch,"€ 10,20",Scotland,4.22,Vault City Brewing,8%,Sour - Fruited,Can 440ml,"€ 23,18 per litre"
Holy Goat x Turning Point Wrath Of The Tyrant,"€ 11,40",Scotland,4.07,Holy Goat Brewing,11%,Stout - Imperial / Double,Can 440ml,"€ 25,91 per litre"
Tyler,"€ 8,10",England,4.05,Nothing Bound Brewing Co,6%,IPA - New Zealand,Can 500ml,"€ 16,20 per litre"
Yuzu Crusher,"€ 8,70",Scotland,4.03,Holy Goat Brewing,5.9%,Sour - Fruited,Bottle 375ml,"€ 23,20 per litre"
Singing Stories,"€ 8,10",England,4.00,Nothing Bound Brewing Co,6.2%,IPA - New England / Hazy,Can 500ml,"€ 16,20 per litre"
Overtone x Cloudwater Iron Sky,"€ 10,80",Scotland,3.99,Overtone Brewing Co,10%,IPA - Triple New England / Hazy,Can 440ml,"€ 24,55 per litre"
Astral Door,"€ 5,99",Belgium,3.79,Norm Brewing,8%,IPA - Imperial / Double New England / Hazy,Can 440ml,"€ 13,61 per litre"
Pineapple,"€ 4,99",Poland,3.70,Funky Fluid,4%,Sour - Other,500ml,"€ 9,98 per litre"
FOLK,"€ 4,29",Belgium,3.67,Norm Brewing,6.8%,IPA - New England / Hazy,330ml,"€ 13,00 per litre"
Black Grape Buckie,"€ 11,10",Scotland,4.07,Vault City Brewing,8.3%,Sour - Fruited,Can 440ml,"€ 25,23 per litre"
Fuerst Wiacek Festbier,"€ 2,99",Germany,3.56,FUERST WIACEK,5.5%,Festbier,Can 440ml,"€ 6,80 per litre"
Orca NaPizza Amalfi,"€ 4,29",Germany,3.56,orca brau,5.3%,Pale Ale - Other,330ml,"€ 13,00 per litre"
Pils,"€ 2,49",Germany,3.46,Brauerei Hummel,5%,Pilsner - German,500ml,"€ 4,98 per litre"
Lervig Pillow Talk,"€ 6,79",Norway,3.84,LERVIG,6.6%,IPA - New England / Hazy,330ml,"€ 20,58 per litre"
Närke x Omnipollo Tårt-Kaggen!,"€ 16,95",Sweden,4.20,Omnipollo,13%,Porter - Imperial / Double,330ml,"€ 51,36 per litre"
Vitus,"€ 3,80",Germany,3.84,Bayerische Staatsbrauerei Weihenstephan,7.7%,Bock - Weizenbock,500ml,"€ 7,60 per litre"
"Weihenstephaner | Hefeweissbier | 5,4%","€ 2,95",Germany,3.78,Bayerische Staatsbrauerei Weihenstephan,5.4%,Wheat Beer - Hefeweizen,500ml,"€ 5,90 per litre"
Celebrator,"€ 2,60",Germany,3.76,Ayinger Privatbrauerei,6.7%,Bock - Doppelbock,330ml,"€ 7,88 per litre"
"Weihenstephaner | Hefeweissbier Dunkel | 5,3%","€ 2,95",Germany,3.76,Bayerische Staatsbrauerei Weihenstephan,5.3%,Wheat Beer - Dunkelweizen,500ml,"€ 5,90 per litre"
Aecht Eiche Doppelbock,"€ 4,20",Germany,3.72,"Schlenkerla (""Heller-Bräu"" Trum)",8%,Rauchbier,500ml,"€ 8,40 per litre"
Bräuweisse,"€ 2,70",Germany,3.72,Ayinger Privatbrauerei,5.1%,Wheat Beer - Hefeweizen,500ml,"€ 5,40 per litre"
Franziskaner | Weissbier Naturtrüb | 5%,"€ 3,40",Germany,3.69,Spaten-Franziskaner-Löwenbräu-Gruppe,5%,Wheat Beer - Hefeweizen,500ml,"€ 6,80 per litre"
"Erdinger | Weissbier | 5,3%","€ 2,95",Germany,3.65,Erdinger Weissbräu,5.3%,Wheat Beer - Hefeweizen,500ml,"€ 5,90 per litre"
"Weihenstephaner | Original Helles | 5,1%","€ 2,95",Germany,3.61,Bayerische Staatsbrauerei Weihenstephan,5.1%,Lager - Helles,500ml,"€ 5,90 per litre"
"Rothaus | Hefeweizen | 5,4%","€ 2,70",Germany,3.59,Badische Staatsbrauerei Rothaus,5.4%,Wheat Beer - Hefeweizen,500ml,"€ 5,40 per litre"
Franziskaner | Weissbier Dunkel | 5%,"€ 3,40",Germany,3.59,Spaten-Franziskaner-Löwenbräu-Gruppe,5%,Wheat Beer - Dunkelweizen,500ml,"€ 6,80 per litre"
"Benediktiner | Weissbier | 5,4%","€ 3,30",Germany,3.56,Benediktiner Weissbräu,5.4%,Wheat Beer - Hefeweizen,500ml,"€ 6,60 per litre"
"Ayinger | Kellerbier | 4,9%","€ 2,70",Germany,3.55,Ayinger Privatbrauerei,4.9%,Kellerbier / Zwickelbier,500ml,"€ 5,40 per litre"
Aecht Rauchbier Weizen,"€ 3,20",Germany,3.55,"Schlenkerla (""Heller-Bräu"" Trum)",5.4%,Rauchbier,500ml,"€ 6,40 per litre"
Aecht Rauchbier Märzen,"€ 3,30",Germany,3.48,"Schlenkerla (""Heller-Bräu"" Trum)",5.1%,Rauchbier,500ml,"€ 6,60 per litre"
"Rothaus | Pils | 5,1%","€ 2,70",Germany,3.47,Badische Staatsbrauerei Rothaus,5.1%,Pilsner - German,500ml,"€ 5,40 per litre"
Hell,"€ 3,20",Germany,3.39,Benediktiner Weissbräu,5%,Lager - Helles,500ml,"€ 6,40 per litre"
Troubadour Magma Tango,"€ 2,90",Belgium,3.61,Brouwerij The Musketeers,9%,IPA - Triple,330ml,"€ 8,79 per litre"
2014 Sour,"€ 6,60",Sweden,3.88,Brewski,6%,Sour - Fruited Berliner Weisse,330ml,"€ 20,00 per litre"
Dream Smoojee Raspberry Lemon Passion Smoothie Sour,"€ 6,50",Sweden,3.85,Friends Company,6%,Sour - Fruited Gose,330ml,"€ 19,70 per litre"
Mango Colada Sour,"€ 5,40",Sweden,3.67,Brewski,4%,Sour - Fruited Berliner Weisse,330ml,"€ 16,36 per litre"
Maisel & Friends Hopfenreiter,"€ 3,30",Germany,3.56,Brauerei Gebr. Maisel,5.2%,Pale Ale - American,330ml,"€ 10,00 per litre"
Hummel Kellerbier,"€ 1,90",Germany,3.49,Hummels Brauhaus,5%,Kellerbier / Zwickelbier,500ml,"€ 3,80 per litre"
Mainseidla Original,"€ 2,10",Germany,3.22,Brauhaus Binkert,4.9%,Pilsner - German,500ml,"€ 4,20 per litre"
Lammsbräu Radler,"€ 2,20",Germany,3.17,Neumarkter Lammsbräu,2.5%,Shandy / Radler,330ml,"€ 6,67 per litre"
Polly's (x North) - Parallel Lines - - DIPA,"€ 8,40",England,4.14,North Brewing Co./ Polly's Brew Co.,8.1%,IPA - Imperial / Double,Can 440ml,"€ 19,09 per litre"
Otherworld - Kelpie's Wrath - West Coast DIPA,"€ 6,00",Scotland,3.89,Otherworld Brewing,8.3%,IPA - Imperial / Double,Can 440ml,"€ 13,64 per litre"
Sureshot - Succulent Chinese Meal,"€ 7,20",England,3.85,Sureshot Brewing,6.5%,IPA - New England / Hazy,Can 440ml,"€ 16,36 per litre"
Dr. Raptor V2.0 Imperial IPA Blik SB,"€ 4,40",Netherlands,3.76,Uiltje Brewing Company,9.3%,IPA - Imperial / Double,330ml,"€ 13,33 per litre"
Bräuweisse Hefeweizen,"€ 2,45",Germany,3.72,Ayinger Privatbrauerei,5.1%,Wheat Beer - Hefeweizen,500ml,"€ 4,90 per litre"
Classic Vlaams Rood,"€ 1,80",Belgium,3.45,Brouwerij Rodenbach,5.2%,Sour - Flanders Red Ale,Bottle 250ml,"€ 7,20 per litre"
Puur Biologisch Blond,"€ 1,95",Netherlands,3.33,Bierbrouwerij De Koningshoeven,4.5%,Pale Ale - Belgian,330ml,"€ 5,91 per litre"
Butterscotch Foundry,"€ 6,35",Netherlands,4.04,Moersleutel Craft Brewery,13%,Stout - Imperial / Double Pastry,Can 440ml,"€ 14,43 per litre"
CYCT Flexure,"€ 5,59",Netherlands,3.91,Moersleutel Craft Brewery,8.5%,IPA - Imperial / Double New England / Hazy,Can 440ml,"€ 12,70 per litre"
CYCT Pressure,"€ 5,50",Netherlands,3.82,Moersleutel Craft Brewery,7%,IPA - New England / Hazy,Can 440ml,"€ 12,50 per litre"
C4 American IPA,"€ 6,49",Croatia,3.88,Nova Runda,6.1%,IPA - American,500ml,"€ 12,98 per litre"
BrewDog Jack Hammer Double IPA,"€ 5,89",United States,3.77,Ruggedman Brewing,9.4%,IPA - Imperial / Double,Can 440ml,"€ 13,39 per litre"
Hop Tiger Hazy IPA,"€ 3,69",Scotland,3.74,BrewDog,7.5%,IPA - Imperial / Double New England / Hazy,330ml,"€ 11,18 per litre"
Pale Ale,"€ 4,29",Germany,3.74,Craftcore Brewing,5.5%,Pale Ale - Other,Can 440ml,"€ 9,75 per litre"
Mikkeller Hop Shop Hazy IPA,"€ 4,29",United States,3.66,Modern Times Beer,5%,IPA - Session,330ml,"€ 13,00 per litre"
Ich Bin Raspberry Berliner Weisse,"€ 4,49",Denmark,3.62,Mikkeller,3.7%,Sour - Fruited Berliner Weisse,330ml,"€ 13,61 per litre"
Elevation Pale Ale,"€ 5,49",Ireland,3.58,Wicklow Wolf Brewing Company,4.8%,Pale Ale - American,Can 440ml,"€ 12,48 per litre"
Angry Moose German Style Pilsner,"€ 4,99",Croatia,3.57,Nova Runda,5%,Pilsner - German,500ml,"€ 9,98 per litre"
Hohenthanner Holzhacker Hefe-Weisse Dunkel,"€ 2,19",Germany,3.56,Hohenthanner Schlossbrauerei,5.5%,Wheat Beer - Dunkelweizen,500ml,"€ 4,38 per litre"
Lervig House Party Session IPA,"€ 3,59",Norway,3.51,LERVIG,4%,IPA - Session,330ml,"€ 10,88 per litre"
Hell BIO,"€ 2,29",Germany,3.47,Klosterbrauerei Furth,5%,Lager - Helles,330ml,"€ 6,94 per litre"
Hohenthanner Märzen Festbier,"€ 2,19",Germany,3.42,Hohenthanner Schlossbrauerei,5.6%,Märzen,500ml,"€ 4,38 per litre"
Nittenauer Festbier,"€ 2,19",Germany,3.42,Brauhaus Nittenau,5.7%,Märzen,500ml,"€ 4,38 per litre"
Hohenthanner Tannen Hell,"€ 2,19",Germany,3.41,Hohenthanner Schlossbrauerei,5%,Lager - Helles,330ml,"€ 6,64 per litre"
Hohenthanner Kellerbier Dunkel,"€ 2,19",Germany,3.37,Hohenthanner Schlossbrauerei,5.7%,Kellerbier / Zwickelbier,500ml,"€ 4,38 per litre"
Hohenthanner Kellerbier Hell,"€ 2,06",Germany,3.35,Hohenthanner Schlossbrauerei,5%,Kellerbier / Zwickelbier,500ml,"€ 4,12 per litre"
Hohenthanner Tannen Pils,"€ 2,09",Germany,3.33,Hohenthanner Schlossbrauerei,5%,Pilsner - German,330ml,"€ 6,33 per litre"
Tennent's India Pale Ale,"€ 2,69",Scotland,3.30,Tennent's Caledonian Brewery,6.2%,IPA - English,330ml,"€ 8,15 per litre"
Drink'in In The Sun Non-Alcoholic Wheat Ale,"€ 3,99",Denmark,3.24,Mikkeller,0.3%,Non-Alcoholic - Wheat,330ml,"€ 12,09 per litre"
Tennent's Extra Strong Scottish Lager,"€ 2,69",Scotland,3.18,Tennent's Caledonian Brewery,9%,Lager - Strong,330ml,"€ 8,15 per litre"
Heimathafen Erfurter Schittchen Gewürzbier,"€ 4,19",Germany,3.13,Heimathafen - Erfurter Braumanufaktur,5.7%,Spiced / Herbed Beer,330ml,"€ 12,70 per litre"
Hohenthanner Tannen Hell Alkoholfrei,"€ 2,29",Germany,2.75,Hohenthanner Schlossbrauerei,0.5%,Non-Alcoholic - Lager,500ml,"€ 4,58 per litre"
High Voltage Mountain IPA,"€ 6,99",Croatia,4.03,Nova Runda,6.5%,IPA - American,500ml,"€ 13,98 per litre"
Fruit Expo: Apricot Sour,"€ 6,99",Croatia,3.89,Nova Runda,4.6%,Sour - Fruited,500ml,"€ 13,98 per litre"
Top Manager New England Pale Ale,"€ 6,49",Croatia,3.87,Nova Runda,5.3%,Pale Ale - New England / Hazy,500ml,"€ 12,98 per litre"
Hladovina Session IPA,"€ 6,99",Croatia,3.79,Nova Runda,4.3%,IPA - Session,500ml,"€ 13,98 per litre"
APA American Pale Ale,"€ 5,49",Croatia,3.75,Nova Runda,5.2%,Pale Ale - American,500ml,"€ 10,98 per litre"
Summer Mode Session IPA,"€ 6,99",Croatia,3.74,Nova Runda,4.1%,IPA - Session,500ml,"€ 13,98 per litre"
Fruit Expo: Mint & Lime Sour,"€ 5,99",Croatia,3.73,Nova Runda,4.9%,Sour - Fruited,500ml,"€ 11,98 per litre"
Kasteel Cuvée,"€ 7,95",Belgium,3.81,Kasteel Brouwerij Vanhonsebrouck,11%,Belgian Quadrupel,Bottle 750ml,"€ 10,60 per litre"
Arend Tripel,"€ 2,80",Belgium,3.60,Brouwerij De Ryck,8%,Belgian Tripel,Bottle 750ml,"€ 10,60 per litre"
Kriek,"€ 1,85",Belgium,3.41,Brouwerij Wilderen,25%,Fruit Beer,Bottle 250ml,"€ 7,40 per litre"
Brunehaut Tripel Glutenvrij,"€ 2,90",Belgium,3.32,Brasserie de Brunehaut,8%,Gluten-Free,330ml,"€ 8,79 per litre"
St. Feuillien Grisette Bio Blond,"€ 1,65",Belgium,3.06,Brasserie St-Feuillien,5.5%,Gluten-Free,Bottle 250ml,"€ 6,60 per litre"
Lervig Lucky Jack Gluten Free,"€ 2,41",Norway,3.35,LERVIG,4.7%,Gluten-Free,330ml,"€ 7,30 per litre"
Meyer Hazy IPA,"€ 3,40",Netherlands,3.59,Brouwerij Poesiat & Kater,6.3%,IPA - New England / Hazy,330ml,"€ 10,30 per litre"
Vuurboeter,"€ 3,80",Netherlands,3.80,Bierbrouwerij De Magistraat,12.5%,Barleywine - English,330ml,"€ 11,52 per litre"
My Milkshake Brings All The Boys To The Farm,"€ 4,60",Netherlands,3.73,Dutch Bargain,7%,IPA - Milkshake,330ml,"€ 13,94 per litre"
Texels Stormbock,"€ 10,99",Netherlands,3.65,Texelse Bierbrouwerij,10%,Bock - Doppelbock,Bottle 750ml,"€ 14,65 per litre"
Dikkere Prins #7,"€ 3,70",Netherlands,3.63,Bierbrouwerij De Magistraat,7%,IPA - Cold,330ml,"€ 11,21 per litre"
"Anyone, Anything","€ 5,95",Netherlands,3.61,Brouwerij Poesiat & Kater,5.1%,Sour - Fruited Gose,Can 440ml,"€ 13,52 per litre"
Beerenbock,"€ 3,40",Netherlands,3.40,Hert Bier,7.8%,Bock - Doppelbock,330ml,"€ 10,30 per litre"
The Bock Is The G.O.A.T,"€ 3,95",Netherlands,3.29,Dutch Bargain,8.7%,Bock - Doppelbock,330ml,"€ 11,97 per litre"
Black Tropical Beach,"€ 4,60",Netherlands,3.19,Dutch Bargain,8%,Stout - Other,330ml,"€ 13,94 per litre"
Salzstout Bourbon/Cognac BA (Silver Series),"€ 10,49",Estonia,4.11,Pühaste Brewery,13.5%,Stout - Imperial / Double,330ml,"€ 31,79 per litre"
De Kracht Van Eenvoud,"€ 5,50",Netherlands,3.68,Moersleutel Craft Brewery,7%,Stout - Other,Can 440ml,"€ 12,50 per litre"
Light Brown Spiritus Automn,"€ 9,00",Belgium,3.43,Brasserie Fantôme,6.5%,Farmhouse Ale - Saison,Bottle 750ml,"€ 12,00 per litre"
Magic Goat,"€ 9,00",Belgium,3.73,Brasserie Fantôme,7.5%,Farmhouse Ale - Saison,Bottle 750ml,"€ 12,00 per litre"
Zythologist / Beergium Pablo Pistachio,"€ 8,49",Belgium,4.32,Brasserie Zythologist,11%,Stout - Imperial / Double Milk,Bottle 370ml,"€ 22,95 per litre"
Kasteel Cuvée Du Château,"€ 6,60",Belgium,3.81,Kasteel Brouwerij Vanhonsebrouck,11%,Belgian Quadrupel,Bottle 330ml,"€ 20,00 per litre"
Helles Schlenkerla Lagerbier,"€ 4,20",Germany,3.48,"Schlenkerla (""Heller-Bräu"" Trum)",4.3%,Lager - Helles,Bottle 500ml,"€ 8,40 per litre"
Bourbon BA (Silver Series),"€ 14,40",Estonia,4.34,Pühaste Brewery,14.5%,Porter - Imperial / Double,Bottle 330ml,"€ 43,64 per litre"
Yolk,"€ 10,20",England,4.30,Track Brewing Company,8%,IPA - Imperial / Double New England / Hazy,Can 440ml,"€ 23,18 per litre"
Track x North Park Neighbourhood '24,"€ 13,20",England,4.29,Track Brewing Company,10%,IPA - Triple New England / Hazy,Can 440ml,"€ 30,00 per litre"
Big Parade,"€ 10,20",England,4.25,Beak Brewery,8%,IPA - Imperial / Double New England / Hazy,Can 440ml,"€ 23,18 per litre"
World To Find,"€ 10,20",England,4.21,Track Brewing Company,8%,IPA - Imperial / Double New England / Hazy,Can 440ml,"€ 23,18 per litre"
Creep Show,"€ 9,60",England,4.21,Rivington Brewing Co,8%,IPA - Imperial / Double New England / Hazy,Can 500ml,"€ 19,20 per litre"
Puhaste Aetheria Cognac BA (Silver Series),"€ 14,40",Estonia,4.20,Pühaste Brewery,13.9%,Stout - Imperial / Double,Bottle 330ml,"€ 43,64 per litre"
Fuerst Wiacek x WeldWerks Gold,"€ 12,00",Germany,4.07,FUERST WIACEK,10%,Stout - Imperial / Double Coffee,Can 440ml,"€ 27,27 per litre"
Daemon Engine,"€ 9,30",England,4.05,Azvex Brewing Company,8.2%,IPA - Imperial / Double,Can 440ml,"€ 21,14 per litre"
Tree Octopus,"€ 8,70",England,4.04,Weekend Project,8%,IPA - Imperial / Double New England / Hazy,Can 500ml,"€ 17,40 per litre"
Track x Green Cheek Next Door,"€ 8,20",England,4.02,Track Brewing Company,7%,IPA - American,Can 440ml,"€ 18,64 per litre"
Discodelica,"€ 6,60",Wales,3.98,Polly's Brew Co.,6%,IPA - New England / Hazy,Can 440ml,"€ 15,00 per litre"
Sunspray,"€ 6,80",Wales,3.96,Polly's Brew Co.,6.6%,IPA - New England / Hazy,Can 440ml,"€ 15,45 per litre"
Northern Monk x Two Flints x Pretty Decent Patrons Project 41.04 Ghost On The Highway,"€ 7,20",England,3.96,Northern Monk,6.5%,IPA - New England / Hazy,Can 440ml,"€ 16,36 per litre"
Fuerst Wiacek Whirly Brain,"€ 8,40",Germany,3.94,FUERST WIACEK,8%,IPA - Imperial / Double,Can 440ml,"€ 19,09 per litre"
Fuerst Wiacek x Stigbergets Metz,"€ 7,80",Germany,3.92,FUERST WIACEK/ Stigbergets Bryggeri,6.8%,IPA - New England / Hazy,Can 440ml,"€ 17,73 per litre"
Wander,"€ 5,40",England,3.88,Infinity Brewing Company,5.3%,Stout - Pastry,Can 440ml,"€ 12,27 per litre"
Manor Detail,"€ 6,30",Wales,3.86,Polly's Brew Co.,5.1%,Pale Ale - New England / Hazy,Can 440ml,"€ 14,32 per litre"
Northern Monk x Pipeline Patrons Project 18.07 North Sea Sessions,"€ 6,30",England,3.85,Northern Monk,5%,Pale Ale - New Zealand,Can 440ml,"€ 14,32 per litre"
Razzle Dazzle,"€ 6,50",Wales,3.84,Polly's Brew Co.,5.6%,Pale Ale - New England / Hazy,Can 440ml,"€ 14,77 per litre"
Buenos Días,"€ 7,50",Poland,3.81,Funky Fluid,6.5%,IPA - Fruited,Can 500ml,"€ 15,00 per litre"
Donzoko x Fell Brewery Eston California,"€ 6,00",Scotland,3.81,Donzoko Brewing Company,4.8%,Bitter - Session / Ordinary,Can 500ml,"€ 12,00 per litre"
Mango Lassi Heathen,"€ 7,50",England,3.80,Northern Monk,7.2%,IPA - Fruited,Can 440ml,"€ 17,05 per litre"
Mango Lassi Heathen | Passion Fruit & Lime,"€ 7,50",England,3.79,Northern Monk,7.2%,IPA - Fruited,Can 440ml,"€ 17,05 per litre"
Northern Monk x Bereta Patrons Project 47.01 Barbarian Hermit,"€ 7,70",England,3.76,Northern Monk,7.5%,IPA - Black / Cascadian Dark Ale,Can 440ml,"€ 17,50 per litre"
Big Foam Nelson,"€ 6,90",Scotland,3.74,Donzoko Brewing Company,5%,Lager - Pale,Can 500ml,"€ 13,80 per litre"
Donzoko x Newbarns Tyninghame,"€ 6,00",Scotland,3.74,Donzoko Brewing Company,4.8%,Pilsner - Other,Can 500ml,"€ 12,00 per litre"
Tectonic,"€ 5,20",England,3.72,Infinity Brewing Company,4.6%,Pale Ale - New England / Hazy,Can 440ml,"€ 11,82 per litre"
Scottish Export,"€ 5,60",Scotland,3.72,Simple Things Fermentations,5.5%,Scottish Export Ale,Can 440ml,"€ 12,73 per litre"
Ice Cream Van Classics | Screwball,"€ 5,30",England,3.72,Northern Monk,4.5%,Pale Ale - Milkshake,Can 440ml,"€ 12,05 per litre"
Italo,"€ 6,50",Poland,3.68,Funky Fluid,4.4%,Pale Ale - New England / Hazy,Can 500ml,"€ 13,00 per litre"
Whānau,"€ 6,30",England,3.68,Rivington Brewing Co,4.5%,Pilsner - New Zealand,Can 500ml,"€ 12,60 per litre"
US Pale,"€ 5,70",Scotland,3.65,Simple Things Fermentations,4.8%,Pale Ale - American,Can 440ml,"€ 12,95 per litre"
NZ Super Pils,"€ 6,50",Scotland,3.63,Donzoko Brewing Company,5%,Pilsner - New Zealand,Can 500ml,"€ 13,00 per litre"
The Feeler Sunrise,"€ 6,40",Wales,3.63,Polly's Brew Co.,4.8%,Sour - Fruited,Can 440ml,"€ 14,55 per litre"
Big Ideas Peated Pale,"€ 5,30",Scotland,3.54,Simple Things Fermentations,5.6%,Smoked Beer,Can 440ml,"€ 12,05 per litre"
"Mango, Pineapple, Passion Fruit Vanilla Ice Cream X Vault City","€ 9,40",Scotland,4.29,Vault City Brewing,8.4%,Sour - Smoothie / Pastry,Can 440ml,"€ 21,36 per litre"
Barricade,"€ 7,20",Scotland,4.09,Overtone Brewing Co,8%,IPA - Imperial / Double New England / Hazy,Can 440ml,"€ 16,36 per litre"
Imperial Doughnut Break VINTAGE 2015,"€ 17,09",United States,4.07,Evil Twin Brewing,11.5%,Porter - Imperial / Double Coffee,Bottle 650ml,"€ 26,29 per litre"
Imperial Doughnut Break VINTAGE 2016,"€ 13,99",United States,4.07,Evil Twin Brewing,11.5%,Porter - Imperial / Double Coffee,Bottle 650ml,"€ 21,52 per litre"
ODE Aan Boer & Brouwer,"€ 3,70",Netherlands,3.57,ODE Bier,5.4%,Pale Ale - Other,330ml,"€ 11,21 per litre"
Iris (2024),"€ 22,95",Belgium,4.25,Brasserie Cantillon,6.5%,Lambic - Traditional,Bottle 750ml,"€ 30,60 per litre"
Cuvée Saint-Gilloise 2024,"€ 19,95",Belgium,4.14,Brasserie Cantillon,5.5%,Lambic - Traditional,Bottle 750ml,"€ 30,60 per litre"
Comme un Nouveau Soleil (canned: 14-08-24),"€ 7,20",France,4.17,Fauve,8.2%,IPA - Imperial / Double New England / Hazy,Can 440ml,"€ 16,36 per litre"
Hit The Silk (bbf: 08-25),"€ 7,45",Brazil,4.14,Spartacus Brewing,9%,IPA - Triple New England / Hazy,Can 440ml,"€ 16,93 per litre"
The Old Testament DIPA (bbf: 22-07-25),"€ 6,30",Sweden,4.10,Apex Brewing Company,8%,IPA - Imperial / Double New England / Hazy,Can 440ml,"€ 14,32 per litre"
Memento Mori (bbf: 08-25),"€ 7,30",Brazil,4.09,Spartacus Brewing,8.5%,IPA - Imperial / Double New England / Hazy,Can 440ml,"€ 16,59 per litre"
Heriot IPA (bbf: 16-07-25),"€ 5,60",Sweden,3.98,Apex Brewing Company,6.5%,IPA - New England / Hazy,Can 440ml,"€ 12,73 per litre"
Scoop: Blueberry Cheesecake (canned: 08-08-24),"€ 9,10",England,4.54,Azvex Brewing Company,6%,Sour - Smoothie / Pastry,Can 440ml,"€ 20,68 per litre"
Pendulum DIPA (bbf: 16-07-25),"€ 6,25",Sweden,4.13,Apex Brewing Company,8%,IPA - Imperial / Double New England / Hazy,Can 440ml,"€ 14,20 per litre"
Development Hell 5 (canned: 31-7-24),"€ 7,99",England,4.07,Azvex Brewing Company,8%,IPA - Imperial / Double New England / Hazy,Can 440ml,"€ 18,16 per litre"
Beam Cannon (canned: 25-7-24),"€ 6,99",England,4.05,Azvex Brewing Company,7%,IPA - New England / Hazy,Can 440ml,"€ 15,89 per litre"
Wereshark (canned: 24-07-24),"€ 6,90",England,3.95,Azvex Brewing Company,6.8%,IPA - New England / Hazy,Can 440ml,"€ 15,68 per litre"
Hydrostatic Equilibrium (canned: 17-07-24),"€ 6,25",England,3.88,Azvex Brewing Company,5.2%,IPA - New England / Hazy,Can 440ml,"€ 14,20 per litre"
Maman (2024),"€ 62,89",United States,4.46,Perennial Artisan Ales,13.1%,Stout - Imperial / Double,Bottle 750ml,"€ 83,85 per litre"
Triple Snorkel Squad,"€ 9,99",United States,4.34,Hop Butcher For The World,10.5%,IPA - Triple New England / Hazy,473ml,"€ 21,12 per litre"
Thrice the Daily Serving: Tropical Punch (Freaky Friday Edition),"€ 10,60",United States,4.32,The Veil Brewing Co.,8%,Sour - Fruited Berliner Weisse,473ml,"€ 22,41 per litre"
Dreamwave Fluctuation,"€ 8,49",United States,4.25,Equilibrium Brewery,8.1%,IPA - Imperial / Double,473ml,"€ 17,95 per litre"
Swells,"€ 8,99",United States,4.22,Outer Range Brewing Co.,10.5%,IPA - Triple New England / Hazy,Can 440ml,"€ 20,43 per litre"
Bitrate Fluctuation- Batch 2,"€ 8,49",United States,4.20,Equilibrium Brewery,8.5%,IPA - Imperial / Double,473ml,"€ 17,95 per litre"
Space Station Dream Lab,"€ 8,49",United States,4.19,Equilibrium Brewery,8.5%,IPA - Imperial / Double,473ml,"€ 17,95 per litre"
S Curve,"€ 9,35",United States,4.07,Hop Butcher For The World,7.5%,IPA - Imperial / Double New England / Hazy,473ml,"€ 19,77 per litre"
Strata Nebula,"€ 8,49",United States,3.99,Equilibrium Brewery,8.5%,IPA - Imperial / Double,473ml,"€ 17,95 per litre"
Wit Tripel (Cinq Cents),"€ 9,00",Belgium,3.73,Bières de Chimay,8%,Belgian Tripel,Bottle 750ml,"€ 12,00 per litre"
Bistro Cabana – Pineapple & Coconut,"€ 9,35",United States,4.29,Energy City Brewing,6.5%,Sour - Fruited Berliner Weisse,473ml,"€ 19,77 per litre"
Return To the Moon,"€ 9,20",United States,4.28,District 96 Beer Factory,8%,IPA - Imperial / Double New England / Hazy,473ml,"€ 19,45 per litre"
War On the Media,"€ 9,20",United States,4.28,District 96 Beer Factory,8%,IPA - Imperial / Double New England / Hazy,473ml,"€ 19,45 per litre"
Unsolicited Ballot,"€ 9,20",United States,4.27,District 96 Beer Factory,8%,IPA - Imperial / Double New England / Hazy,473ml,"€ 19,45 per litre"
Bistro Raspberry Crumble,"€ 9,35",United States,4.25,Energy City Brewing,6%,Sour - Fruited Berliner Weisse,473ml,"€ 19,77 per litre"
Hills Have Eyes,"€ 9,79",England,4.15,Rivington Brewing Co,8%,IPA - Imperial / Double New England / Hazy,500ml,"€ 19,58 per litre"
Whirley Brain (2024),"€ 6,99",Germany,4.08,FUERST WIACEK,8%,IPA - Imperial / Double New England / Hazy,Can 440ml,"€ 15,89 per litre"
Six One Nine,"€ 7,49",Germany,3.91,Sudden Death Brewing Co.,5.1%,Sour - Fruited,Can 440ml,"€ 17,02 per litre"
Zestoria,"€ 6,29",Spain,3.83,Garage Beer Co.,6.6%,IPA - American,Can 440ml,"€ 14,30 per litre"
Lite,"€ 2,79",Spain,3.10,Basqueland Brewing,3.5%,Lager - American Light,330ml,"€ 8,45 per litre"
Gueuzerie Tilquin - Quetsche à l'Ancienne,"€ 13,50",Belgium,4.17,Gueuzerie Tilquin,6.4%,Lambic - Fruit,330ml,"€ 8,45 per litre"
Oude Geuze,"€ 9,50",Belgium,4.06,Brouwerij 3 Fonteinen,6%,Lambic - Gueuze,Bottle 375ml,"€ 25,33 per litre"
Malle Bikkel,"€ 3,49",Netherlands,3.61,Brouwerij Rotjoch,8%,Belgian Tripel,330ml,"€ 10,58 per litre"
Blonde Snol Zwaar Blond,"€ 3,79",Netherlands,3.58,Dorpsbrouwerij de Pimpelmeesch,8.5%,Belgian Tripel,330ml,"€ 11,48 per litre"
Tripel Aap,"€ 3,69",Netherlands,3.56,Guilty Monkey Brewery,9.5%,Belgian Tripel,330ml,"€ 11,18 per litre"
Fruit & Kruid,"€ 3,29",Netherlands,3.44,Brouwerij de Molen,6.2%,Belgian Blonde,330ml,"€ 9,97 per litre"
Grombaard,"€ 3,19",Netherlands,3.43,Tesselaar Familiebrouwerij Diks,5%,Belgian Blonde,330ml,"€ 9,67 per litre"
IPA,"€ 2,40",United States,3.75,Stone Brewing,6.9%,IPA - American,Can 355ml,"€ 6,76 per litre"
Coconut,"€ 2,35",Belgium,3.10,Mongozo,3.6%,Fruit Beer,330ml,"€ 7,12 per litre"
Mosaic Gluten Free,"€ 6,30",England,3.63,Arbor Ales,4%,Gluten-Free,Can 568ml,"€ 11,09 per litre"
Daytime Hourglass,"€ 5,00",England,3.55,Track Brewing Company,3.2%,Bitter - Session / Ordinary,Can 440ml,"€ 11,36 per litre"
5 Fruit Gose,"€ 3,80",Scotland,3.38,BRULO,3.2%,Non-Alcoholic - Sour,Can 330ml,"€ 11,52 per litre"
Weird Weather NA,"€ 4,40",Denmark,3.31,Mikkeller,0.5%,Non-Alcoholic - IPA,Can 330ml,"€ 13,33 per litre"
Helles Lager,"€ 5,80",England,3.25,Arbor Ales,4.2%,Lager - Helles,Can 568ml,"€ 10,21 per litre"
Drinkin In The Sun,"€ 3,50",Denmark,3.24,Mikkeller,0.3%,Non-Alcoholic - Wheat,Can 330ml,"€ 10,61 per litre"
No Worries,"€ 2,30",Norway,3.19,LERVIG,0.5%,Non-Alcoholic - IPA,Can 330ml,"€ 6,97 per litre"
Highway To Hell,"€ 3,80",Scotland,3.14,BRULO,0.5%,Non-Alcoholic - Lager,Can 330ml,"€ 11,52 per litre"
Kandy Hop,"€ 5,40",Scotland,3.79,Overtone Brewing Co,4.5%,Pale Ale - American,Can 440ml,"€ 12,27 per litre"
Une Etoile Au Point Du Jour,"€ 18,01",France,4.02,Fauve,11%,Barleywine - English,Bottle 750ml,"€ 24,01 per litre"
Abrighost 2018,"€ 199,99",Belgium,4.46,Bokke,6%,Lambic - Fruit,Bottle 750ml,"€ 24,01 per litre"
La Trappe Epos,"€ 2,05",Netherlands,3.18,Bierbrouwerij De Koningshoeven,6%,Non-Alcoholic - Pale Ale,330ml,"€ 6,21 per litre"
The Piggy Brewing Maya,"€ 4,80",France,3.82,The Piggy Brewing Company,6%,IPA - New England / Hazy,Can 440ml,"€ 10,91 per litre"
Vandestreek Funhouse,"€ 2,90",Netherlands,3.35,vandeStreek bier,6%,Bock - Hell / Maibock / Lentebock,330ml,"€ 8,79 per litre"
Hazy Non(netje),"€ 3,50",Netherlands,3.18,Jopen,0.5%,Non-Alcoholic - IPA,330ml,"€ 10,61 per litre"
IJbräu,"€ 3,50",Netherlands,3.48,Brouwerij 't IJ,6.5%,Wheat Beer - Dunkelweizen,330ml,"€ 10,61 per litre"
"Vault City / Overtone - Mango, Pineapple, Passion Fruit Vanilla Ice Cream","€ 11,10",Scotland,4.29,Vault City Brewing,8.5%,Sour - Smoothie / Pastry,Can 440ml,"€ 25,23 per litre"
"Triple Fruited Gose: Blueberry, Blackberry, Redcurrant","€ 6,90",England,3.73,North Brewing Co.,4.5%,Sour - Fruited Gose,Can 440ml,"€ 15,68 per litre"
Strange Latitudes,"€ 5,80",England,3.59,Mash Gang,0.5%,Non-Alcoholic - IPA,Can 440ml,"€ 13,18 per litre"
Ojo Rojo,"€ 7,89",Sweden,3.86,Stigbergets Bryggeri,7%,Sour - Fruited,Can 440ml,"€ 17,93 per litre"
Sverige Oberoende Bryggerier,"€ 4,99",Sweden,3.79,Stigbergets Bryggeri,6.3%,IPA - New England / Hazy,Can 440ml,"€ 11,34 per litre"
My My Hay Hay,"€ 4,99",Sweden,3.50,Stigbergets Bryggeri,5%,Blonde / Golden Ale - English,Can 440ml,"€ 11,34 per litre"
Adriaen Brouwer Tripel,"€ 2,75",Belgium,3.58,Brouwerij Roman,9%,Belgian Tripel,Can 440ml,"€ 11,34 per litre"
Quantum PX Imperial stout,"€ 10,45",Romania,4.17,Blackout Brewing,12%,Stout - Imperial / Double,330ml,"€ 31,67 per litre"
Ridgeback,"€ 4,20",Netherlands,3.80,Brouwerij Frontaal,10%,Barleywine - American,330ml,"€ 12,73 per litre"
The Last Private On The Western Front Imperial Stout,"€ 7,95",Spain,4.06,La Pirata Brewing,15%,Stout - Imperial / Double,330ml,"€ 24,09 per litre"
Schuppenboer Tripel – Jack of Spades Boann Whisky barrel aged,"€ 5,05",Belgium,3.77,Brouwerij Het Nest,9%,Belgian Tripel,330ml,"€ 15,30 per litre"
Cigalo Baltic Porter Coffee Infused – PX Barrel Aged,"€ 7,60",Spain,3.46,La Pirata Brewing,10%,Porter - Imperial / Double Baltic,330ml,"€ 23,03 per litre"
Evolution #007,"€ 3,71",Czech Republic,3.64,Sibeeria,5.4%,Pale Ale - Other,Can 500ml,"€ 7,42 per litre"
Ivy,"€ 25,50",United States,4.10,de Garde Brewing,6%,Wild Ale - American,Bottle 750ml,"€ 34,00 per litre"
Oude Geuze,"€ 6,40",Belgium,4.06,Brouwerij 3 Fonteinen,5.3%,Lambic - Gueuze,Bottle 375ml,"€ 17,07 per litre"
Gouden Carolus Cuvée van de Keizer Imperial Dark,"€ 8,50",Belgium,4.05,Brouwerij Het Anker,11%,Belgian Strong Dark Ale,Bottle 750ml,"€ 11,33 per litre"
Winterbinkske Grand Cru 2023,"€ 10,50",Belgium,3.97,Brouwerij Kerkom,13%,Belgian Strong Dark Ale,Bottle 750ml,"€ 14,00 per litre"
Straffe Hendrik Quadrupel,"€ 2,40",Belgium,3.89,Brouwerij De Halve Maan,11%,Belgian Quadrupel,330ml,"€ 7,27 per litre"
Moriau Oude Geuze,"€ 3,50",Belgium,3.81,Brouwerij Boon,7%,Lambic - Gueuze,Bottle 375ml,"€ 9,33 per litre"
Avec Les Bons Vœux,"€ 2,90",Belgium,3.80,Brasserie Dupont,9.5%,Farmhouse Ale - Saison,Bottle 375ml,"€ 7,73 per litre"
SchuppenBoer Tripel Whisky Barrel Aged,"€ 9,00",Belgium,3.77,Brouwerij Het Nest,8%,Belgian Tripel,Bottle 750ml,"€ 12,00 per litre"
ZeeZuiper Tripel,"€ 2,05",Belgium,3.66,Scheldebrouwerij,8%,Belgian Tripel,330ml,"€ 6,21 per litre"
St-Barbara Salvatoris,"€ 2,20",Belgium,3.58,Brouwerij Kompel,8.5%,Belgian Strong Golden Ale,330ml,"€ 6,67 per litre"
Tête De Mort Triple,"€ 2,65",Belgium,3.55,Brasserie du Bocq,8.1%,Belgian Tripel,330ml,"€ 8,03 per litre"
Vlaamsche Leeuw Tripel,"€ 2,30",Belgium,3.50,De Brouwerij van Vlaanderen,8.5%,Belgian Tripel,330ml,"€ 6,97 per litre"
Cardeña Tripel,"€ 3,50",Spain,3.49,Monasterio San Pedro de Cardeña,7%,Belgian Tripel,330ml,"€ 10,61 per litre"
Herkenrode Cister,"€ 1,95",Belgium,3.41,Brouwerij Cornelissen,6.5%,Belgian Blonde,330ml,"€ 5,91 per litre"
Klootzakske,"€ 2,20",Belgium,3.39,Klootzakske,7.5%,Belgian Tripel,330ml,"€ 6,67 per litre"
Horendol Oaked Tripel,"€ 2,10",Belgium,3.37,Local Taste / Angus Bier,7%,Belgian Dubbel,330ml,"€ 6,36 per litre"
Rust Barrel Aged Wild Blond Ale 2023,"€ 8,45",Netherlands,3.58,Nevel Wild Ales,6%,Wild Ale - Other,Bottle 375ml,"€ 22,53 per litre"
Levensgenieter Joyful NEIPA,"€ 4,10",Netherlands,3.57,KOMPAAN Dutch Craft Beer Company,4.5%,IPA - New England / Hazy,Can 330ml,"€ 12,42 per litre"
Kadodo Tripel,"€ 9,15",Netherlands,3.56,Bird Brewery,8%,Belgian Tripel,Bottle 750ml,"€ 12,20 per litre"
Peach Silhouette,"€ 8,90",United States,4.29,Hudson Valley Brewery,5%,IPA - Sour,473ml,"€ 18,82 per litre"
White,"€ 4,10",United States,3.75,Allagash Brewing Company,5.2%,Wheat Beer - Witbier / Blanche,355ml,"€ 11,55 per litre"
White,"€ 4,10",United States,3.75,Allagash Brewing Company,5.2%,Wheat Beer - Witbier / Blanche,355ml,"€ 11,55 per litre"
Fuerst Wiacek Stereo DDH IPA,"€ 6,99",Germany,4.02,FUERST WIACEK,6.8%,IPA - New England / Hazy,Can 440ml,"€ 15,89 per litre"
Fuerst Wiacek Raving Pils Hoppy Lager (New Batch 24),"€ 3,99",Germany,3.62,FUERST WIACEK,5%,Pilsner - Other,Can 440ml,"€ 9,07 per litre"
Fuerst Wiacek Festbier Lager (),"€ 3,19",Germany,3.56,FUERST WIACEK,5.5%,Festbier,Can 440ml,"€ 7,25 per litre"
BA Imperial Stout Jack Daniels Makers Mark,"€ 8,99",Netherlands,3.94,Two Chefs Brewing,11.3%,Stout - Imperial / Double,330ml,"€ 27,24 per litre"
Pangaea DH Wild Ale,"€ 12,99",Denmark,3.90,Observatoriet,6.4%,Wild Ale - Other,Bottle 375ml,"€ 34,64 per litre"
Pollux DH Wild Ale,"€ 12,99",Denmark,3.89,Observatoriet,6.5%,Wild Ale - Other,Bottle 375ml,"€ 34,64 per litre"
Oberon DH Wild Ale,"€ 12,99",Denmark,3.87,Observatoriet,6.5%,Wild Ale - Other,Bottle 375ml,"€ 34,64 per litre"
Pave Old Brown Wild Ale,"€ 12,99",Denmark,3.75,Observatoriet,7%,Wild Ale - Other,Bottle 375ml,"€ 34,64 per litre"
Reservoir Wild Lager,"€ 12,99",Denmark,3.74,Observatoriet,5%,Wild Ale - Other,Bottle 375ml,"€ 34,64 per litre"
"Repertoire Wild Lager 0,375","€ 12,99",Denmark,3.61,Observatoriet,5%,Wild Ale - Other,Bottle 375ml,"€ 34,64 per litre"
Tail Slider Yuzu Citrus IPA,"€ 5,29",Netherlands,3.55,Two Chefs Brewing,6.5%,IPA - Fruited,330ml,"€ 16,03 per litre"
Squeezy Breezy Yuzu Citrus Sour,"€ 5,29",Netherlands,3.53,Two Chefs Brewing,6.2%,Sour - Other,330ml,"€ 16,03 per litre"
Superfreunde Pils,"€ 3,19",Germany,3.33,SUPERFREUNDE,4.8%,Pilsner - German,330ml,"€ 9,67 per litre"
Tastes like… – Strata Single HOP IPA,"€ 3,45",Germany,3.86,orca brau,6.8%,IPA - American,330ml,"€ 10,45 per litre"
Whirly Brain,"€ 4,49",Germany,3.94,FUERST WIACEK,8%,IPA - Imperial / Double,Can 440ml,"€ 10,20 per litre"
Lush Blossom Punch,"€ 6,49",Germany,4.20,Sudden Death Brewing Co.,5%,Sour - Smoothie / Pastry,Can 440ml,"€ 14,75 per litre"
Lode of Gold,"€ 7,49",Germany,4.05,Sudden Death Brewing Co.,7.7%,IPA - Imperial / Double New England / Hazy,Can 440ml,"€ 17,02 per litre"
Polymers Are Forever,"€ 4,49",Germany,3.98,FUERST WIACEK,6.8%,IPA - New England / Hazy,Can 440ml,"€ 10,20 per litre"
Grindhouse Movie Night,"€ 5,49",Germany,3.82,Sudden Death Brewing Co.,7%,IPA - American,Can 440ml,"€ 12,48 per litre"
Kanelbullar,"€ 51,90",United States,4.35,Trillium Brewing Company,14.4%,Stout - Imperial / Double,500ml,"€ 103,80 per litre"
Nonna's Cookies,"€ 48,50",United States,4.32,Trillium Brewing Company,14.8%,Stout - Imperial / Double,500ml,"€ 97,00 per litre"
Babylon,"€ 9,10",United States,4.25,Hudson Valley Brewery,7%,IPA - Sour,473ml,"€ 19,24 per litre"
Theta,"€ 9,60",United States,3.91,Hudson Valley Brewery,7%,IPA - New England / Hazy,473ml,"€ 20,30 per litre"
Boerenerf Riesling 2023,"€ 23,25",Belgium,4.11,Het Boerenerf Eylenbosch,8.1%,Lambic - Other,Bottle 750ml,"€ 31,00 per litre"
Boerenerf Gewürztraminer 2023,"€ 23,25",Belgium,4.04,Het Boerenerf Eylenbosch,8.7%,Lambic - Fruit,Bottle 750ml,"€ 31,00 per litre"
DDH Fort Point,"€ 10,30",United States,4.40,Trillium Brewing Company,6.6%,Pale Ale - New England / Hazy,473ml,"€ 21,78 per litre"
Fort Point,"€ 9,90",United States,4.21,Trillium Brewing Company,6.6%,Pale Ale - American,473ml,"€ 20,93 per litre"
Olmsted,"€ 10,90",United States,4.08,Trillium Brewing Company,7%,IPA - New England / Hazy,473ml,"€ 23,04 per litre"
Great Warrior,"€ 3,30",Slovakia,3.45,Nilio Brewery,0.5%,Non-Alcoholic - IPA,330ml,"€ 10,00 per litre"
Give me Shelter,"€ 5,49",Germany,4.00,Sudden Death Brewing Co.,7%,IPA - New England / Hazy,330ml,"€ 10,00 per litre"
Dodendans,"€ 5,49",Germany,3.98,Sudden Death Brewing Co.,7.2%,IPA - Rye,Can 440ml,"€ 12,48 per litre"
Mucha Mora Mocha (Project Barista 24),"€ 6,40",England,4.06,Siren Craft Brew,9%,Stout - Imperial / Double Coffee,Can 440ml,"€ 14,55 per litre"
Viva Patron (Project Barista 24),"€ 5,60",England,3.79,Siren Craft Brew,8%,Dark Ale,Can 440ml,"€ 12,73 per litre"
Stomping Grounds (Project Barista 24),"€ 5,10",England,3.66,Siren Craft Brew,6.3%,Red Ale - Other,Can 440ml,"€ 11,59 per litre"
Dry Bones (Project Barista 24),"€ 5,40",England,3.63,Siren Craft Brew,6.6%,IPA - Brut,Can 440ml,"€ 12,27 per litre"
Black Potion,"€ 5,49",Netherlands,3.81,Brouwerij Kees,13.8%,Stout - Pastry,330ml,"€ 16,64 per litre"
All the Single Hops Centennial – New England IPA,"€ 6,25",Germany,3.85,FUERST WIACEK,6.8%,IPA - New England / Hazy,Can 440ml,"€ 14,20 per litre"
La Trappe Tripel,"€ 2,95",Netherlands,3.75,Bierbrouwerij De Koningshoeven,8%,Belgian Tripel,330ml,"€ 8,94 per litre"
Duvel,"€ 2,95",Belgium,3.72,Duvel Moortgat,8.5%,Belgian Strong Golden Ale,330ml,"€ 8,94 per litre"
LeFort Tripel,"€ 3,20",Belgium,3.72,Omer Vander Ghinste,8.8%,Belgian Tripel,330ml,"€ 9,70 per litre"
Fourchette,"€ 3,25",Belgium,3.68,Brouwerij Van Steenberge,7.5%,Belgian Tripel,330ml,"€ 9,85 per litre"
Tripel,"€ 3,50",Netherlands,3.62,De Brouwkamer,8%,Belgian Tripel,330ml,"€ 10,61 per litre"
"Duvel 6,66%","€ 2,95",Belgium,3.61,Duvel Moortgat,6.66%,Belgian Blonde,330ml,"€ 8,94 per litre"
Bobby Love Neipa,"€ 3,50",Netherlands,3.55,Big Belly Brewing Company,5.5%,IPA - New England / Hazy,330ml,"€ 10,61 per litre"
t Mirakel Het Verlangen,"€ 3,50",Netherlands,3.42,'t Mirakel,5.4%,Wheat Beer - Hefeweizen,330ml,"€ 10,61 per litre"
Lervig No Worries Grapefruit,"€ 2,75",Norway,3.25,LERVIG,0.5%,Non-Alcoholic - IPA,330ml,"€ 8,33 per litre"
HertenHeer,"€ 3,25",Belgium,3.24,Brouwerij Het Nest,4.8%,Belgian Blonde,330ml,"€ 9,85 per litre"
Duvel Tripel Hop Citra,"€ 3,75",Belgium,3.68,Duvel Moortgat,9.5%,IPA - Belgian,330ml,"€ 11,36 per litre"
Snake Venom,"€ 95,00",Scotland,2.91,Brewmeister Brewery,67.5%,Other,330ml,"€ 287,88 per litre"
Double Cup,"€ 7,99",United States,4.14,Common Roots Brewing Company,14%,Stout - Imperial / Double Coffee,473ml,"€ 16,89 per litre"
Braupakt,"€ 2,49",Germany,3.67,Bayerische Staatsbrauerei Weihenstephan/ Sierra Nevada Brewing Co.,6%,Wheat Beer - Hefeweizen,330ml,"€ 7,55 per litre"
Haunted Quad,"€ 10,99",Canada,4.31,Third Moon Brewing Company,11.9%,IPA - Quadruple,473ml,"€ 23,23 per litre"
Triple Nightwalk,"€ 10,60",Canada,4.30,Third Moon Brewing Company,10.5%,IPA - Triple New England / Hazy,473ml,"€ 22,41 per litre"
One Hunna : Nectaron,"€ 9,59",Canada,4.27,Messorem,8.2%,IPA - Imperial / Double New England / Hazy,473ml,"€ 20,27 per litre"
Ces Épaves XTRM TURBO,"€ 9,59",Canada,4.26,Messorem,8.5%,IPA - Imperial / Double,473ml,"€ 20,27 per litre"
Incursion (Ghost Incursion),"€ 8,90",United States,4.13,Adroit Theory,10%,IPA - Triple New England / Hazy,473ml,"€ 18,82 per litre"
IX [De-Evolution Edition] (Ghost DE-EVOLUTION),"€ 8,30",United States,4.13,Adroit Theory,8.5%,IPA - Imperial / Double New England / Hazy,473ml,"€ 17,55 per litre"
Evangelion XVII. Tabris (Ghost TABRIS),"€ 8,90",United States,4.12,Adroit Theory,10.5%,IPA - Triple New England / Hazy,473ml,"€ 18,82 per litre"
Conjoined (Ghost CONJOINED),"€ 8,90",United States,4.05,Adroit Theory,8%,IPA - Imperial / Double New England / Hazy,473ml,"€ 18,82 per litre"
Temporalis #0020,"€ 9,99",Canada,4.34,Messorem,10.1%,IPA - Triple New England / Hazy,473ml,"€ 21,12 per litre"
Quadranormal,"€ 9,99",Canada,4.31,Messorem,11.9%,IPA - Quadruple,473ml,"€ 21,12 per litre"
Pineapple,"€ 4,29",Poland,3.70,Funky Fluid,4%,Sour - Other,500ml,"€ 8,58 per litre"
Shake It! Mango / Passionfuit / Pineapple,"€ 5,29",Poland,3.53,Funky Fluid,6%,Fruit Beer,500ml,"€ 10,58 per litre"
Shark Pants (2023),"€ 6,10",Belgium,3.69,De Struise Brouwers,9%,IPA - Belgian,330ml,"€ 18,48 per litre"
Roulette Hop Series: HBC 1019,"€ 3,29",Estonia,3.88,Pühaste Brewery,6.9%,IPA - New England / Hazy,330ml,"€ 9,97 per litre"
Fringe Pattern,"€ 3,49",Estonia,3.77,Pühaste Brewery,8%,IPA - Imperial / Double,330ml,"€ 10,58 per litre"
Gelato: Szarlotka,"€ 6,01",Poland,4.09,Funky Fluid,5.5%,Sour - Smoothie / Pastry,500ml,"€ 12,02 per litre"
Organic Geuze Natur-Elle,"€ 13,25",Belgium,4.04,Lambiek Fabriek,5.5%,Lambic - Gueuze,Bottle 750ml,"€ 17,67 per litre"
Barrel Project 2022 Vino Naranja,"€ 4,79",Netherlands,4.01,Brouwerij Kees,11.3%,Barleywine - Other,30000ml,"€ 0,16 per litre"
Vipère,"€ 4,27",Belgium,3.70,La Source Beer Co.,5.6%,IPA - Sour,330ml,"€ 12,94 per litre"
Bottle Brew  3,"€ 19,95",Netherlands,4.14,Brouwerij Kees,14.8%,Barleywine - American,Bottle 750ml,"€ 26,60 per litre"
Barrel Project Midnight Black,"€ 5,35",Netherlands,4.01,Brouwerij Kees,14.9%,Stout - Russian Imperial,330ml,"€ 16,21 per litre"
Kees / Bravoure Fate Loves the Fearless,"€ 5,27",Netherlands,3.91,Brouwerij Kees,14.8%,Barleywine - American,330ml,"€ 15,97 per litre"
Kees / Mad Scientist Black Potion,"€ 5,07",Netherlands,3.81,Brouwerij Kees,13.8%,Stout - Pastry,330ml,"€ 15,36 per litre"
Tesselaar Dukdalf,"€ 3,60",Netherlands,3.69,Tesselaar Familiebrouwerij Diks,10%,Belgian Quadrupel,330ml,"€ 10,91 per litre"
Kriek 37.5cl,"€ 5,50",Belgium,3.57,Brouwerij Lindemans,3.5%,Lambic - Kriek,Bottle 375ml,"€ 14,67 per litre"
Texels Stormbock,"€ 3,25",Netherlands,3.65,Texelse Bierbrouwerij,10%,Bock - Doppelbock,300ml,"€ 10,83 per litre"
Questeerder,"€ 2,95",Netherlands,3.62,Bierbrouwerij De Magistraat,9%,Belgian Strong Golden Ale,330ml,"€ 8,94 per litre"
De Molen Water & Vuur NEIPA,"€ 2,95",Netherlands,3.58,Brouwerij de Molen,6%,IPA - New England / Hazy,330ml,"€ 8,94 per litre"
Double IPA,"€ 3,95",Ireland,3.56,O'Hara's Brewery,7.5%,IPA - Imperial / Double,Can 440ml,"€ 8,98 per litre"
Wipers Times Blond (14),"€ 2,35",Belgium,3.52,Brouwerij Kazematten,6.2%,Belgian Blonde,330ml,"€ 7,12 per litre"
Awesome Autumn Rum Bock,"€ 3,70",Netherlands,3.46,Brouwerij Hoop,6.9%,Bock - Single / Traditional,330ml,"€ 11,21 per litre"
Slobberbok,"€ 3,50",Netherlands,3.36,Brouwerij Klein Duimpje,7.5%,Bock - Single / Traditional,330ml,"€ 10,61 per litre"
Brunehaut Triple Organic,"€ 3,50",Belgium,3.32,Brasserie de Brunehaut,8%,Gluten-Free,330ml,"€ 10,61 per litre"
Gijle Bock,"€ 2,95",Belgium,3.24,Brouwerij Broeder Jacob,6.6%,Bock - Single / Traditional,330ml,"€ 8,94 per litre"
Pijże,"€ 3,40",Poland,3.83,Browar Nepomucen/ Weźże Krafta,5.2%,Pale Ale - New England / Hazy,Bottle 500ml,"€ 6,80 per litre"
Oude Schaarbeekse Kriek Schar-Elle,"€ 10,87",Belgium,4.07,Lambiek Fabriek,6.2%,Lambic - Kriek,Bottle 750ml,"€ 14,49 per litre"
HORAL Oude Geuze Megablend 2021,"€ 14,76",Belgium,4.03,Brewery John Martin & Brewery Timmermans/ Brouwerij Boon/ Brouwerij De Troch/ Brouwerij Lindemans/ + 6 breweries,7%,Lambic - Gueuze,Bottle 750ml,"€ 19,68 per litre"
HORAL Oude Geuze Megablend 2022,"€ 12,29",Belgium,3.94,Brouwerij Boon,7%,Lambic - Gueuze,Bottle 750ml,"€ 16,39 per litre"
Fontan-Elle Young & Wild,"€ 8,65",Belgium,3.94,Lambiek Fabriek,5.5%,Lambic - Traditional,Bottle 750ml,"€ 11,53 per litre"
Oude Gueuze,"€ 5,12",Belgium,3.68,Brouwerij De Troch,5.5%,Lambic - Gueuze,Bottle 750ml,"€ 6,83 per litre"
Parade,"€ 6,80",England,3.97,Beak Brewery,6%,IPA - New England / Hazy,Can 440ml,"€ 15,45 per litre"
Double Impala,"€ 7,49",Finland,4.06,Factory Brewing,8%,IPA - Imperial / Double New England / Hazy,Can 440ml,"€ 17,02 per litre"
Baladin Agrumata Limonade,"€ 1,99",Italy,3.25,BIRRIFICIO AGRICOLO BALADIN - Baladin Indipendente Italian Farm Brewery,5%,Blonde / Golden Ale - Other,200ml,"€ 9,95 per litre"
Zuiderzee Bier Bruisend Blond,"€ 3,50",Netherlands,3.46,Zuiderzeebier,6%,Belgian Blonde,330ml,"€ 10,61 per litre"
Branding Ipa,"€ 3,50",Netherlands,3.45,Zuiderzeebier,6%,IPA - Other,330ml,"€ 10,61 per litre"
Zuider Zee Bier Diepzee Dubbel,"€ 3,70",Netherlands,3.27,Zuiderzeebier,8.7%,Belgian Dubbel,330ml,"€ 11,21 per litre"
Cryo Overture,"€ 6,99",Netherlands,4.09,Folkingebrew,10%,IPA - Triple New England / Hazy,Can 440ml,"€ 15,89 per litre"
Temporality,"€ 6,49",France,3.83,Prizm Brewing Co.,7%,IPA - New England / Hazy,Can 440ml,"€ 14,75 per litre"
Pure Drinking Beer,"€ 6,29",France,3.77,Prizm Brewing Co.,5.7%,IPA - New England / Hazy,Can 440ml,"€ 14,30 per litre"
Saint Roch,"€ 3,79",France,3.59,Vendale,9%,Belgian Tripel,330ml,"€ 11,48 per litre"
L'Espla,"€ 3,49",France,3.46,Vendale,5%,Wheat Beer - Witbier / Blanche,330ml,"€ 10,58 per litre"
La Com,"€ 3,49",France,3.42,Vendale,5%,Lager - American,330ml,"€ 10,58 per litre"
Crabbies Raspberry,"€ 4,00",Scotland,3.38,John Crabbie & Co,4%,Hard Ginger Beer,330ml,"€ 12,12 per litre"
De la Senne Petit Boulba,"€ 2,57",Belgium,3.46,Brasserie de la Senne,2.8%,Table Beer,330ml,"€ 7,79 per litre"
CYCT Flexure,"€ 7,40",Netherlands,3.91,Moersleutel Craft Brewery,8.5%,IPA - Imperial / Double New England / Hazy,Can 440ml,"€ 16,82 per litre"
CYCT Pressure,"€ 6,90",Netherlands,3.82,Moersleutel Craft Brewery,7%,IPA - New England / Hazy,Can 440ml,"€ 15,68 per litre"
IJbräu,"€ 3,10",Netherlands,3.48,Brouwerij 't IJ,6.5%,Wheat Beer - Dunkelweizen,330ml,"€ 9,39 per litre"
Last 10 Seconds,"€ 3,99",Netherlands,3.59,Cockroach Brew,7%,IPA - American,330ml,"€ 12,09 per litre"
Old Crow,"€ 5,99",Wales,3.59,Gwynt y Ddraig,7%,Cider - Traditional / Apfelwein,330ml,"€ 12,09 per litre"
Real Strawberry,"€ 3,99",Scotland,3.54,Thistly Cross Cider,4%,Cider - Other Fruit,330ml,"€ 12,09 per litre"
Black Dragon,"€ 5,99",Wales,3.54,Gwynt y Ddraig,7.2%,Cider - Traditional / Apfelwein,330ml,"€ 12,09 per litre"
Struise Dirty Horse 2018,"€ 4,97",Belgium,3.91,De Struise Brouwers,7%,Lambic - Kriek,330ml,"€ 15,06 per litre"
Foreign Legion 2023 - Seline Sentinelle,"€ 5,00",Netherlands,3.74,KOMPAAN Dutch Craft Beer Company,9.3%,Brown Ale - Imperial / Double,330ml,"€ 15,15 per litre"
Foreign Legion 2023 - Giorgy Ironneck,"€ 5,00",Netherlands,3.73,KOMPAAN Dutch Craft Beer Company,10.2%,Porter - Imperial / Double,330ml,"€ 15,15 per litre"
Foreign Legion 2023 - Serge Sentinelle,"€ 5,00",Netherlands,3.65,KOMPAAN Dutch Craft Beer Company,9.3%,Brown Ale - Imperial / Double,330ml,"€ 15,15 per litre"
Foreign Legion 2023 - Sasha Smokeheart,"€ 5,00",Netherlands,3.62,KOMPAAN Dutch Craft Beer Company,10.2%,Porter - Imperial / Double,330ml,"€ 15,15 per litre"
Foreign Legion 2023 - Nancy Napalm,"€ 5,00",Netherlands,3.58,KOMPAAN Dutch Craft Beer Company,9%,Red Ale - Imperial / Double,330ml,"€ 15,15 per litre"
Sand Diver,"€ 4,50",Netherlands,3.39,De Kromme Haring,4%,Sour - Traditional Gose,330ml,"€ 13,64 per litre"
FLOC Warm Shade,"€ 4,70",England,3.73,Floc.,3.8%,Pale Ale - New England / Hazy,Can 440ml,"€ 10,68 per litre"
Saison maison #2,"€ 8,00",France,3.93,Brasserie La Malpolon,7%,Farmhouse Ale - Saison,Bottle 750ml,"€ 10,67 per litre"
Grisette #1,"€ 7,70",France,3.81,Brasserie La Malpolon,4.5%,Farmhouse Ale - Grisette,Bottle 750ml,"€ 10,27 per litre"
Boerenerf Alsacien,"€ 14,99",Belgium,4.23,Het Boerenerf Eylenbosch,7%,Lambic - Kriek,Bottle 750ml,"€ 19,99 per litre"
Boerenerf Oude Gueuze 2023 Cuvée Heritage,"€ 17,11",Belgium,4.08,Het Boerenerf Eylenbosch,7%,Lambic - Gueuze,Bottle 750ml,"€ 22,81 per litre"
Idea Machine,"€ 5,90",England,3.86,Siren Craft Brew,6.5%,IPA - New England / Hazy,Can 440ml,"€ 13,41 per litre"
Grande Réserve (Blue),"€ 2,95",Belgium,3.90,Bières de Chimay,9%,Belgian Strong Dark Ale,330ml,"€ 8,94 per litre"
Cinq Cents (White),"€ 2,95",Belgium,3.73,Bières de Chimay,8%,Belgian Tripel,330ml,"€ 8,94 per litre"
Funky Kiwi 2024,"€ 5,75",Netherlands,3.71,Rock City Brewing,5.5%,IPA - New England / Hazy,Can 440ml,"€ 13,07 per litre"
Achelse Kluis Blond,"€ 3,25",Belgium,3.67,Brouwerij der Sint-Benedictusabdij De Achelse Kluis,8%,Belgian Tripel,330ml,"€ 9,85 per litre"
Smul Bock,"€ 3,75",Netherlands,3.61,Rock City Brewing,9%,Bock - Doppelbock,330ml,"€ 11,36 per litre"
Duvel Tripel Hop Cashmere,"€ 3,50",Belgium,3.61,Duvel Moortgat,9.5%,IPA - Belgian,330ml,"€ 10,61 per litre"
La Corne Blond,"€ 3,25",Belgium,3.36,Brasserie des Légendes,5.9%,Belgian Blonde,330ml,"€ 9,85 per litre"
Louder Than Bombs,"€ 6,00",England,3.83,Pentrich Brewing Co.,4.5%,Pale Ale - American,Can 440ml,"€ 13,64 per litre"
Atelier Vrai Servebot,"€ 6,79",Germany,3.95,Atelier der Braukünste,6.7%,IPA - New England / Hazy,Can 440ml,"€ 15,43 per litre"
Blond,"€ 3,75",Netherlands,3.33,Brouwerij De Drie Ringen,5%,Kölsch,330ml,"€ 11,36 per litre"
Wit,"€ 3,50",Netherlands,?,Brouwerij De Drie Ringen,5%,Wheat Beer - Other,330ml,"€ 11,36 per litre"
Extra Orbital,"€ 8,79",Spain,4.02,Basqueland Brewing,8%,IPA - Imperial / Double New England / Hazy,Can 440ml,"€ 19,98 per litre"
Knockout,"€ 7,99",Spain,3.87,Basqueland Brewing,6.3%,IPA - New England / Hazy,Can 440ml,"€ 18,16 per litre"
Mucho Mucho Mango,"€ 8,79",Spain,3.85,Basqueland Brewing,6.8%,Sour - Fruited,Can 440ml,"€ 19,98 per litre"
Big Sur,"€ 7,89",Spain,3.80,Basqueland Brewing,6.3%,IPA - American,Can 440ml,"€ 17,93 per litre"
Strawberry Lemonade,"€ 7,49",Spain,3.74,Basqueland Brewing,6%,Sour - Fruited,Can 440ml,"€ 17,02 per litre"
Fuzzy Greens,"€ 5,40",Denmark,3.98,Bad Seed Brewing,8%,IPA - Imperial / Double New England / Hazy,Can 440ml,"€ 12,27 per litre"
Fuzz Buzz,"€ 5,10",Denmark,3.85,Bad Seed Brewing,6%,IPA - New England / Hazy,Can 440ml,"€ 11,59 per litre"
Ghoul,"€ 5,40",Denmark,3.80,Bad Seed Brewing,8%,IPA - Imperial / Double,Can 440ml,"€ 12,27 per litre"
Police Disco Lights,"€ 4,60",Denmark,3.80,Bad Seed Brewing,5%,IPA - Session,Can 440ml,"€ 10,45 per litre"
Veggie,"€ 5,20",Romania,3.67,Clandestin Beer,5.7%,IPA - New England / Hazy,500ml,"€ 10,40 per litre"
Tropic & Phantasm,"€ 4,10",Netherlands,3.17,Brouwerij de Molen,7.5%,IPA - New England / Hazy,330ml,"€ 12,42 per litre"
Twin Cities: Mosaic & Motueka,"€ 6,20",England,3.91,Left Handed Giant Brewing,5.2%,Gluten-Free,Can 440ml,"€ 14,09 per litre"
Social Drink,"€ 2,70",Romania,3.31,Bereta Brewing Co.,4.9%,Lager - Helles,Can 440ml,"€ 6,14 per litre"
Delirium Red,"€ 4,80",Belgium,3.58,Delirium - Huyghe Brewery,8.5%,Fruit Beer,330ml,"€ 14,55 per litre"
Peel,"€ 4,10",England,3.42,Orbit Beers,4.9%,Pale Ale - Belgian,Bottle 330ml,"€ 12,42 per litre"
Nico,"€ 3,80",England,3.41,Orbit Beers,4.8%,Kölsch,Bottle 330ml,"€ 11,52 per litre"
Ansbacher: Festbier,"€ 5,10",England,3.65,Anspach & Hobday,5.8%,Festbier,Can 440ml,"€ 11,59 per litre"
Augustijn Grand Cru,"€ 2,00",Belgium,3.60,Brouwerij Van Steenberge,9%,Belgian Tripel,Can 440ml,"€ 11,59 per litre"
Maisel's Weisse,"€ 2,25",Germany,3.60,Brauerei Gebr. Maisel,5.1%,Wheat Beer - Hefeweizen,500ml,"€ 4,50 per litre"
Boerenerf Pescharina Perzik,"€ 14,46",Belgium,4.18,Het Boerenerf Eylenbosch,7%,Lambic - Fruit,Bottle 750ml,"€ 19,28 per litre"
Dappersveld Bruut,"€ 29,80",Belgium,4.07,Woestijn Dappersveld,12%,Lambic - Fruit,Bottle 750ml,"€ 39,73 per litre"
Taymans Saison-Lambic,"€ 4,03",Belgium,3.36,Brasserie TAYMANS Brouwerij,6.2%,Farmhouse Ale - Saison,330ml,"€ 12,21 per litre"
Maiden (2023) 11th Anniversary,"€ 16,40",England,4.17,Siren Craft Brew,10%,Barleywine - English,Bottle 375ml,"€ 43,73 per litre"
Hazy Little Thing,"€ 4,00",United States,3.78,Sierra Nevada Brewing Co.,6.7%,IPA - New England / Hazy,Can 355ml,"€ 11,27 per litre"
Hazy Jane Guava,"€ 3,30",Scotland,3.71,BrewDog,5%,IPA - Milkshake,Can 330ml,"€ 10,00 per litre"
Elvis Juice,"€ 3,90",Scotland,3.69,BrewDog,6.5%,IPA - Fruited,Bottle 330ml,"€ 11,82 per litre"
Hazy Jane,"€ 3,50",Scotland,3.67,BrewDog,5%,IPA - New England / Hazy,Bottle 330ml,"€ 10,61 per litre"
Hazy Jane,"€ 6,20",Scotland,3.67,BrewDog,5%,IPA - New England / Hazy,Bottle 660ml,"€ 9,39 per litre"
Suspended in New Zealand,"€ 5,90",England,3.64,Siren Craft Brew,4%,Pale Ale - New Zealand,Can 440ml,"€ 13,41 per litre"
Mr. President,"€ 6,60",Scotland,3.62,BrewDog,9.2%,IPA - Imperial / Double,Can 440ml,"€ 15,00 per litre"
Times Eleven 11th Anniversary,"€ 6,20",England,3.60,Siren Craft Brew,5.2%,Lager - Helles,Can 440ml,"€ 14,09 per litre"
Fuzzy,"€ 14,40",England,3.73,Cloudwater Brew Co.,4.2%,Pale Ale - New England / Hazy,4-pack,"Total price: € 14,40"
Lamme Jan,"€ 3,75",Netherlands,3.53,Brouwerij Het Platte Harnas,9%,Belgian Tripel,330ml,"€ 11,36 per litre"
Rock City Stonecold 2024,"€ 5,75",United States,3.85,Shadow Puppet Brewing Company,7%,IPA - Cold,Can 440ml,"€ 13,07 per litre"
Kõ Vagár - Fruit Sour Ale Chardonnay BA,"€ 6,00",Portugal,3.86,Barona Brewing Company,4%,Sour - Fruited,Bottle 375ml,"€ 16,00 per litre"
Lusitania Express,"€ 4,00",Spain,3.83,Invisible Brewery,7%,Stout - Other,330ml,"€ 12,12 per litre"
Bulgarian Affair,"€ 4,90",Portugal,3.80,Barona Brewing Company,11.2%,Stout - Imperial / Double,330ml,"€ 14,85 per litre"
Capote,"€ 4,00",Portugal,3.66,Barona Brewing Company,4.6%,Stout - Irish Dry,330ml,"€ 12,12 per litre"
Kölscha De Pepino - Cucumber Kolsch,"€ 3,80",Portugal,3.65,Barona Brewing Company,5%,Kölsch,330ml,"€ 11,52 per litre"
Botanic Bubbles,"€ 4,50",Portugal,3.56,Fermentage,5%,Farmhouse Ale - Saison,Bottle 375ml,"€ 12,00 per litre"
Foraging Elderflower,"€ 3,50",Portugal,3.55,Fermentage,4.5%,Pilsner - Other,Bottle 375ml,"€ 9,33 per litre"
CYCT Flexure,"€ 6,99",Netherlands,3.91,Moersleutel Craft Brewery,8.5%,IPA - Imperial / Double New England / Hazy,Can 440ml,"€ 15,89 per litre"
CYCT Pressure,"€ 6,29",Netherlands,3.82,Moersleutel Craft Brewery,7%,IPA - New England / Hazy,Can 440ml,"€ 14,30 per litre"
Hop Thing,"€ 5,49",Netherlands,3.70,Brouwerij Kees,7%,IPA - Other,Can 440ml,"€ 12,48 per litre"
De Kracht Van Eenvoud,"€ 6,49",Netherlands,3.68,Moersleutel Craft Brewery,7%,Stout - Other,Can 440ml,"€ 14,75 per litre"
Weihenstephaner Braupakt Blonde Ale,"€ 2,29",Germany,3.65,Bayerische Staatsbrauerei Weihenstephan,6.5%,Blonde / Golden Ale - Other,330ml,"€ 6,94 per litre"
Eastern Triangle,"€ 5,29",Netherlands,3.59,Brouwerij Kees,6.2%,IPA - American,Can 440ml,"€ 12,02 per litre"
Freya,"€ 3,49",Netherlands,3.39,Walhalla Brouwerij & Proeflokaal,5.3%,Wheat Beer - Witbier / Blanche,330ml,"€ 10,58 per litre"
v,"€ 15,15",Belgium,3.72,Duvel Moortgat,8.5%,Belgian Strong Golden Ale,330ml,"€ 10,58 per litre"
Zomerdijk  Florien,"€ 15,15",Belgium,3.72,Moersleutel,8.5%,Belgian Strong Golden Ale,Bottle 375ml,"€ 40,40 per litre"
Zomerdijk Vic,"€ 15,15",,,Moersleutel,,,Bottle 375ml,"€ 40,40 per litre"
The Piggy Brewing Shorba,"€ 3,45",France,3.58,The Piggy Brewing Company,4.2%,Sour - Fruited,Can 330ml,"€ 10,45 per litre"
Val-Dieu Fruitée,"€ 2,60",Belgium,3.31,Brasserie de l'Abbaye du Val-Dieu,8%,Fruit Beer,330ml,"€ 7,88 per litre"
Kop & Schotel  BA Export Porter,"€ 6,95",Netherlands,3.87,Brouwerij de Molen,10.7%,Porter - Other,330ml,"€ 21,06 per litre"
Fruitful Haze – Smoothie IPA,"€ 5,45",Netherlands,3.14,Brouwerij Kees,4.9%,IPA - Fruited,Can 440ml,"€ 12,39 per litre"
Torsion NEDIPA,"€ 6,40",Netherlands,3.85,Moersleutel Craft Brewery,8%,IPA - New England / Hazy,Can 440ml,"€ 14,55 per litre"
Rotation – NEIPA,"€ 6,40",Netherlands,3.83,Moersleutel Craft Brewery,6.5%,IPA - New England / Hazy,Can 440ml,"€ 14,55 per litre"
Wheat Dreams,"€ 5,60",Netherlands,3.46,Brouwerij Kees,5.2%,Wheat Beer - Hopfenweisse,Can 440ml,"€ 12,73 per litre"
L'Or Noir Tripel,"€ 2,30",Belgium,3.60,Brouwerij Kompel,8.2%,Belgian Tripel,330ml,"€ 6,97 per litre"
Low Tide,"€ 8,60",Finland,4.07,Factory Brewing,8%,IPA - Imperial / Double New England / Hazy,Can 440ml,"€ 19,55 per litre"
IPA,"€ 3,19",Netherlands,3.37,Trots Rotterdams Bier,6.5%,IPA - American,330ml,"€ 9,67 per litre"
Naughty & Nice Chocolate Stout,"€ 5,30",England,3.81,Vocation Brewery,5.9%,Stout - Milk / Sweet,Can 440ml,"€ 12,05 per litre"
Toucan Tropic IPA,"€ 5,10",England,3.73,Vocation Brewery,6.7%,IPA - American,Can 440ml,"€ 11,59 per litre"
Space Hopera Pale Ale,"€ 5,30",England,3.68,Original Stormtrooper Beer,6.6%,Pale Ale - New England / Hazy,330ml,"€ 16,06 per litre"
Galactic Pale Ale,"€ 4,60",England,3.45,Original Stormtrooper Beer/ Vocation Brewery,4.8%,Pale Ale - American,330ml,"€ 13,94 per litre"
Portuguese Grape Ale: Alvarinho,"€ 10,08",Portugal,4.12,Wildery Brutal Blends,12%,Grape Ale - Other,Bottle 375ml,"€ 26,88 per litre"
Blended Sour Ale: Annona Muricata,"€ 9,60",Portugal,3.92,Wildery Brutal Blends,5%,Wild Ale - Other,Bottle 375ml,"€ 25,60 per litre"
Long Player IPA,"€ 6,29",Germany,3.99,FrauGruber Brewing,6.5%,IPA - New England / Hazy,Can 440ml,"€ 14,30 per litre"
Fuerst Wiacek Color Television DDH IPA ( 24),"€ 6,99",Germany,3.94,FUERST WIACEK,6.8%,IPA - New England / Hazy,Can 440ml,"€ 15,89 per litre"
Swift Driftin Imperial IPA,"€ 6,49",Germany,3.94,FrauGruber Brewing,7.8%,IPA - Imperial / Double New England / Hazy,Can 440ml,"€ 14,75 per litre"
Second Hand Emotion DIPA,"€ 6,49",Germany,3.93,FrauGruber Brewing,8%,IPA - Imperial / Double New England / Hazy,Can 440ml,"€ 14,75 per litre"
Strawberry Banana Cream Pastry Sour,"€ 6,99",Germany,3.78,FrauGruber Brewing,6.2%,Sour - Smoothie / Pastry,Can 440ml,"€ 15,89 per litre"
Crowded Room Kellerbier,"€ 4,29",Germany,3.70,FrauGruber Brewing,5.2%,Kellerbier / Zwickelbier,Can 440ml,"€ 9,75 per litre"
Siren Expressions: Citra DDH IPA,"€ 5,99",England,3.66,Siren Craft Brew,5.2%,IPA - American,Can 440ml,"€ 13,61 per litre"
Siren Huntington California IPA,"€ 5,99",England,3.65,Siren Craft Brew,6.2%,IPA - American,Can 440ml,"€ 13,61 per litre"
Bindlestiff IPA,"€ 2,99",Germany,3.56,Vagabund Brauerei,6.2%,IPA - American,330ml,"€ 9,06 per litre"
Fuerst Wiacek Berliner Landbier,"€ 2,99",Germany,3.44,FUERST WIACEK/ Lost and Grounded Brewers,5%,Lager - Helles,Can 440ml,"€ 6,80 per litre"
Weizenbock,"€ 3,19",Germany,3.37,Privatbrauerei Sander,6.8%,Bock - Weizenbock,330ml,"€ 9,67 per litre"
Hauptstadt Helles,"€ 2,79",Germany,3.36,Vagabund Brauerei,4.9%,Lager - Helles,330ml,"€ 8,45 per litre"
BRLO x St. Kilian Barrel Aged Scotch Ale,"€ 4,99",Germany,?,BRLO,5%,Festbier,330ml,"€ 15,12 per litre"
Fresh ‘n Fast – Summerstorm Backyard BBQ IPL,"€ 5,90",Netherlands,3.52,Uiltje Brewing Company,5.5%,Lager - IPL (India Pale Lager),Can 440ml,"€ 13,41 per litre"
Holiday Horror Stories – Jasmine & Lime Session Ale,"€ 3,90",Netherlands,3.29,Uiltje Brewing Company,4.2%,Pale Ale - Fruited,Can 330ml,"€ 11,82 per litre"
5 Autels Brut Jean Rene,"€ 9,95",Netherlands,3.29,,4.2%,Pale Ale - Fruited,Bottle 750ml,"€ 13,27 per litre"
Orval,"€ 3,59",Belgium,3.68,Brasserie d'Orval,6.2%,Pale Ale - Belgian,330ml,"€ 10,88 per litre"
Wywar Nealko,"€ 4,46",Slovakia,2.84,Holíčsky pivovar Wywar,0.5%,Non-Alcoholic - Other,Bottle 750ml,"€ 5,95 per litre"
House Lager,"€ 9,95",United States,3.32,Thee Tree House,4.9%,Lager - American Light,Bottle 750ml,"€ 5,95 per litre"
Achelse Kluis Bruin,"€ 3,25",Belgium,3.71,Brouwerij der Sint-Benedictusabdij De Achelse Kluis,8%,Belgian Dubbel,330ml,"€ 9,85 per litre"
Katuiner Saison,"€ 3,50",Netherlands,3.37,Brouwerij Katuin,6.5%,Farmhouse Ale - Saison,330ml,"€ 10,61 per litre"
Roadie Blond,"€ 2,95",Netherlands,3.32,Rock City Brewing,5%,Belgian Blonde,330ml,"€ 8,94 per litre"
Katuiner Blond,"€ 3,50",Netherlands,3.28,Brouwerij Katuin,4.8%,Blonde / Golden Ale - Other,330ml,"€ 10,61 per litre"
Roadie Wit,"€ 2,95",Netherlands,2.99,Rock City Brewing,4.5%,Wheat Beer - Witbier / Blanche,330ml,"€ 8,94 per litre"
Zuidwester,"€ 3,25",Netherlands,3.48,Dutch Bargain,8.5%,Belgian Tripel,330ml,"€ 9,85 per litre"
Vrijwit,"€ 2,75",Netherlands,3.08,Brouwerij 't IJ,0.5%,Non-Alcoholic - Wheat,330ml,"€ 8,33 per litre"
Tarot Noir,"€ 2,79",Belgium,3.55,Brouwerij Lindemans,8%,Fruit Beer,330ml,"€ 8,33 per litre"
Premium Kriek,"€ 1,99",Belgium,3.50,Kasteel Brouwerij Vanhonsebrouck,3.2%,Lambic - Kriek,Bottle 250ml,"€ 7,96 per litre"
Comfy Cozy,"€ 15,95",United States,4.19,Tree House Brewing Company,9.2%,Porter - Baltic,Bottle 250ml,"€ 7,96 per litre"
Big Suits (cd 22 feb '24),"€ 7,49",United States,4.15,Toppling Goliath Brewing Co.,9.8%,IPA - Triple,Bottle 250ml,"€ 7,96 per litre"
Little Blaze,"€ 12,95",United States,3.93,Tree House Brewing Company,7%,Stout - Milk / Sweet,Bottle 250ml,"€ 7,96 per litre"
Mucha Mora Mocha (Project Barista 24),"€ 6,50",England,4.06,Siren Craft Brew,9%,Stout - Imperial / Double Coffee,Can 440ml,"€ 14,77 per litre"
Fruity Bomb S'mores,"€ 5,50",Poland,3.99,COYPU,7%,Sour - Smoothie / Pastry,500ml,"€ 11,00 per litre"
Idea Machine,"€ 6,20",England,3.86,Siren Craft Brew,6.5%,IPA - New England / Hazy,Can 440ml,"€ 14,09 per litre"
Juju,"€ 6,10",Poland,3.83,COYPU,7.5%,IPA - Black / Cascadian Dark Ale,500ml,"€ 12,20 per litre"
Viva Patron (Project Barista 24),"€ 5,90",England,3.79,Siren Craft Brew,8%,Dark Ale,Can 440ml,"€ 13,41 per litre"
Dry Bones (Project Barista 24),"€ 5,60",England,3.63,Siren Craft Brew,6.6%,IPA - Brut,Can 440ml,"€ 12,73 per litre"
Son of a Gun,"€ 6,99",Norway,4.26,Salikatt Bryggeri,12%,IPA - Quadruple,Can 440ml,"€ 15,89 per litre"
French Whiskey BA Sleep No More,"€ 10,49",Romania,4.23,Blackout Brewing,11%,Stout - Imperial / Double Coffee,330ml,"€ 31,79 per litre"
Switchback,"€ 5,79",Norway,4.13,Salikatt Bryggeri,8%,IPA - Imperial / Double New England / Hazy,Can 440ml,"€ 13,16 per litre"
Jungle Factory,"€ 5,99",Norway,4.11,Salikatt Bryggeri,8%,IPA - Imperial / Double New England / Hazy,Can 440ml,"€ 13,61 per litre"
ROTT.swirl,"€ 4,29",Netherlands,4.02,ROTT. Brouwers,10.5%,Stout - Imperial / Double Pastry,330ml,"€ 13,00 per litre"
Wereshark,"€ 5,99",England,3.95,Azvex Brewing Company,6.8%,IPA - New England / Hazy,Can 440ml,"€ 13,61 per litre"
Welcome Back,"€ 3,99",Netherlands,3.57,Cockroach Brew,4.5%,Pale Ale - New England / Hazy,330ml,"€ 12,09 per litre"
Kutbier (Blond met Perzik),"€ 3,99",Netherlands,3.36,Brouwerij Boegbeeld,6.3%,Belgian Blonde,330ml,"€ 12,09 per litre"
Schelde Strandgaper,"€ 3,25",Belgium,3.48,Scheldebrouwerij,6.2%,Blonde / Golden Ale - Other,330ml,"€ 9,85 per litre"
Pohjala Pime Oo,"€ 4,99",Estonia,4.07,Põhjala,13.6%,Stout - Imperial / Double,330ml,"€ 15,12 per litre"
Draught Pint,"€ 2,99",Ireland,3.77,Guinness,4.2%,Stout - Irish Dry,500ml,"€ 5,98 per litre"
Pauwel Kwak,"€ 2,45",Belgium,3.76,Brouwerij Bosteels,8.4%,Pale Ale - Belgian,330ml,"€ 7,42 per litre"
Pohjala Must Kuld Porter,"€ 3,30",Estonia,3.76,Põhjala,7.8%,Porter - Other,330ml,"€ 10,00 per litre"
Special Export,"€ 3,45",Ireland,3.51,Guinness,8%,Stout - Foreign / Export,330ml,"€ 10,45 per litre"
Brunehaut Blond,"€ 2,55",Belgium,3.16,Brasserie de Brunehaut,6.5%,Gluten-Free,330ml,"€ 7,73 per litre"
Pressed: Stroopwafel,"€ 7,79",United States,4.19,Phase Three Brewing,12%,Porter - Imperial / Double Coffee,Can 470ml,"€ 16,57 per litre"
Jackie O's / Crooked Stave The Ties That Bind,"€ 9,50",United States,4.18,Crooked Stave Artisan Beer Project/ Jackie O's Brewery,5.5%,Wild Ale - American,500ml,"€ 19,00 per litre"
Evil Twin / Westbrook Imperial Mexican Biscotti Cake Break - VINTAGE 2017,"€ 10,79",United States,4.17,Evil Twin Brewing/ Westbrook Brewing Co.,10.4%,Stout - Imperial / Double,Bottle 650ml,"€ 16,60 per litre"
Het Boerenerf Gueuze 2023-1,"€ 8,39",Belgium,4.08,Het Boerenerf Eylenbosch,7%,Lambic - Gueuze,Bottle 370ml,"€ 22,68 per litre"
Bigger Doink,"€ 5,84",Denmark,4.04,Gamma Brewing Company,10%,IPA - Triple New England / Hazy,Can 440ml,"€ 13,27 per litre"
Phantasmagoria,"€ 5,09",Poland,3.95,Funky Fluid,6.4%,IPA - New England / Hazy,Can 500ml,"€ 10,18 per litre"
Claude,"€ 4,49",Belgium,3.80,Brasserie Zythologist,8.5%,Stout - Oatmeal,Can 330ml,"€ 13,61 per litre"
Tsoureki,"€ 5,00",Greece,3.76,Seven Island Brewery,12%,Stout - Imperial / Double Pastry,Can 440ml,"€ 11,36 per litre"
Gamma / Polly's Lean In,"€ 5,99",Denmark,3.75,Gamma Brewing Company,8.5%,IPA - Fruited,Can 440ml,"€ 13,61 per litre"
The Bruery 9 Ladies Dancing,"€ 11,69",United States,3.71,The Bruery,11.3%,Belgian Strong Dark Ale,Bottle 750ml,"€ 15,59 per litre"
Oozlefinch Real Beer,"€ 2,50",United States,3.50,Oozlefinch Beers & Blending,7%,Bock - Hell / Maibock / Lentebock,Can 470ml,"€ 5,32 per litre"
EUROBOX Wales - Nook Modern Bitter,"€ 1,65",Poland,3.22,Browar NOOK,5.5%,Bitter - Session / Ordinary,Can 500ml,"€ 3,30 per litre"
EUROBOX Austria - Nepomucen/Nook Apfelstrudel,"€ 2,20",Poland,3.15,Browar NOOK/ Browar Nepomucen,5.9%,Fruit Beer,Can 500ml,"€ 4,40 per litre"
Limited Edition Oproer: Brettanosaurus,"€ 8,49",United States,3.72,Horny Goat Brewing Co.,6.5%,Porter - Other,Bottle 375ml,"€ 22,64 per litre"
Limited Edition Oproer: Kelder,"€ 8,49",Australia,?,The Welder's Dog,6.5%,Porter - Imperial / Double Baltic,Bottle 375ml,"€ 22,64 per litre"
Kriek Bio,"€ 16,00",Belgium,4.31,Brasserie Cantillon,5%,Lambic - Kriek,Bottle 750ml,"€ 21,33 per litre"
Kriek De Ranke,"€ 11,00",Belgium,3.93,Brouwerij De Ranke,7%,Sour - Fruited,Bottle 750ml,"€ 14,67 per litre"
Wijnberg,"€ 14,00",Belgium,3.69,Brouwerij De Ranke,5.8%,Sour - Flanders Oud Bruin,Bottle 750ml,"€ 18,67 per litre"
Eylenbosch Oude Kriek 2023,"€ 17,53",Belgium,4.14,Het Boerenerf Eylenbosch,6.2%,Lambic - Kriek,Bottle 750ml,"€ 23,37 per litre"
Schaarbeekse Oude Kriek 2021,"€ 22,66",Belgium,3.87,Brouwerij Eylenbosch,6.2%,Lambic - Kriek,Bottle 750ml,"€ 30,21 per litre"
Schaarbeekse Oude Kriek 2021,"€ 12,21",Belgium,3.87,Brouwerij Eylenbosch,6.2%,Lambic - Kriek,Bottle 375ml,"€ 32,56 per litre"
Oude Gueuze 2022,"€ 15,15",Belgium,3.74,Brouwerij Eylenbosch,5.8%,Lambic - Gueuze,Bottle 750ml,"€ 20,20 per litre"
Oude Gueuze 2022,"€ 7,97",Belgium,3.74,Brouwerij Eylenbosch,5.8%,Lambic - Gueuze,Bottle 375ml,"€ 21,25 per litre"
Oude Kriek 2023,"€ 9,49",Belgium,3.70,Brouwerij Eylenbosch,6.2%,Lambic - Kriek,Bottle 375ml,"€ 25,31 per litre"
Oude Lambiek 2023,"€ 7,97",Belgium,3.59,Brouwerij Eylenbosch,5.8%,Lambic - Traditional,Bottle 375ml,"€ 21,25 per litre"
Guiness Draught 0.0,"€ 3,35",Ireland,3.20,Guinness,5.8%,Non-Alcoholic - Porter / Stout,Can 440ml,"€ 7,61 per litre"
Kriek 100% Lambic Bio (2024),"€ 9,49",Belgium,4.28,Brasserie Cantillon,5%,Lambic - Kriek,Bottle 375ml,"€ 25,31 per litre"
Rosé de Gambrinus (2024),"€ 10,49",Belgium,4.27,Brasserie Cantillon,5%,Lambic - Framboise,Bottle 375ml,"€ 27,97 per litre"
Köstritzer Pale Ale,"€ 2,79",Germany,3.47,Köstritzer Schwarzbierbrauerei,6.5%,Pale Ale - English,500ml,"€ 5,58 per litre"
Gouden Carolus Tripel,"€ 7,75",Belgium,3.82,Brouwerij Het Anker,9%,Belgian Tripel,Bottle 750ml,"€ 10,33 per litre"
Pauwel Kwak amber,"€ 8,50",Belgium,3.76,Brouwerij Bosteels,8.4%,Pale Ale - Belgian,Bottle 750ml,"€ 11,33 per litre"
Triple,"€ 2,95",Belgium,3.67,Brasserie de l'Abbaye du Val-Dieu,9%,Belgian Tripel,330ml,"€ 8,94 per litre"
Oude Schaarsbeekse Kriek,"€ 7,65",Belgium,3.66,Brouwerij Boon,6%,Lambic - Kriek,Bottle 375ml,"€ 20,40 per litre"
Oude Kriek,"€ 6,65",Belgium,3.65,Brouwerij Boon,6.5%,Lambic - Kriek,Bottle 375ml,"€ 17,73 per litre"
Cuvee Clarisse,"€ 3,35",Belgium,3.60,Brouwerij Wilderen,9.2%,Belgian Strong Dark Ale,330ml,"€ 10,15 per litre"
Zenne y Frontera (Batch 1),"€ 586,00",Belgium,4.72,Brouwerij 3 Fonteinen,7%,Lambic - Traditional,Bottle 750ml,"€ 781,33 per litre"
12 Brune Quadrupel,"€ 3,65",Belgium,3.82,Brouwerij Malheur,12%,Belgian Quadrupel,330ml,"€ 11,06 per litre"
Brew 8000 (2024),"€ 36,00",United States,4.44,Fremont Brewing,13.4%,Barleywine - English,Bottle 650ml,"€ 55,38 per litre"
Rackhouse Tiramisu,"€ 20,90",Norway,4.38,LERVIG,14.4%,Stout - Imperial / Double,Bottle 375ml,"€ 55,73 per litre"
Rackhouse Silent Exchange,"€ 20,90",Norway,4.36,LERVIG,14.4%,Stout - Imperial / Double,Bottle 375ml,"€ 55,73 per litre"
An Introspective Reflection,"€ 7,70",Canada,4.14,Trial & Ale Brewing Company,6.8%,Sour - Fruited,4730ml,"€ 1,63 per litre"
"30,000 Steps","€ 7,70",Canada,4.05,Trial & Ale Brewing Company,7.1%,Sour - Fruited,4730ml,"€ 1,63 per litre"
Defunked By Rackhouse,"€ 26,70",Norway,3.95,LERVIG,6.5%,Wild Ale - Other,Bottle 750ml,"€ 35,60 per litre"
Writer&apos;s Blanc,"€ 7,60",Canada,3.95,Trial & Ale Brewing Company,6%,Sour - Other,4730ml,"€ 1,61 per litre"
Kompaan Bloedbroeder,"€ 3,60",Netherlands,3.47,KOMPAAN Dutch Craft Beer Company,9.1%,Stout - Imperial / Double,330ml,"€ 10,91 per litre"
HEY!Tjappie,"€ 3,50",Netherlands,3.44,Vat'33,5.3%,Blonde / Golden Ale - Other,330ml,"€ 10,61 per litre"
Pale Ale,"€ 3,50",United States,3.62,Sierra Nevada Brewing Co.,5.6%,Pale Ale - American,355ml,"€ 9,86 per litre"
Great Minds B.A. (Frontaal Blend),"€ 21,00",Netherlands,4.37,Brouwerij Frontaal,12%,Stout - Imperial / Double,Bottle 375ml,"€ 56,00 per litre"
Great Minds B.A. (Folkingebrew Blend),"€ 21,00",Netherlands,4.37,Brouwerij Frontaal,12%,Stout - Imperial / Double,Bottle 375ml,"€ 56,00 per litre"
The Last Private On the Western Front,"€ 7,50",Spain,4.06,La Pirata Brewing,15%,Stout - Imperial / Double,330ml,"€ 22,73 per litre"
Frau Gruber Phantom Collage,"€ 6,75",Germany,3.87,FrauGruber Brewing,8.5%,IPA - Imperial / Double New England / Hazy,Can 440ml,"€ 15,34 per litre"
Brewing Dokkie,"€ 2,50",Belgium,3.24,Dok Brewing Company,0.3%,Non-Alcoholic - Sour,330ml,"€ 7,58 per litre"
Circadian Rhythm,"€ 8,50",Wales,4.09,Polly's Brew Co.,8%,IPA - Imperial / Double,Can 440ml,"€ 19,32 per litre"
Parallel Lines,"€ 8,50",Wales,4.01,Polly's Brew Co.,8.1%,IPA - Imperial / Double New England / Hazy,Can 440ml,"€ 19,32 per litre"
Even Sharks Need Water (esnw),"€ 6,99",England,4.08,Verdant Brewing Co,6.5%,IPA - New England / Hazy,Can 440ml,"€ 15,89 per litre"
Proper Discourse,"€ 31,50",United States,4.42,Sante Adairius Rustic Ales,8.5%,Farmhouse Ale - Saison,Bottle 750ml,"€ 42,00 per litre"
Frigga,"€ 15,95",Hungary,4.13,MadX,13%,Mead - Melomel,350ml,"€ 45,57 per litre"
Wraith,"€ 6,50",Finland,4.10,Revenant Brewing Project,8%,IPA - Imperial / Double New England / Hazy,330ml,"€ 19,70 per litre"
Grand Cru,"€ 3,49",Belgium,3.78,Brasserie de l'Abbaye du Val-Dieu,10.5%,Belgian Quadrupel,330ml,"€ 19,70 per litre"
Blonde,"€ 2,59",Belgium,3.45,Brasserie de l'Abbaye du Val-Dieu,6%,Belgian Blonde,330ml,"€ 19,70 per litre"
Bräuweisse,"€ 2,29",Germany,3.72,Ayinger Privatbrauerei,5.1%,Wheat Beer - Hefeweizen,500ml,"€ 4,58 per litre"
Peroni Nastro Azzurro,"€ 1,99",Italy,3.17,Birra Peroni,5.1%,Lager - Pale,330ml,"€ 6,03 per litre"
"Corona Cero 0,0","€ 2,29",Mexico,2.69,Grupo Modelo,5.1%,Non-Alcoholic - Lager,330ml,"€ 6,94 per litre"
Life Is Round (Batch 4),"€ 39,95",United States,4.38,Private Press Brewing,15.1%,Barleywine - English,500ml,"€ 79,90 per litre"
Typhon | Coconut,"€ 12,25",United States,4.36,Mortalis Brewing Company,6%,Sour - Smoothie / Pastry,473ml,"€ 25,90 per litre"
Crank The Juice Hazy New England IPA,"€ 5,10",Netherlands,3.77,Moersleutel Craft Brewery,5.5%,IPA - New England / Hazy,Can 440ml,"€ 11,59 per litre"
Misty Mango New England IPA,"€ 3,95",Netherlands,3.56,Gebrouwen Door Vrouwen,6%,IPA - New England / Hazy,330ml,"€ 11,97 per litre"
Monnicker Moker Tripel,"€ 4,10",Netherlands,3.39,Waterland Brewery,8%,Belgian Tripel,Can 330ml,"€ 12,42 per litre"
Lefgozer Witbier,"€ 4,10",Netherlands,3.38,KOMPAAN Dutch Craft Beer Company,6%,Wheat Beer - Witbier / Blanche,Can 330ml,"€ 12,42 per litre"
Not Enough Truth To Find X Arpus,"€ 3,60",England,3.77,Cloudwater Brew Co.,5%,Pale Ale - New England / Hazy,Can 440ml,"€ 8,18 per litre"
Imperial Barley Wine Glutenvrij,"€ 3,35",Netherlands,3.66,Brouwerij Klein Duimpje,14%,Gluten-Free,330ml,"€ 10,15 per litre"
La Corne Tripel,"€ 2,95",Belgium,3.64,Brasserie des Légendes,10%,Belgian Tripel,330ml,"€ 8,94 per litre"
7.77 Coffee Stout,"€ 3,30",Netherlands,3.56,Naastbos Brouwerij,7.7%,Stout - Coffee,330ml,"€ 10,00 per litre"
Tripel AAP,"€ 3,30",Netherlands,3.56,Guilty Monkey Brewery,9.5%,Belgian Tripel,330ml,"€ 10,00 per litre"
B6 Kandij Quadrupel,"€ 3,65",Netherlands,3.51,Berging Brouwerij,9%,Belgian Quadrupel,330ml,"€ 10,00 per litre"
Burlesca,"€ 7,20",Poland,3.79,Browar Kingpin,6.9%,Farmhouse Ale - Saison,Bottle 330ml,"€ 21,82 per litre"
Punane Laager,"€ 3,79",Estonia,3.36,Põhjala,4.9%,Lager - Amber / Red,Can 440ml,"€ 8,61 per litre"
De Moersleutel Crank the Juice,"€ 4,50",Netherlands,3.77,Moersleutel Craft Brewery,5.5%,IPA - New England / Hazy,Can 440ml,"€ 10,23 per litre"
Omnipollo / Närke Tårt-Kaggen,"€ 19,50",Sweden,4.20,Omnipollo,13%,Porter - Imperial / Double,330ml,"€ 59,09 per litre"
De Moersleutel Butterscotch Foundry,"€ 6,75",Netherlands,4.04,Moersleutel Craft Brewery,13%,Stout - Imperial / Double Pastry,Can 440ml,"€ 15,34 per litre"
De Moersleutel CYCT Flexure,"€ 5,95",Netherlands,3.91,Moersleutel Craft Brewery,8.5%,IPA - Imperial / Double New England / Hazy,Can 440ml,"€ 13,52 per litre"
Zuyd / Frontaal My Gummy Bear Exploded At The Candy Shop,"€ 6,95",Netherlands,2.63,Zuyd Craft,6.5%,IPA - New England / Hazy,Can 440ml,"€ 15,80 per litre"
Angel's Share,"€ 16,95",Spain,4.27,Basqueland Brewing,12.8%,Stout - Imperial / Double,660ml,"€ 25,68 per litre"
Sunshine,"€ 8,10",England,4.08,DEYA Brewing Company,6%,IPA - New England / Hazy,500ml,"€ 16,20 per litre"
Sounds about right,"€ 8,45",England,4.07,DEYA Brewing Company,8%,IPA - Imperial / Double,550ml,"€ 15,36 per litre"
Black Master Imperial Stout BA #2,"€ 6,70",Belgium,4.05,Brewery De Meester,12%,Stout - Imperial / Double,330ml,"€ 20,30 per litre"
Old School #2,"€ 6,70",Belgium,4.03,Brewery De Meester,12%,Barleywine - English,330ml,"€ 20,30 per litre"
TOPA,"€ 5,99",Spain,3.83,Basqueland Brewing,5.8%,IPA - New England / Hazy,Can 440ml,"€ 13,61 per litre"
Cereal Spooner Red Berry,"€ 7,99",Scotland,4.02,Vault City Brewing,6.3%,Sour - Smoothie / Pastry,Can 440ml,"€ 18,16 per litre"
Pomona Lisa,"€ 3,79",Belgium,3.74,Dok Brewing Company,6.7%,IPA - New England / Hazy,330ml,"€ 11,48 per litre"
Heidi Aus Terpeen,"€ 3,99",Belgium,3.54,Dok Brewing Company,6.6%,IPA - American,330ml,"€ 12,09 per litre"
Pêche de Vigne 2022,"€ 29,00",Switzerland,4.21,Chien Bleu,6.3%,Farmhouse Ale - Saison,Bottle 750ml,"€ 38,67 per litre"
Aria,"€ 25,00",Switzerland,4.18,Chien Bleu,8.3%,Farmhouse Ale - Saison,Bottle 750ml,"€ 33,33 per litre"
Gamay Fully 2021,"€ 29,00",Switzerland,4.06,Chien Bleu,8.3%,Sour - Fruited,Bottle 750ml,"€ 38,67 per litre"
S(c)herry,"€ 25,00",Switzerland,3.96,Chien Bleu,6.5%,Sour - Fruited,Bottle 750ml,"€ 33,33 per litre"
Rose,"€ 25,00",Switzerland,3.93,Chien Bleu,8.3%,Farmhouse Ale - Saison,Bottle 750ml,"€ 33,33 per litre"
Vermouth des Alpes,"€ 22,00",Switzerland,?,Chien Bleu,7%,Spiced / Herbed Beer,Bottle 750ml,"€ 29,33 per litre"
Minotaur | Planters Punch,"€ 12,25",United States,4.34,Mortalis Brewing Company,6%,Sour - Smoothie / Pastry,473ml,"€ 25,90 per litre"
Thrice the Daily Serving: Tropical Punch (Freaky Friday Edition),"€ 11,75",United States,4.32,The Veil Brewing Co.,8%,Sour - Fruited Berliner Weisse,473ml,"€ 24,84 per litre"
Cuernitos,"€ 14,36",United States,4.11,Brujos Brewing,5%,Pale Ale - American,473ml,"€ 30,36 per litre"
Tårt-Kaggen!,"€ 17,99",Sweden,4.20,Omnipollo,13%,Porter - Imperial / Double,330ml,"€ 54,52 per litre"
Fallow Plans,"€ 7,75",Wales,4.16,Polly's Brew Co.,8.2%,IPA - Imperial / Double,Can 440ml,"€ 17,61 per litre"
Circadian Rhythm,"€ 7,65",Wales,4.09,Polly's Brew Co.,8%,IPA - Imperial / Double,Can 440ml,"€ 17,39 per litre"
Hazy Connection,"€ 7,40",France,4.08,Les Intenables - Craft Beer -,8%,IPA - Imperial / Double New England / Hazy,Can 440ml,"€ 16,82 per litre"
Invisible Eyes,"€ 6,50",Germany,4.03,FUERST WIACEK,6.8%,IPA - New England / Hazy,Can 440ml,"€ 14,77 per litre"
Stereo,"€ 6,60",Germany,4.02,FUERST WIACEK,6.8%,IPA - New England / Hazy,Can 440ml,"€ 15,00 per litre"
Crossfader,"€ 6,60",Germany,4.01,FUERST WIACEK,6.8%,IPA - New England / Hazy,Can 440ml,"€ 15,00 per litre"
Parallel Lines,"€ 7,65",Wales,4.01,Polly's Brew Co.,8.1%,IPA - Imperial / Double New England / Hazy,Can 440ml,"€ 17,39 per litre"
Resonance,"€ 6,60",Germany,4.00,FUERST WIACEK,6.8%,IPA - New England / Hazy,Can 440ml,"€ 15,00 per litre"
Parklife,"€ 6,30",Germany,3.93,FUERST WIACEK,6.8%,IPA - American,Can 440ml,"€ 14,32 per litre"
Perfect Riwaka Motueka,"€ 5,85",Italy,3.93,CRAK Brewery,6.5%,IPA - New England / Hazy,330ml,"€ 17,73 per litre"
Monkey Tennis,"€ 5,35",Germany,3.93,FUERST WIACEK,6.8%,IPA - New England / Hazy,Can 440ml,"€ 12,16 per litre"
Metz,"€ 6,60",Germany,3.92,FUERST WIACEK/ Stigbergets Bryggeri,6.8%,IPA - New England / Hazy,Can 440ml,"€ 15,00 per litre"
Perfect Citra Galaxy,"€ 5,85",Italy,3.90,CRAK Brewery,6.5%,IPA - New England / Hazy,330ml,"€ 17,73 per litre"
Action Directe,"€ 5,65",Germany,3.81,FUERST WIACEK,7.2%,IPA - American,Can 440ml,"€ 12,84 per litre"
Moersleutel De Kracht van Eenvoud,"€ 6,35",Netherlands,3.68,Moersleutel Craft Brewery,7%,Stout - Other,Can 440ml,"€ 14,43 per litre"
P.O.G. Punch,"€ 10,35",Scotland,4.22,Vault City Brewing,8%,Sour - Fruited,Can 440ml,"€ 23,52 per litre"
Hills have eyes (BBF: 15-01-25),"€ 9,25",England,4.15,Rivington Brewing Co,8%,IPA - Imperial / Double New England / Hazy,500ml,"€ 18,50 per litre"
84,"€ 5,20",Bulgaria,3.99,Sofia Electric Brewing,8.4%,IPA - Imperial / Double New England / Hazy,330ml,"€ 15,76 per litre"
Cream of Cashmere,"€ 6,25",Spain,3.94,Basqueland Brewing,6.2%,IPA - New England / Hazy,Can 440ml,"€ 14,20 per litre"
Råg-Kaggen Agitator Stormaktsporter 2022,"€ 19,25",Sweden,4.27,Närke Kulturbryggeri,12.1%,Stout - Imperial / Double,Bottle 250ml,"€ 77,00 per litre"
Black Damnation 16 - Ivan the Terrible (2022),"€ 6,50",Belgium,4.21,De Struise Brouwers,15%,Stout - Russian Imperial,330ml,"€ 19,70 per litre"
La Dalmatienne,"€ 9,00",Belgium,3.79,Brasserie Fantôme,8%,Farmhouse Ale - Saison,Bottle 750ml,"€ 12,00 per litre"
Pissenlit,"€ 9,00",Belgium,3.75,Brasserie Fantôme,8%,Farmhouse Ale - Saison,Bottle 750ml,"€ 12,00 per litre"
Single & Wild Colon-Elle,"€ 16,50",Belgium,3.90,Lambiek Fabriek,8.5%,Lambic - Gueuze,Bottle 750ml,"€ 22,00 per litre"
Superdelic,"€ 2,80",Belgium,3.63,Brasserie Lupulus,8.5%,Belgian Tripel,330ml,"€ 8,48 per litre"
Hazy Session,"€ 2,80",Belgium,3.52,Brasserie Lupulus,4.5%,IPA - Session,330ml,"€ 8,48 per litre"
Bleuette,"€ 2,80",Belgium,3.33,Brasserie Lupulus,4.2%,Fruit Beer,330ml,"€ 8,48 per litre"
Lager,"€ 2,80",Belgium,3.28,Brasserie Lupulus,5%,Lager - Other,330ml,"€ 8,48 per litre"
Barrel Aged Abduction,"€ 16,00",United States,4.37,Pipeworks Brewing Company,13%,Stout - Imperial / Double,473ml,"€ 33,83 per litre"
Ninja vs Unicorn,"€ 9,30",United States,4.09,Pipeworks Brewing Company,8%,IPA - Imperial / Double,473ml,"€ 19,66 per litre"
Drive Thru Meatballs the Franchise Expands to Idaho,"€ 10,40",United States,3.97,Pipeworks Brewing Company,8%,IPA - Imperial / Double,473ml,"€ 21,99 per litre"
Lizard King,"€ 9,20",United States,3.96,Pipeworks Brewing Company,6%,Pale Ale - American,473ml,"€ 19,45 per litre"
Doom Jazz Mambo,"€ 10,40",United States,3.67,Pipeworks Brewing Company,8.5%,IPA - Milkshake,473ml,"€ 21,99 per litre"
Gouden Carolus Imperial Dark 2018,"€ 13,95",Belgium,4.11,Brouwerij Het Anker,11%,Belgian Strong Dark Ale,Bottle 750ml,"€ 18,60 per litre"
Tripel Karmeliet Tripel,"€ 5,50",Belgium,3.99,Brouwerij Bosteels,8.4%,Belgian Tripel,330ml,"€ 16,67 per litre"
Blue,"€ 5,80",Belgium,3.90,Bières de Chimay,9%,Belgian Strong Dark Ale,330ml,"€ 17,58 per litre"
Rouge,"€ 5,10",Belgium,3.72,Bières de Chimay,7%,Belgian Dubbel,330ml,"€ 15,45 per litre"
St. Bernardus Pater 6 Apátsági Dubbel,"€ 3,30",Belgium,3.55,Brouwerij St.Bernardus,6.7%,Belgian Dubbel,330ml,"€ 10,00 per litre"
Gulle Tinus (Editie 2023),"€ 5,85",Netherlands,3.81,Gulpener Bierbrouwerij,12%,Freeze-Distilled Beer,330ml,"€ 17,73 per litre"
Blond,"€ 6,95",Belgium,3.60,Brasserie Lupulus,8.5%,Belgian Tripel,Bottle 750ml,"€ 9,27 per litre"
Gentse Strop,"€ 2,30",Belgium,3.46,Brouwerij Roman,6.9%,Belgian Blonde,330ml,"€ 6,97 per litre"
Ube Pina Colada Tropic,"€ 13,80",United States,4.19,Celestial Beerworks,5.2%,Sour - Fruited Berliner Weisse,Can 473ml,"€ 29,18 per litre"
Common Roots Sun Garden,"€ 7,95",United States,4.25,Hoof Hearted Brewing,8%,IPA - Imperial / Double,473ml,"€ 16,81 per litre"
Common Roots Double Cup,"€ 9,50",United States,4.15,Hoof Hearted Brewing,14%,Stout - Imperial / Double Coffee,473ml,"€ 20,08 per litre"
Fitness Freak,"€ 11,50",United States,4.15,Hoof Hearted Brewing,14%,Stout - Imperial / Double Coffee,473ml,"€ 24,31 per litre"
The Last Private On The Western Front,"€ 7,95",Spain,4.06,La Pirata Brewing,15%,Stout - Imperial / Double,330ml,"€ 24,09 per litre"
Common Roots Party Shirt Fridays: Pineapple,"€ 7,50",United States,4.05,Hoof Hearted Brewing,6.9%,IPA - New England / Hazy,473ml,"€ 15,86 per litre"
Shreddie,"€ 7,20",United States,3.83,Common Roots Brewing Company,5%,IPA - Session,473ml,"€ 15,22 per litre"
De Moersleutel CYCT Pressure,"€ 5,60",Netherlands,3.82,Moersleutel Craft Brewery,7%,IPA - New England / Hazy,Can 440ml,"€ 12,73 per litre"
Draught Pint Widget,"€ 3,60",Ireland,3.77,Guinness,4.2%,Stout - Irish Dry,Can 500ml,"€ 7,20 per litre"
De Moersleutel Kracht Van Eenvoud,"€ 5,75",Netherlands,3.68,Moersleutel Craft Brewery,7%,Stout - Other,Can 440ml,"€ 13,07 per litre"
St. Louis Premium Pêche,"€ 2,40",Belgium,3.45,Kasteel Brouwerij Vanhonsebrouck,2.6%,Lambic - Fruit,Bottle 250ml,"€ 9,60 per litre"
Leann Folláin Double Stout,"€ 3,49",Ireland,4.06,O'Hara's Brewery,12%,Stout - Foreign / Export,330ml,"€ 10,58 per litre"
Pacific Haze NEIPA,"€ 4,99",Netherlands,3.67,Dutch Bargain,5.7%,IPA - New England / Hazy,330ml,"€ 15,12 per litre"
Hop Adventure Strata IPA,"€ 5,49",Ireland,3.63,O'Hara's Brewery,5%,IPA - American,500ml,"€ 10,98 per litre"
West Coast IPA,"€ 4,99",Ireland,3.58,O'Hara's Brewery,6.2%,IPA - American,Can 440ml,"€ 11,34 per litre"
Mashine India Pale Lager,"€ 3,69",Germany,3.56,Mashsee Brauerei,6.8%,Lager - IPL (India Pale Lager),330ml,"€ 11,18 per litre"
Double IPA,"€ 4,99",Ireland,3.56,O'Hara's Brewery,7.5%,IPA - Imperial / Double,Can 440ml,"€ 11,34 per litre"
Hazy IPA,"€ 4,99",Ireland,3.56,O'Hara's Brewery,6.8%,IPA - New England / Hazy,Can 440ml,"€ 11,34 per litre"
VandeStreek Frisky Everyday NEIPA,"€ 4,69",Netherlands,3.52,vandeStreek bier,4.4%,IPA - New England / Hazy,330ml,"€ 14,21 per litre"
Zuidwester Tripel,"€ 3,99",Netherlands,3.48,Dutch Bargain,8.5%,Belgian Tripel,330ml,"€ 12,09 per litre"
Stormtrooper Red Shift IPA,"€ 5,89",England,3.47,Original Stormtrooper Beer,5%,IPA - American,330ml,"€ 17,85 per litre"
Tropical IPA,"€ 5,99",Ireland,3.45,O'Hara's Brewery,4%,IPA - Session,500ml,"€ 11,98 per litre"
Stormtrooper Galactic Pale Ale II,"€ 5,19",England,3.45,Original Stormtrooper Beer/ Vocation Brewery,4.8%,Pale Ale - American,330ml,"€ 15,73 per litre"
Stormtrooper S.N.I.P.A. - Situation Normal IPA,"€ 5,19",England,3.45,Original Stormtrooper Beer,4.4%,IPA - Session,330ml,"€ 15,73 per litre"
Zeeuws Blond Blonde Ale,"€ 3,99",Netherlands,3.45,Dutch Bargain,6.7%,Blonde / Golden Ale - Other,330ml,"€ 12,09 per litre"
VielleichtAthlet Session Lager,"€ 3,19",Germany,3.42,Mashsee Brauerei,3.6%,Lager - Pale,330ml,"€ 9,67 per litre"
Irish Stout Nitro,"€ 4,99",Ireland,3.38,O'Hara's Brewery,4.3%,Stout - Irish Dry,500ml,"€ 9,98 per litre"
Helles im Wunderland,"€ 2,99",Germany,3.38,Mashsee Brauerei,4.7%,Lager - Helles,330ml,"€ 9,06 per litre"
Session IPA,"€ 5,49",Ireland,3.34,O'Hara's Brewery,3.8%,IPA - Session,500ml,"€ 10,98 per litre"
VandeStreek Playground IPA alkoholfrei,"€ 3,99",Netherlands,3.33,vandeStreek bier,0.5%,Non-Alcoholic - IPA,330ml,"€ 12,09 per litre"
VandeStreek Grapefruit IPA alkoholfrei,"€ 3,99",Netherlands,3.27,vandeStreek bier,0.5%,Non-Alcoholic - IPA,330ml,"€ 12,09 per litre"
Designated Dryver alkoholfreies Blond Ale,"€ 3,79",Netherlands,3.15,Dutch Bargain,0.3%,Non-Alcoholic - Other,330ml,"€ 11,48 per litre"
Seawise Witbier,"€ 3,99",Netherlands,3.14,Dutch Bargain,4.3%,Wheat Beer - Fruited,330ml,"€ 12,09 per litre"
Glitter IPA,"€ 16,99",Netherlands,2.96,Dutch Bargain,6%,IPA - American,Bottle 750ml,"€ 22,65 per litre"
VandeStreek Barrelstar Galactica BA Imperial Stout,"€ 8,99",Netherlands,4.05,vandeStreek bier,13.7%,Stout - Imperial / Double,330ml,"€ 27,24 per litre"
Poolside New England TIPA,"€ 6,49",Netherlands,3.84,Dutch Bargain,9.8%,IPA - Triple New England / Hazy,330ml,"€ 19,67 per litre"
VandeStreek/La Pirata & Dois Corvos Mosaic Mango Sour,"€ 4,49",Netherlands,3.71,vandeStreek bier,6.5%,Sour - Fruited,330ml,"€ 13,61 per litre"
VandeStreek Tundra Tørst Kveik IPA,"€ 4,59",Netherlands,3.54,vandeStreek bier,5%,IPA - Farmhouse,330ml,"€ 13,91 per litre"
Dutch Bargain/Special Belge SeaSide Parking Lovers IPL,"€ 4,99",Netherlands,3.36,Dutch Bargain,5.6%,Lager - IPL (India Pale Lager),330ml,"€ 15,12 per litre"
VandeStreek Fun House NEIPA alkoholfrei,"€ 3,99",Hong Kong,3.31,Gweilo Beer/ vandeStreek bier,0.5%,Non-Alcoholic - IPA,330ml,"€ 12,09 per litre"
Black Tropical Beach Tropical Stout,"€ 6,49",Netherlands,3.19,Dutch Bargain,8%,Stout - Other,330ml,"€ 19,67 per litre"
Whale Sharks,"€ 10,50",England,4.21,Verdant Brewing Co,8.4%,IPA - Imperial / Double New England / Hazy,330ml,"€ 19,67 per litre"
Never Eat Another Man's Applause,"€ 6,99",England,4.07,Verdant Brewing Co,6.5%,IPA - New England / Hazy,Can 440ml,"€ 15,89 per litre"
Almás Rétes,"€ 3,80",Hungary,3.79,Szent András Sörfőzde,4.2%,Spiced / Herbed Beer,330ml,"€ 11,52 per litre"
Kasteel Rouge,"€ 5,20",Belgium,3.58,Kasteel Brouwerij Vanhonsebrouck,8%,Fruit Beer,330ml,"€ 15,76 per litre"
Baby Sharks,"€ 5,50",England,3.93,Verdant Brewing Co,4.8%,Pale Ale - New England / Hazy,Can 440ml,"€ 12,50 per litre"
Peach and Raspberry Pavlova,"€ 6,00",England,3.94,Yonder Brewing & Blending,7.5%,Sour - Smoothie / Pastry,Can 440ml,"€ 13,64 per litre"
Tropical Crush,"€ 5,40",England,3.73,Yonder Brewing & Blending,4.5%,Sour - Smoothie / Pastry,Can 440ml,"€ 12,27 per litre"
Boosh,"€ 4,10",England,3.72,Yonder Brewing & Blending,4.5%,Pale Ale - New England / Hazy,Can 440ml,"€ 9,32 per litre"
Ice Brett Wheat Wine BA Johanniter Grape Pomace & Raspberry,"€ 15,50",Poland,4.11,Maryensztadt,16%,Freeze-Distilled Beer,Can 440ml,"€ 35,23 per litre"
Now & Then,"€ 3,40",Poland,3.76,Maryensztadt,5.8%,IPA - New England / Hazy,Bottle 500ml,"€ 6,80 per litre"
Stars And Stripes,"€ 12,45",United States,4.29,District 96 Beer Factory,6.5%,IPA - Quadruple,473ml,"€ 26,32 per litre"
Flesh To Stone (2024),"€ 35,50",United States,4.17,Bottle Logic Brewing,11.5%,Barleywine - English,500ml,"€ 71,00 per litre"
Chronoscepter,"€ 8,95",England,4.13,Neon Raptor Brewing Co.,12%,Stout - Imperial / Double Pastry,Can 440ml,"€ 20,34 per litre"
Cendra,"€ 8,75",Spain,4.02,Menno Olivier Brewing,11.2%,Stout - Imperial / Double,330ml,"€ 26,52 per litre"
Bocian,"€ 4,10",Poland,3.68,Ziemia Obiecana,6%,Sour - Fruited Gose,Can 500ml,"€ 8,20 per litre"
Cloud Batch #7,"€ 5,79",Netherlands,4.01,White Dog Brewery,7.4%,IPA - New England / Hazy,Can 440ml,"€ 13,16 per litre"
ALL YOUR HOPS ARE BELONG TO US,"€ 5,79",Netherlands,3.94,White Dog Brewery,7.4%,IPA - New England / Hazy,Can 440ml,"€ 13,16 per litre"
CYCT Flexure,"€ 5,49",Netherlands,3.91,Moersleutel Craft Brewery,8.5%,IPA - Imperial / Double New England / Hazy,Can 440ml,"€ 12,48 per litre"
De Kracht Van Eenvoud,"€ 4,99",Netherlands,3.68,Moersleutel Craft Brewery,7%,Stout - Other,Can 440ml,"€ 11,34 per litre"
Farmhouse Rock,"€ 3,19",Netherlands,3.46,Jopen,7%,Farmhouse Ale - Other,330ml,"€ 9,67 per litre"
Big Dreams WCIPA,"€ 4,10",Scotland,3.52,BRULO,7%,Non-Alcoholic - IPA,Can 330ml,"€ 12,42 per litre"
Vrij Spel – Alcoholarm Speltbier,"€ 2,75",Netherlands,2.77,Brouwerij Egmond,0.5%,Non-Alcoholic - Other,330ml,"€ 8,33 per litre"
10 Days Barrel Project 2024  IPA,"€ 5,60",Netherlands,4.14,Brouwerij Kees,11.2%,Barleywine - Other,330ml,"€ 16,97 per litre"
Dota – C.I.S. Kilchoman BA,"€ 8,95",Spain,4.05,Menno Olivier Brewing,11.3%,Stout - Imperial / Double,330ml,"€ 27,12 per litre"
Cendra – I.S. Mixed Barrel Aged,"€ 9,45",Spain,4.02,Menno Olivier Brewing,11.2%,Stout - Imperial / Double,330ml,"€ 28,64 per litre"
Earthquake – Imperial Stout,"€ 6,60",Spain,3.87,Menno Olivier Brewing,9.8%,Stout - Imperial / Double,330ml,"€ 20,00 per litre"
Saison 9.4,"€ 6,30",Spain,3.82,Menno Olivier Brewing,9.4%,Farmhouse Ale - Saison,330ml,"€ 19,09 per litre"
5 Autels Extra  Brut Maurice,"€ 11,95",France,3.72,Domaine des Cinq Autels,7%,Cider - Dry,Bottle 750ml,"€ 15,93 per litre"
Crimson – NEIPA,"€ 6,50",Spain,3.71,Menno Olivier Brewing,7.8%,IPA - Imperial / Double,330ml,"€ 19,70 per litre"
Eruption,"€ 6,75",Spain,3.63,Menno Olivier Brewing,9.7%,IPA - Triple,330ml,"€ 20,45 per litre"
Falda – C.I.S.,"€ 6,75",Spain,3.93,Menno Olivier Brewing,10%,Stout - Imperial / Double,330ml,"€ 20,45 per litre"
Bloedappelsien,"€ 10,42",Belgium,3.75,Brouwerij Kestemont,6%,Lambic - Fruit,Bottle 375ml,"€ 27,79 per litre"
Bergamot,"€ 20,11",Belgium,3.53,Brouwerij Kestemont,6%,Lambic - Fruit,Bottle 750ml,"€ 26,81 per litre"
Three Dimensions DIPA x Cerebral Brewing & New Image Brewing,"€ 11,30",United States,4.07,WeldWerks Brewing Co.,8.4%,IPA - Imperial / Double New England / Hazy,473ml,"€ 23,89 per litre"
Super Chuck,"€ 6,90",England,3.80,Howling Hops,7.4%,Sour - Fruited,Can 440ml,"€ 15,68 per litre"
Ocata,"€ 4,79",Spain,3.75,Garage Beer Co.,5.4%,IPA - Session,Can 440ml,"€ 10,89 per litre"
P9,"€ 5,19",Spain,3.64,Garage Beer Co.,4%,Sour - Fruited Berliner Weisse,330ml,"€ 15,73 per litre"
Marshmallow Wave,"€ 4,25",Norway,3.91,Bådin,10%,Stout - Imperial / Double Pastry,330ml,"€ 12,88 per litre"
Solitaire,"€ 3,90",Norway,3.64,Bådin,6.5%,IPA - New England / Hazy,330ml,"€ 11,82 per litre"
Zero Figs Given,"€ 29,95",Belgium,4.11,Pellicle Vergistingen,7%,Cider - Herbed / Spiced / Hopped,Bottle 750ml,"€ 39,93 per litre"
Armada Colada,"€ 5,29",Romania,3.69,Clandestin Beer,6.5%,Sour - Smoothie / Pastry,500ml,"€ 10,58 per litre"
Red Shift,"€ 31,00",Belgium,4.14,Pellicle Vergistingen,8%,Cider - Dry,Bottle 750ml,"€ 41,33 per litre"
Stu Mostow x Morpheus ZuBREWka,"€ 3,80",Belgium,3.84,Brouwerij Alvinne,5.5%,Sour - Other,330ml,"€ 11,52 per litre"
Stu Mostow x Kompaan x Morpheus,"€ 4,50",Belgium,3.80,Brouwerij Alvinne,5.5%,Sour - Other,330ml,"€ 13,64 per litre"
Sun & Fun Wild Pilsner,"€ 3,60",Belgium,3.61,Brouwerij Alvinne,5.3%,Pilsner - Other,330ml,"€ 10,91 per litre"
Arctic Circles,"€ 3,90",Norway,3.82,Bådin,6.5%,IPA - New England / Hazy,330ml,"€ 11,82 per litre"
Lamb-or-Genie,"€ 9,95",England,4.04,Rivington Brewing Co,10.5%,Stout - Imperial / Double Pastry,500ml,"€ 19,90 per litre"
Extinction Is Forever!: Philippine Crocodile,"€ 8,29",Austria,3.89,Brauhaus Bevog,7.1%,IPA - New England / Hazy,500ml,"€ 16,58 per litre"
Magic Hour,"€ 7,49",United States,3.86,Outer Range Brewing Co.,6.9%,Sour - Fruited,Can 440ml,"€ 17,02 per litre"
Zestoria,"€ 7,99",Spain,3.83,Garage Beer Co.,6.6%,IPA - American,Can 440ml,"€ 18,16 per litre"
Soulfly - Prophecy of the Hops,"€ 5,69",Austria,3.70,Brauhaus Bevog,4.3%,IPA - Session,500ml,"€ 11,38 per litre"
Lime Drop,"€ 6,49",Spain,3.68,Garage Beer Co.,4.4%,Sour - Berliner Weisse,Can 440ml,"€ 14,75 per litre"
Avoid Mitzy And Lorna,"€ 5,90",England,3.69,Pomona Island Brew Co.,3.4%,Pale Ale - New England / Hazy,Can 440ml,"€ 13,41 per litre"
Fuzzy Van Trip,"€ 5,79",Germany,4.00,Sudden Death Brewing Co.,6.3%,IPA - New England / Hazy,Can 440ml,"€ 13,16 per litre"
Dodendans,"€ 5,95",Germany,3.98,Sudden Death Brewing Co.,7.2%,IPA - Rye,Can 440ml,"€ 13,52 per litre"
Sudden Death´s Grindhouse (2024),"€ 5,95",Germany,3.97,Sudden Death Brewing Co.,7%,IPA - American,Can 440ml,"€ 13,52 per litre"
Six One Nine,"€ 5,95",Germany,3.91,Sudden Death Brewing Co.,5.1%,Sour - Fruited,Can 440ml,"€ 13,52 per litre"
Black Potion,"€ 4,65",Netherlands,3.81,Brouwerij Kees,13.8%,Stout - Pastry,330ml,"€ 14,09 per litre"
Eastern Triangle,"€ 4,65",Netherlands,3.59,Brouwerij Kees,6.2%,IPA - American,Can 440ml,"€ 10,57 per litre"
Single Hop Pale No.3,"€ 5,90",England,3.78,Howling Hops,4.8%,Pale Ale - New Zealand,Can 440ml,"€ 13,41 per litre"
Braupakt,"€ 2,15",Germany,3.65,Bayerische Staatsbrauerei Weihenstephan,6.5%,Blonde / Golden Ale - Other,330ml,"€ 6,52 per litre"
Psychosis Safari,"€ 5,85",Germany,3.89,FUERST WIACEK,6.2%,IPA - New England / Hazy,Can 440ml,"€ 13,30 per litre"
Barrel-Aged Speedway Stout: Vietnamese Coffee Imperial Stout,"€ 19,50",United States,4.52,AleSmith Brewing Company,14.2%,Stout - Imperial / Double Coffee,473ml,"€ 41,23 per litre"
Richard 2024 Imperial Stout,"€ 61,60",United States,4.43,Millpond Brewing,12%,Stout - Imperial / Double,500ml,"€ 123,20 per litre"
Marabout Imperial Milk Stout,"€ 31,60",Canada,4.42,Brasserie du Bas-Canada,10.5%,Stout - Imperial / Double Milk,Bottle 375ml,"€ 84,27 per litre"
Rings Of Splendor Batch #3 Barleywine,"€ 59,70",United States,4.42,Private Press Brewing,15.7%,Stout - Imperial / Double,500ml,"€ 119,40 per litre"
Fourth Press Blend of Barleywine and Stout,"€ 59,70",United States,4.39,Private Press Brewing,15.2%,Strong Ale - American,500ml,"€ 119,40 per litre"
Life Is Round Batch #4 Barleywine,"€ 59,70",United States,4.38,Private Press Brewing,15.1%,Barleywine - English,500ml,"€ 119,40 per litre"
Open Drums Barleywine,"€ 59,70",United States,4.36,Private Press Brewing,16.2%,Barleywine - Other,500ml,"€ 119,40 per litre"
Vortex Barrel Aged Imperial Stout,"€ 20,80",United States,4.35,Barclay Brewing Co.,14.8%,Stout - Imperial / Double,355ml,"€ 58,59 per litre"
Long Distance Neighbors Barrel Aged Farmhouse Ale,"€ 36,10",United States,4.32,Sante Adairius Rustic Ales,5.8%,Farmhouse Ale - Saison,Bottle 750ml,"€ 48,13 per litre"
Twilight Whispers Barrel Aged Belgian Quadrupel,"€ 39,60",United States,4.29,Sante Adairius Rustic Ales,12.3%,Belgian Quadrupel,500ml,"€ 79,20 per litre"
Once Exotic Imperial Stout,"€ 61,60",United States,4.29,Millpond Brewing,11.4%,Stout - Imperial / Double,500ml,"€ 123,20 per litre"
Kryptos Barleywine,"€ 49,50",United States,4.23,Bottle Logic Brewing,12.4%,Barleywine - English,500ml,"€ 99,00 per litre"
Magic Hour Sour,"€ 9,30",United States,4.13,Outer Range Brewing Co.,6.6%,IPA - American,Can 440ml,"€ 21,14 per litre"
Pictures In The Sand Barleywine,"€ 29,40",United States,4.12,Grimm Artisanal Ales,12%,Barleywine - American,500ml,"€ 58,80 per litre"
Waves (Coconut + Vanilla) Imperial Stout,"€ 16,00",United States,4.11,Barclay Brewing Co.,13%,Stout - Imperial / Double,473ml,"€ 33,83 per litre"
Techno Tomboy IPA,"€ 8,90",United States,4.07,Outer Range Brewing Co.,7.2%,IPA - New England / Hazy,Can 440ml,"€ 20,23 per litre"
Capitola Sunset Farmhouse Ale,"€ 33,40",United States,4.06,Sante Adairius Rustic Ales,5.7%,Farmhouse Ale - Saison,Bottle 750ml,"€ 44,53 per litre"
The Open Work: Four Three Two One American Wild Ale,"€ 26,70",United States,4.04,Grimm Artisanal Ales,6%,Lambic - Gueuze,500ml,"€ 53,40 per litre"
Speedway Stout: Horchata Edition Imperial Stout,"€ 12,00",United States,3.85,AleSmith Brewing Company,12%,Stout - Imperial / Double Coffee,473ml,"€ 25,37 per litre"
Nut Brown English-style Brown Ale,"€ 7,00",United States,3.73,AleSmith Brewing Company,5%,Brown Ale - English,355ml,"€ 19,72 per litre"
Both Wave Goodbye IPA,"€ 6,80",Denmark,3.61,Seagrove Public,6.3%,IPA - American,Can 440ml,"€ 15,45 per litre"
Bernsteinweizen,"€ 2,39",Germany,3.48,Privatbrauerei Sander,5.3%,Wheat Beer - Hefeweizen,500ml,"€ 4,78 per litre"
Schokolator Imperial Stout,"€ 3,69",Germany,3.28,Privatbrauerei Sander,8%,Stout - Imperial / Double,330ml,"€ 11,18 per litre"
Original Hell,"€ 2,69",Germany,3.23,Privatbrauerei Sander,4.8%,Lager - Helles,500ml,"€ 5,38 per litre"
Sander Alkoholfreies Pils Plan B,"€ 2,49",Germany,2.62,Privatbrauerei Jacob Stauder,0.5%,Non-Alcoholic - Lager,330ml,"€ 7,55 per litre"
Cloud Batch #7,"€ 7,29",Netherlands,4.01,White Dog Brewery,7.4%,IPA - New England / Hazy,Can 440ml,"€ 16,57 per litre"
All Your Hops Are Belong To Us,"€ 7,29",Netherlands,3.94,White Dog Brewery,7.4%,IPA - New England / Hazy,Can 440ml,"€ 16,57 per litre"
Zuurbier - Passievrucht Berliner Weisse,"€ 3,79",Netherlands,3.48,Hofbrouwerij Reijngoud,4.5%,Sour - Fruited Berliner Weisse,330ml,"€ 11,48 per litre"
Je Bennie Weiss!,"€ 3,29",Netherlands,3.45,Hofbrouwerij Reijngoud,6%,Wheat Beer - Hefeweizen,330ml,"€ 9,97 per litre"
Hoppa,"€ 3,29",Netherlands,3.45,Hofbrouwerij Reijngoud,4.8%,Pale Ale - New England / Hazy,330ml,"€ 9,97 per litre"
Je Lijkt Wel Een Bootwerker!,"€ 3,29",Netherlands,3.43,Hofbrouwerij Reijngoud,6.6%,Porter - American,330ml,"€ 9,97 per litre"
Roman Rendez-Brew,"€ 3,79",Netherlands,3.10,Uiltje Brewing Company,5.9%,Grape Ale - Other,330ml,"€ 11,48 per litre"
P.O.G Punch,"€ 8,99",Scotland,4.22,Vault City Brewing,8%,Sour - Fruited,Can 440ml,"€ 20,43 per litre"
Cereal Spooner (red berry),"€ 6,99",Scotland,4.02,Vault City Brewing,6.3%,Sour - Smoothie / Pastry,Can 440ml,"€ 15,89 per litre"
Dreaming Of... DDH Enigma IPA,"€ 8,20",England,4.08,Track Brewing Company,7%,IPA - New England / Hazy,Can 440ml,"€ 18,64 per litre"
Nectarine Première,"€ 32,90",United States,4.48,de Garde Brewing,8.2%,Farmhouse Ale - Saison,Bottle 750ml,"€ 43,87 per litre"
Proper Discourse,"€ 34,50",United States,4.42,Sante Adairius Rustic Ales,8.5%,Farmhouse Ale - Saison,Bottle 750ml,"€ 46,00 per litre"
Life Is Round (Batch 4),"€ 45,50",United States,4.38,Private Press Brewing,15.1%,Barleywine - English,500ml,"€ 91,00 per litre"
Twilight Whispers,"€ 33,90",United States,4.29,Sante Adairius Rustic Ales,12.3%,Belgian Quadrupel,500ml,"€ 67,80 per litre"
The Purple – Gin Barrel Cuvee,"€ 33,90",United States,4.28,de Garde Brewing,6.3%,Wild Ale - American,Bottle 750ml,"€ 45,20 per litre"
Funky Gose,"€ 24,90",Canada,4.18,Nano Cinco,5.5%,Sour - Other Gose,Bottle 750ml,"€ 33,20 per litre"
Fourth Orbit,"€ 6,50",United States,3.84,Perennial Artisan Ales,5.3%,Farmhouse Ale - Brett,355ml,"€ 18,31 per litre"
Saison de Lis,"€ 6,70",United States,3.72,Perennial Artisan Ales,5%,Farmhouse Ale - Saison,473ml,"€ 14,16 per litre"
Helles,"€ 5,40",Germany,3.48,FrauGruber Brewing,4.8%,Lager - Helles,Can 440ml,"€ 12,27 per litre"
Oude Geuze Brett Elle,"€ 6,00",Belgium,4.01,Lambiek Fabriek,5.5%,Lambic - Gueuze,Bottle 375ml,"€ 16,00 per litre"
KEREL Kaishaku,"€ 3,35",Belgium,3.43,VBDCK Brewery,15%,Strong Ale - American,330ml,"€ 10,15 per litre"
Gelato: Neon Green,"€ 9,90",Poland,3.88,Funky Fluid,5.5%,Sour - Smoothie / Pastry,Can 500ml,"€ 19,80 per litre"
Swim Club,"€ 7,20",England,3.75,Unity Brewing Co,5.2%,Pale Ale - American,Can 440ml,"€ 16,36 per litre"
Next Chance No.2,"€ 4,04",Hungary,3.73,Fraktaal Brewing,6%,IPA - New England / Hazy,330ml,"€ 12,24 per litre"
Whirly Brain 2024,"€ 9,50",Germany,4.08,FUERST WIACEK,8%,IPA - Imperial / Double New England / Hazy,Can 440ml,"€ 21,59 per litre"
Nectaron Hornet,"€ 9,40",Germany,3.93,FrauGruber Brewing,8.2%,IPA - Imperial / Double New England / Hazy,Can 440ml,"€ 21,36 per litre"
Empty Temples,"€ 8,60",Germany,3.85,FrauGruber Brewing,6.5%,IPA - New England / Hazy,Can 440ml,"€ 19,55 per litre"
Con Crema Rosa,"€ 9,20",England,3.83,Pastore Brewing and Blending,6%,Sour - Smoothie / Pastry,Can 440ml,"€ 20,91 per litre"
Kees / Mad Scientist - Black Potion,"€ 10,70",Netherlands,3.81,Brouwerij Kees,13.8%,Stout - Pastry,Can 330ml,"€ 32,42 per litre"
Badin St Eystein,"€ 3,50",Norway,3.48,Bådin,7%,Belgian Dubbel,330ml,"€ 10,61 per litre"
Reijngoud Zuurbier - Passievrucht Berliner Weisse,"€ 3,50",Netherlands,3.48,Hofbrouwerij Reijngoud,4.5%,Sour - Fruited Berliner Weisse,330ml,"€ 10,61 per litre"
Good Behaviour,"€ 5,96",Romania,3.82,Bereta Brewing Co.,6.4%,IPA - New England / Hazy,Can 440ml,"€ 13,55 per litre"
.394 Pale Ale,"€ 3,19",United States,3.78,AleSmith Brewing Company,6%,Pale Ale - American,,
.394 Pale Ale,"€ 11,99",United States,3.78,AleSmith Brewing Company,6%,Pale Ale - American,,
.394 Pale Ale,"€ 23,19",United States,3.78,AleSmith Brewing Company,6%,Pale Ale - American,,
.394 Pale Ale,"€ 34,39",United States,3.78,AleSmith Brewing Company,6%,Pale Ale - American,,
Blood Orange Brew Free! or Die,"€ 4,49",United States,3.77,21st Amendment Brewery,7%,IPA - Fruited,,
Blood Orange Brew Free! or Die,"€ 17,49",United States,3.77,21st Amendment Brewery,7%,IPA - Fruited,,
Blood Orange Brew Free! or Die,"€ 33,99",United States,3.77,21st Amendment Brewery,7%,IPA - Fruited,,
Blood Orange Brew Free! or Die,"€ 49,99",United States,3.77,21st Amendment Brewery,7%,IPA - Fruited,,
Brew Free! or Die,"€ 4,49",United States,3.75,21st Amendment Brewery,6.8%,IPA - American,,
Brew Free! or Die,"€ 17,49",United States,3.75,21st Amendment Brewery,6.8%,IPA - American,,
Brew Free! or Die,"€ 33,99",United States,3.75,21st Amendment Brewery,6.8%,IPA - American,,
Brew Free! or Die,"€ 49,99",United States,3.75,21st Amendment Brewery,6.8%,IPA - American,,
Hazy .394,"€ 3,19",United States,3.71,AleSmith Brewing Company,6%,Pale Ale - New England / Hazy,355ml,"€ 8,99 per litre"
Hazy .394,"€ 11,99",United States,3.71,AleSmith Brewing Company,6%,Pale Ale - New England / Hazy,355ml,"€ 33,77 per litre"
Hazy .394,"€ 23,19",United States,3.71,AleSmith Brewing Company,6%,Pale Ale - New England / Hazy,355ml,"€ 65,32 per litre"
Hazy .394,"€ 34,39",United States,3.71,AleSmith Brewing Company,6%,Pale Ale - New England / Hazy,355ml,"€ 96,87 per litre"
Raspberry Funk,"€ 4,49",United States,3.60,21st Amendment Brewery,6.9%,Sour - Fruited,355ml,"€ 96,87 per litre"
Raspberry Funk,"€ 17,49",United States,3.60,21st Amendment Brewery,6.9%,Sour - Fruited,355ml,"€ 96,87 per litre"
Raspberry Funk,"€ 33,99",United States,3.60,21st Amendment Brewery,6.9%,Sour - Fruited,355ml,"€ 96,87 per litre"
Raspberry Funk,"€ 49,99",United States,3.60,21st Amendment Brewery,6.9%,Sour - Fruited,355ml,"€ 96,87 per litre"
Session .394,"€ 3,19",United States,3.58,AleSmith Brewing Company,4.9%,Pale Ale - American,,
Session .394,"€ 11,99",United States,3.58,AleSmith Brewing Company,4.9%,Pale Ale - American,,
Session .394,"€ 23,19",United States,3.58,AleSmith Brewing Company,4.9%,Pale Ale - American,,
Session .394,"€ 34,39",United States,3.58,AleSmith Brewing Company,4.9%,Pale Ale - American,,
Hell or High: Watermelon,"€ 4,29",United States,3.52,21st Amendment Brewery,4.9%,Wheat Beer - Fruited,,
Hell or High: Watermelon,"€ 15,99",United States,3.52,21st Amendment Brewery,4.9%,Wheat Beer - Fruited,,
Hell or High: Watermelon,"€ 30,99",United States,3.52,21st Amendment Brewery,4.9%,Wheat Beer - Fruited,,
Hell or High: Watermelon,"€ 45,99",United States,3.52,21st Amendment Brewery,4.9%,Wheat Beer - Fruited,,
Nut Brown Ale,"€ 3,69",United States,3.73,AleSmith Brewing Company,5%,Brown Ale - English,,
Nut Brown Ale,"€ 13,69",United States,3.73,AleSmith Brewing Company,5%,Brown Ale - English,,
Nut Brown Ale,"€ 26,69",United States,3.73,AleSmith Brewing Company,5%,Brown Ale - English,,
Nut Brown Ale,"€ 39,69",United States,3.73,AleSmith Brewing Company,5%,Brown Ale - English,,
Fatamorgana,"€ 6,50",Sweden,3.98,Omnipollo,8%,IPA - Imperial / Double New England / Hazy,330ml,"€ 19,70 per litre"
NECTARON,"€ 5,95",Netherlands,3.95,Brouwerij LOST,6.5%,IPA - New England / Hazy,500ml,"€ 11,90 per litre"
RIWAKA,"€ 5,95",Netherlands,3.91,Brouwerij LOST,6.5%,IPA - New England / Hazy,500ml,"€ 11,90 per litre"
Six One Nine,"€ 7,50",Germany,3.91,Sudden Death Brewing Co.,5.1%,Sour - Fruited,Can 440ml,"€ 17,05 per litre"
Hop Thing,"€ 5,50",Netherlands,3.70,Brouwerij Kees,7%,IPA - Other,Can 440ml,"€ 12,50 per litre"
Eastern Triangle,"€ 5,50",Netherlands,3.59,Brouwerij Kees,6.2%,IPA - American,Can 440ml,"€ 12,50 per litre"
Timmermans Oude Gueuze,"€ 4,50",Belgium,3.79,Brewery John Martin & Brewery Timmermans,6.7%,Lambic - Gueuze,Bottle 375ml,"€ 12,00 per litre"
Fruitage,"€ 1,70",Belgium,3.50,Brouwerij Rodenbach,3.9%,Fruit Beer,Bottle 250ml,"€ 6,80 per litre"
Mangofeber DIPA,"€ 5,40",Sweden,3.79,Brewski,8%,IPA - Imperial / Double,330ml,"€ 16,36 per litre"
Mangofeber IPA,"€ 4,30",Sweden,3.79,Brewski,8%,IPA - Imperial / Double,330ml,"€ 13,03 per litre"
Ich Bin Raspberry Berliner Weisse,"€ 4,30",Denmark,3.62,Mikkeller,3.7%,Sour - Fruited Berliner Weisse,330ml,"€ 13,03 per litre"
Neu Zealand Pilsner,"€ 7,00",Denmark,3.60,Bad Seed Brewing,5%,Pilsner - New Zealand,Can 440ml,"€ 15,91 per litre"
Zenne Y Frontera 2022,"€ 49,00",Belgium,4.50,Brouwerij 3 Fonteinen,7.9%,Lambic - Gueuze,Bottle 750ml,"€ 65,33 per litre"
Pruim Mirabelle Oloroso 2023,"€ 28,00",Belgium,4.40,Brouwerij 3 Fonteinen,7.4%,Lambic - Fruit,Bottle 750ml,"€ 37,33 per litre"
Schaarbeekse Kriek 2022,"€ 34,00",Belgium,4.39,Brouwerij 3 Fonteinen,6.1%,Lambic - Kriek,Bottle 750ml,"€ 45,33 per litre"
Wijnbergperzik 2023,"€ 27,00",Belgium,4.35,Brouwerij 3 Fonteinen,6%,Lambic - Fruit,Bottle 750ml,"€ 36,00 per litre"
Oude Geuze Geturfd 2022,"€ 15,50",Belgium,4.28,Brouwerij 3 Fonteinen,7.6%,Lambic - Gueuze,Bottle 750ml,"€ 20,67 per litre"
Oude Kriek 2020,"€ 21,00",Belgium,4.23,Brouwerij 3 Fonteinen,5.3%,Lambic - Kriek,Bottle 750ml,"€ 28,00 per litre"
Strenge Winter 2022,"€ 23,00",Belgium,4.12,Brouwerij 3 Fonteinen,7%,Wild Ale - Other,Bottle 750ml,"€ 30,67 per litre"
Oude Geuze 2023,"€ 15,00",Belgium,4.06,Brouwerij 3 Fonteinen,6.7%,Lambic - Gueuze,Bottle 750ml,"€ 20,00 per litre"
Boerenerf Charent'euse 2023,"€ 50,00",Belgium,4.25,Het Boerenerf Eylenbosch,7.6%,Lambic - Gueuze,Bottle 1500ml,"€ 33,33 per litre"
Boerenerf Eylenbosch Pescharina 2024,"€ 21,17",Belgium,4.17,Het Boerenerf Eylenbosch,6.2%,Lambic - Fruit,Bottle 750ml,"€ 28,23 per litre"
Boerenerf Symbiose 2024,"€ 23,25",Belgium,4.00,Het Boerenerf Eylenbosch,8.3%,Cider - Graff,Bottle 750ml,"€ 31,00 per litre"
Boerenerf Cannonau (Oogst 2022),"€ 21,17",Belgium,3.97,Het Boerenerf Eylenbosch,8%,Cider - Other Fruit,Bottle 750ml,"€ 28,23 per litre"
Boerenerf Oude Cider (Oogst 2022),"€ 13,65",Belgium,3.88,Het Boerenerf Eylenbosch,6%,Cider - Dry,Bottle 750ml,"€ 18,20 per litre"
India Pale Ale (hops vary) - approx,"€ 4,20",United States,4.01,Kern River Brewing Company,7%,IPA - American,Bottle 330ml,"€ 12,73 per litre"
Export India Porter,"€ 4,00",England,3.83,The Kernel Brewery,6.5%,Porter - Other,Bottle 330ml,"€ 12,12 per litre"
Pils (Hops Vary),"€ 3,80",England,3.70,The Kernel Brewery,5.2%,Pilsner - Other,Bottle 330ml,"€ 11,52 per litre"
Helge,"€ 3,90",Estonia,3.55,Põhjala,5%,Gluten-Free,330ml,"€ 11,82 per litre"
A World That Works,"€ 8,30",Sweden,4.12,Elmeleven,5.5%,Sour - Smoothie / Pastry,Can 440ml,"€ 18,86 per litre"
NECTARON,"€ 6,40",Netherlands,3.95,Brouwerij LOST,6.8%,IPA - New England / Hazy,500ml,"€ 12,80 per litre"
All Your Hops Are Belong To Us,"€ 7,30",Netherlands,3.94,White Dog Brewery,7.4%,IPA - New England / Hazy,Can 440ml,"€ 16,59 per litre"
RIWAKA,"€ 6,40",Netherlands,3.91,Brouwerij LOST,6.8%,IPA - New England / Hazy,500ml,"€ 12,80 per litre"
Pillow Talk,"€ 4,90",Norway,3.84,LERVIG,6.6%,IPA - New England / Hazy,330ml,"€ 14,85 per litre"
Hop Thing,"€ 5,90",Netherlands,3.70,Brouwerij Kees,7%,IPA - Other,Can 440ml,"€ 13,41 per litre"
Eastern Triangle,"€ 5,70",Netherlands,3.59,Brouwerij Kees,6.2%,IPA - American,Can 440ml,"€ 12,95 per litre"
Weirdo (2024),"€ 6,49",Romania,3.90,Blackout Brewing,6%,IPA - New England / Hazy,Can 440ml,"€ 14,75 per litre"
Dreamy Eyes,"€ 6,49",Estonia,3.84,Põhjala,6.7%,IPA - New England / Hazy,Can 440ml,"€ 14,75 per litre"
Afterthought (2024),"€ 6,99",Romania,3.68,Blackout Brewing,8%,IPA - Imperial / Double,Can 440ml,"€ 14,75 per litre"
Druif Kriek/Dornfelder 2022,"€ 27,00",Belgium,4.33,Brouwerij 3 Fonteinen,6.7%,Lambic - Fruit,Bottle 750ml,"€ 36,00 per litre"
Boerenerf Gueuze 2023-1,"€ 13,65",Belgium,4.08,Het Boerenerf Eylenbosch,7%,Lambic - Gueuze,Bottle 750ml,"€ 18,20 per litre"
Boerenerf Gueuze Cuvée Heritage 2023,"€ 21,17",Belgium,4.07,Het Boerenerf Eylenbosch,6.67%,Lambic - Gueuze,Bottle 750ml,"€ 28,23 per litre"
Boerenerf Zomerkriek 2024,"€ 21,17",Belgium,3.86,Het Boerenerf Eylenbosch,6.8%,Lambic - Fruit,Bottle 750ml,"€ 28,23 per litre"
Weihenstephan Festbier,"€ 4,50",Germany,3.61,Bayerische Staatsbrauerei Weihenstephan,5.8%,Festbier,500ml,"€ 9,00 per litre"
Cigaló,"€ 7,00",Spain,3.46,La Pirata Brewing,10%,Porter - Imperial / Double Baltic,330ml,"€ 21,21 per litre"
Adriaen Brouwer Bio Tripel,"€ 2,65",Belgium,3.25,Brouwerij Roman,5.2%,Belgian Blonde,330ml,"€ 21,21 per litre"
Coeur de Cuvée (Blend #1),"€ 64,95",United States,4.59,Side Project Brewing,7%,Farmhouse Ale - Saison,330ml,"€ 21,21 per litre"
Coconut Vibes 2024,"€ 109,99",United States,4.41,Side Project Brewing,13%,Stout - Imperial / Double,Bottle 750ml,"€ 146,65 per litre"
Jjjuicee Project - Citra + Peacharine + HBC 1019,"€ 22,95",United States,4.39,Tree House Brewing Company,8.4%,IPA - Imperial / Double New England / Hazy,,
Soleil (2024),"€ 44,95",United States,4.28,Side Project Brewing,7%,Farmhouse Ale - Saison,,
Silver Sheep,"€ 18,95",United States,4.12,Tree House Brewing Company,6.5%,IPA - New Zealand,,
Wake Up Dead Imperial Stout,"€ 6,39",United States,3.91,Left Hand Brewing Company,10.2%,Stout - Russian Imperial,355ml,"€ 18,00 per litre"
Green Bullet IPA,"€ 3,49",Netherlands,3.53,Two Chefs Brewing,6.5%,IPA - American,330ml,"€ 10,58 per litre"
Hell,"€ 2,19",Germany,3.50,Ayinger Privatbrauerei,4.9%,Lager - Helles,500ml,"€ 4,38 per litre"
Pilgrim Pale Ale,"€ 4,49",Norway,3.33,Kinn Bryggeri,4.5%,Gluten-Free,330ml,"€ 13,61 per litre"
Sunset Suzy Orange Soda Sour,"€ 3,29",Netherlands,3.19,Two Chefs Brewing,4.8%,Sour - Fruited,330ml,"€ 9,97 per litre"
Musa Born In The IPA,"€ 4,99",Portugal,3.60,Cerveja Musa,6.5%,IPA - American,330ml,"€ 15,12 per litre"
Musa Red Zeppelin Red Session IPA,"€ 4,99",Portugal,3.46,Cerveja Musa,5%,IPA - Red,330ml,"€ 15,12 per litre"
Musa Twist & Stout Oat Stout,"€ 4,99",Portugal,3.38,Cerveja Musa,5.5%,Stout - Oatmeal,330ml,"€ 15,12 per litre"
ÜberQuell Cherry Sour,"€ 4,59",Germany,3.37,ÜberQuell Brauwerkstätten,6.9%,Sour - Fruited,330ml,"€ 13,91 per litre"
Kehrwieder Blueberry Fruchtgose,"€ 14,99",Germany,3.15,Kehrwieder Kreativbrauerei,4.3%,Sour - Traditional Gose,Bottle 750ml,"€ 19,99 per litre"
Musa Frank APA American Pale Ale,"€ 4,99",Portugal,?,Cerveja Artesanal Duque,5%,IPA - American,330ml,"€ 15,12 per litre"
Black Potion,"€ 5,35",Netherlands,3.81,Brouwerij Kees,13.8%,Stout - Pastry,330ml,"€ 16,21 per litre"
Farmhouse Rock,"€ 4,05",Netherlands,3.46,Jopen,7%,Farmhouse Ale - Other,330ml,"€ 12,27 per litre"
Harris on Cocaine,"€ 7,20",Hungary,3.72,Mad Scientist,6.5%,IPA - American,Can 440ml,"€ 16,36 per litre"
Deconstructed Bomb! Cacao Nibs,"€ 10,50",United States,4.06,Prairie Artisan Ales,11.8%,Stout - Imperial / Double,355ml,"€ 29,58 per litre"
Jule Malt 2020,"€ 10,00",Denmark,3.90,To Øl,13%,Stout - Imperial / Double Milk,330ml,"€ 30,30 per litre"
Cloud #7,"€ 6,95",Netherlands,4.01,White Dog Brewery,7.4%,IPA - New England / Hazy,Can 440ml,"€ 15,80 per litre"
Taymans Saison,"€ 2,90",Belgium,3.39,Brasserie TAYMANS Brouwerij,6.2%,Farmhouse Ale - Saison,330ml,"€ 8,79 per litre"
Imperial Stout,"€ 3,75",England,3.73,Samuel Smith,7%,Stout - Russian Imperial,355ml,"€ 10,56 per litre"
Taddy Porter,"€ 3,65",England,3.67,Samuel Smith,5%,Porter - English,355ml,"€ 10,28 per litre"
Beer By Lake,"€ 3,63",Hungary,3.44,Mad Scientist,5%,Lager - Other,Can 440ml,"€ 8,25 per litre"
Positively Unattached,"€ 9,40",Wales,4.23,Polly's Brew Co.,10%,IPA - Triple New England / Hazy,Can 440ml,"€ 21,36 per litre"
Fallow Plans,"€ 8,90",Wales,4.16,Polly's Brew Co.,8.2%,IPA - Imperial / Double,Can 440ml,"€ 20,23 per litre"
Parallel Lines,"€ 8,70",Wales,4.01,Polly's Brew Co.,8.1%,IPA - Imperial / Double New England / Hazy,Can 440ml,"€ 19,77 per litre"
One-Sided Love,"€ 5,80",Wales,3.77,Polly's Brew Co.,5.2%,Pale Ale - New England / Hazy,Can 440ml,"€ 13,18 per litre"
Mad In Black,"€ 4,47",Hungary,3.44,Mad Scientist,5%,Pilsner - Other,Can 440ml,"€ 10,16 per litre"
Arend Goud,"€ 9,95",Belgium,3.79,Brouwerij De Ryck,8.5%,Belgian Tripel,Bottle 750ml,"€ 13,27 per litre"
Averbode Extra,"€ 2,05",Belgium,3.28,Huisbrouwerij Averbode,4.8%,Belgian Enkel / Patersbier,330ml,"€ 6,21 per litre"
The Pine Ridge The Outrageous Oysters Stout,"€ 4,20",Sweden,3.39,The Pine Ridge Brewery,4.8%,Stout - Oyster,Can 440ml,"€ 9,55 per litre"
Fresh - AF IPA,"€ 4,20",England,3.54,Cloudwater Brew Co.,0.5%,Non-Alcoholic - IPA,4-pack,"Total price: € 4,20"
Rochefort Triple Extra,"€ 2,95",Belgium,3.76,Abbaye Notre-Dame de Saint-Rémy,8.1%,Belgian Tripel,330ml,"€ 8,94 per litre"
La Trappe Isid'or,"€ 2,55",Netherlands,3.75,Bierbrouwerij De Koningshoeven,7.5%,Belgian Strong Golden Ale,330ml,"€ 7,73 per litre"
23310 Prior 8,"€ 2,14",Belgium,3.70,Brouwerij St.Bernardus,8%,Belgian Dubbel,330ml,"€ 6,48 per litre"
Festmarzen,"€ 5,40",Germany,3.81,Ayinger Privatbrauerei,5.8%,Märzen,500ml,"€ 10,80 per litre"
Giesinger Fest Bier,"€ 5,30",Germany,3.62,Giesinger Bräu,5.8%,Festbier,500ml,"€ 10,60 per litre"
Oktoberfest,"€ 4,40",Germany,3.55,Paulaner Brauerei,5.6%,Festbier,500ml,"€ 8,80 per litre"
Oktoberfest 50cl Can,"€ 4,40",Germany,3.55,Paulaner Brauerei,6%,Festbier,500ml,"€ 8,80 per litre"
Flotzinger Wiess Marzen,"€ 4,20",Germany,3.54,Flötzinger Bräu,5.8%,Märzen,500ml,"€ 8,40 per litre"
Sweetest Perfection,"€ 4,90",Poland,3.87,Browar Sarabanda,5.6%,Sour - Smoothie / Pastry,Can 500ml,"€ 9,80 per litre"
Sunburst Swirl,"€ 4,90",Poland,3.87,Browar Sarabanda,5.6%,Sour - Smoothie / Pastry,Can 500ml,"€ 9,80 per litre"
Sumea,"€ 4,50",Poland,3.66,Browar Sarabanda,6.2%,IPA - New England / Hazy,Can 500ml,"€ 9,00 per litre"
Wild West,"€ 4,50",Poland,3.56,Browar Sarabanda,6.2%,IPA - American,Can 500ml,"€ 9,00 per litre"
Want Some More Dulce de Leche BA (4 years Hops N More collab),"€ 8,90",Belgium,4.06,Galea Craft Beers,11%,Stout - Imperial / Double Pastry,330ml,"€ 26,97 per litre"
Lübi Libre Lemon Lime,"€ 5,70",Germany,3.19,Sudden Death Brewing Co.,11%,Non-Alcoholic - Pale Ale,Can 440ml,"€ 12,95 per litre"
Festa,"€ 3,30",Belgium,3.18,Galea Craft Beers,4.5%,Belgian Blonde,330ml,"€ 10,00 per litre"
Eastern Triangle,"€ 5,45",Netherlands,3.59,Brouwerij Kees,6.2%,IPA - American,Can 440ml,"€ 12,39 per litre"
Sint Amatus BA 2021,"€ 4,60",Belgium,4.06,De Struise Brouwers,10.5%,Belgian Quad,330ml,"€ 13,94 per litre"
Struise -XXX Rye Reserva Bourbon BA 2022,"€ 5,90",Belgium,4.00,De Struise Brouwers,10%,Belgian Quadrupel,330ml,"€ 17,88 per litre"
Kers & Taart,"€ 6,50",Netherlands,3.94,Brouwerij de Molen,11.2%,Stout - Imperial / Double Pastry,330ml,"€ 19,70 per litre"
Kop & Schotel,"€ 6,50",Netherlands,3.87,Brouwerij de Molen,10.7%,Porter - Other,330ml,"€ 19,70 per litre"
Alefarm A Matter Of Perspective,"€ 6,36",Denmark,3.98,Alefarm Brewing,7.8%,IPA - Imperial / Double,Can 440ml,"€ 14,45 per litre"
Julebajer,"€ 5,83",Denmark,3.63,Alefarm Brewing,6%,IPA - American,Can 440ml,"€ 13,25 per litre"
Hop Thing,"€ 5,49",Netherlands,3.70,Brouwerij Kees,7%,IPA - Other,Can 440ml,"€ 12,48 per litre"
Words To Live By,"€ 6,94",Denmark,4.08,Alefarm Brewing/ LETRA Brewery,8%,IPA - Imperial / Double,Can 440ml,"€ 15,77 per litre"
Monolith,"€ 6,36",Denmark,4.01,Alefarm Brewing,8%,IPA - Imperial / Double,Can 440ml,"€ 14,45 per litre"
Mountains,"€ 6,58",Denmark,3.99,Alefarm Brewing,8%,IPA - Imperial / Double,Can 440ml,"€ 14,95 per litre"
What We Leave Behind,"€ 6,38",Denmark,3.92,Alefarm Brewing,8.5%,IPA - Imperial / Double,Can 440ml,"€ 14,50 per litre"
The Light You Leave On,"€ 5,85",Denmark,3.90,Alefarm Brewing,6.2%,IPA - American,Can 440ml,"€ 13,30 per litre"
Oscillate,"€ 5,85",Denmark,3.87,Alefarm Brewing,6.2%,IPA - American,Can 440ml,"€ 13,30 per litre"
Whispers Of The Ocean,"€ 5,83",Denmark,3.87,Alefarm Brewing,6%,IPA - American,Can 440ml,"€ 13,25 per litre"
Take In The View,"€ 5,85",Denmark,3.86,Alefarm Brewing,6.5%,IPA - American,Can 440ml,"€ 13,30 per litre"
Afterglow,"€ 6,36",Denmark,3.85,Alefarm Brewing,8%,IPA - Imperial / Double,Can 440ml,"€ 14,45 per litre"
Synth Wave,"€ 6,35",Denmark,3.85,Alefarm Brewing,7.4%,IPA - Imperial / Double,Can 440ml,"€ 14,43 per litre"
Ello Dorado,"€ 5,94",Denmark,3.84,Alefarm Brewing,6.5%,IPA - American,Can 440ml,"€ 13,50 per litre"
Stars Awake,"€ 5,94",Denmark,3.82,Alefarm Brewing,6.5%,IPA - New England / Hazy,Can 440ml,"€ 13,50 per litre"
New Beginnings,"€ 5,83",Denmark,3.81,Alefarm Brewing,6%,IPA - American,Can 440ml,"€ 13,25 per litre"
In Every Heartbeat,"€ 5,83",Denmark,3.81,Alefarm Brewing,5.8%,IPA - American,Can 440ml,"€ 13,25 per litre"
Internal Sunshine,"€ 6,36",Denmark,3.76,Alefarm Brewing,8%,IPA - Imperial / Double,Can 440ml,"€ 14,45 per litre"
Dayglow,"€ 5,83",Denmark,3.75,Alefarm Brewing,6%,IPA - American,Can 440ml,"€ 13,25 per litre"
Sequoia,"€ 6,36",Denmark,3.69,Alefarm Brewing,8%,IPA - Imperial / Double,Can 440ml,"€ 14,45 per litre"
On The Way,"€ 5,83",Denmark,3.68,Alefarm Brewing,6%,IPA - American,Can 440ml,"€ 13,25 per litre"
Abundance,"€ 5,87",Denmark,3.67,Alefarm Brewing,6.6%,IPA - American,Can 440ml,"€ 13,34 per litre"
Sunglow,"€ 5,58",Denmark,3.59,Alefarm Brewing,5.3%,Pale Ale - American,Can 440ml,"€ 12,68 per litre"
Black Damnation XVI – Ivan The Terrible,"€ 6,80",Belgium,4.21,De Struise Brouwers,15%,Stout - Russian Imperial,330ml,"€ 20,61 per litre"
The last private on the western front,"€ 7,40",Spain,4.06,La Pirata Brewing,15%,Stout - Imperial / Double,330ml,"€ 22,42 per litre"
Cendra,"€ 8,99",Spain,4.02,Menno Olivier Brewing,11.2%,Stout - Imperial / Double,330ml,"€ 27,24 per litre"
The Outrageous Oyster's Stout,"€ 4,40",Sweden,3.39,The Pine Ridge Brewery,4.8%,Stout - Oyster,Can 440ml,"€ 10,00 per litre"
Now Is The Time,"€ 5,85",Denmark,3.89,Alefarm Brewing,6.2%,IPA - American,Can 440ml,"€ 13,30 per litre"
Chronospector,"€ 9,10",England,4.15,Neon Raptor Brewing Co.,10%,Stout - Imperial / Double,Can 440ml,"€ 20,68 per litre"
Wraith,"€ 6,25",Finland,4.10,Revenant Brewing Project,8%,IPA - Imperial / Double New England / Hazy,330ml,"€ 18,94 per litre"
Bundt Cake,"€ 7,55",Spain,3.90,La Pirata Brewing,13%,Stout - Pastry,330ml,"€ 22,88 per litre"
Cigalo,"€ 7,35",Spain,3.46,La Pirata Brewing,10%,Porter - Imperial / Double Baltic,Can 440ml,"€ 16,70 per litre"
Summer Crush,"€ 4,29",Spain,3.78,Cervesa Espiga,4.5%,Sour - Fruited,330ml,"€ 13,00 per litre"
All Your Hops Are Belong To Us,"€ 6,95",Netherlands,3.94,White Dog Brewery,7.4%,IPA - New England / Hazy,Can 440ml,"€ 15,80 per litre"
Trombolese,"€ 7,55",England,3.98,Neon Raptor Brewing Co.,8%,IPA - Imperial / Double New England / Hazy,400ml,"€ 18,88 per litre"
Speed Medium,"€ 6,55",England,3.85,Neon Raptor Brewing Co.,6%,IPA - New England / Hazy,Can 440ml,"€ 14,89 per litre"
Chrushing Blows,"€ 5,25",England,3.73,Neon Raptor Brewing Co.,4.2%,IPA - Session,Can 440ml,"€ 11,93 per litre"
Draught 0.0,"€ 2,70",Ireland,3.20,Guinness,4.2%,Non-Alcoholic - Porter / Stout,Can 440ml,"€ 6,14 per litre"
Punk IPA,"€ 3,10",Scotland,3.71,BrewDog,5.4%,IPA - American,Can 440ml,"€ 7,05 per litre"
Elvis Juice,"€ 2,74",Scotland,3.69,BrewDog,6.5%,IPA - Fruited,Can 330ml,"€ 8,30 per litre"
Elvis Juice,"€ 3,20",Scotland,3.69,BrewDog,6.5%,IPA - Fruited,330ml,"€ 9,70 per litre"
Sander Pale Ale,"€ 2,79",Spain,3.64,Sanders Craftbeer,6.5%,Pale Ale - American,500ml,"€ 5,58 per litre"
Hazy Little Thing IPA,"€ 5,39",United States,3.78,Sierra Nevada Brewing Co.,6.7%,IPA - New England / Hazy,568ml,"€ 9,49 per litre"
Torpedo Extra IPA,"€ 5,09",United States,3.72,Sierra Nevada Brewing Co.,7.2%,IPA - American,473ml,"€ 10,76 per litre"
Amber Lager,"€ 2,39",United States,3.45,Brooklyn Brewery,5.2%,Lager - Vienna,330ml,"€ 7,24 per litre"
Torche Bouche V.2,"€ 8,99",Canada,4.29,Messorem,8%,IPA - Imperial / Double,330ml,"€ 7,24 per litre"
Rare Frog,"€ 8,99",United States,4.25,Abomination Brewing Company,10.5%,IPA - Triple New England / Hazy,473ml,"€ 19,01 per litre"
Crosby,"€ 8,99",United States,4.22,Mortalis Brewing Company,8%,IPA - Imperial / Double,473ml,"€ 19,01 per litre"
Tailpipin' Dual Exhaust,"€ 7,99",United States,4.20,Hoof Hearted Brewing,9.7%,IPA - Triple,473ml,"€ 16,89 per litre"
Bière Extra-Forte / Extra Strong Beer,"€ 8,99",Canada,4.20,Brasserie du Bas-Canada,8.6%,IPA - Imperial / Double,473ml,"€ 19,01 per litre"
Walkabout Pina Colada,"€ 7,99",United States,4.03,Fat Orange Cat Brew Co.,5.3%,Sour - Fruited,473ml,"€ 19,01 per litre"
De Molen Bommen & Granaten,"€ 3,70",Netherlands,3.82,Brouwerij de Molen,11%,Barleywine - Other,330ml,"€ 11,21 per litre"
De Molen Dag & Dauw,"€ 3,10",Netherlands,3.59,Brouwerij de Molen,7.1%,IPA - Fruited,330ml,"€ 9,39 per litre"
De Molen Op & Top,"€ 2,79",Netherlands,3.42,Brouwerij de Molen,4.5%,Pale Ale - American,330ml,"€ 8,45 per litre"
1818,"€ 10,95",Netherlands,3.93,Brouwerij Maallust,10%,Belgian Quadrupel,Bottle 750ml,"€ 14,60 per litre"
Straffe Hendrik Wild 2024,"€ 3,15",Belgium,3.52,Brouwerij De Halve Maan,10%,Brett Beer,330ml,"€ 9,55 per litre"
Nectarine Première,"€ 26,95",United States,4.48,de Garde Brewing,8.2%,Farmhouse Ale - Saison,Bottle 750ml,"€ 35,93 per litre"
Vintage Nectar 2021,"€ 44,95",United States,4.46,3 Sons Brewing Co.,14.8%,Stout - Imperial / Double,500ml,"€ 89,90 per litre"
CHONK: Raspberry & White Chocolate,"€ 11,25",United States,4.41,Drekker Brewing Company,6.2%,Sour - Smoothie / Pastry,473ml,"€ 23,78 per litre"
Ghost Proton (2024),"€ 39,95",United States,4.40,Bottle Logic Brewing,14%,Stout - Imperial / Double Pastry,500ml,"€ 79,90 per litre"
Dryade,"€ 10,95",Canada,4.37,Brasserie du Bas-Canada,8%,IPA - Imperial / Double,473ml,"€ 23,15 per litre"
Temporalis #0020,"€ 10,95",Canada,4.34,Messorem,10.1%,IPA - Triple New England / Hazy,473ml,"€ 23,15 per litre"
Commodus,"€ 10,95",Canada,4.33,Brasserie du Bas-Canada,8.2%,IPA - Imperial / Double,473ml,"€ 23,15 per litre"
We're All Doomed,"€ 10,75",Canada,4.33,Messorem,9.1%,IPA - Imperial / Double New England / Hazy,473ml,"€ 22,73 per litre"
Double Dry Hopped Hadrien,"€ 10,95",Canada,4.33,Brasserie du Bas-Canada,8.2%,IPA - Imperial / Double,473ml,"€ 23,15 per litre"
Quadranormal,"€ 11,35",Canada,4.31,Messorem,11.9%,IPA - Quadruple,473ml,"€ 24,00 per litre"
Voyage Au Centre De La Terre,"€ 10,95",Canada,4.31,Brasserie du Bas-Canada,8.2%,IPA - Imperial / Double,473ml,"€ 23,15 per litre"
Torche Bouche V.2,"€ 10,75",Canada,4.29,Messorem,8%,IPA - Imperial / Double,473ml,"€ 22,73 per litre"
Return To The Moon,"€ 10,95",United States,4.28,District 96 Beer Factory,8%,IPA - Imperial / Double New England / Hazy,473ml,"€ 23,15 per litre"
Konkey Dong (2024),"€ 9,65",United States,4.27,Hoof Hearted Brewing,8%,IPA - Imperial / Double New England / Hazy,473ml,"€ 20,40 per litre"
Barrel Aged Equilibrium = Mostra Coffee Cuvée (Lime Green),"€ 32,95",United States,4.27,Equilibrium Brewery,17%,Stout - Imperial / Double,500ml,"€ 65,90 per litre"
Unsolicited Ballot,"€ 10,95",United States,4.27,District 96 Beer Factory,8%,IPA - Imperial / Double New England / Hazy,473ml,"€ 23,15 per litre"
Bistro Raspberry Crumble,"€ 10,65",United States,4.25,Energy City Brewing,6.5%,Sour - Fruited Berliner Weisse,473ml,"€ 22,52 per litre"
Dreamwave Fluctuation,"€ 9,95",United States,4.25,Equilibrium Brewery,8.1%,IPA - Imperial / Double,473ml,"€ 21,04 per litre"
Bitrate Fluctuation,"€ 9,95",United States,4.25,Equilibrium Brewery,8.5%,IPA - Imperial / Double,473ml,"€ 21,04 per litre"
Kryptos,"€ 39,95",United States,4.23,Bottle Logic Brewing,12.4%,Barleywine - English,500ml,"€ 79,90 per litre"
Airport Lounge,"€ 10,45",United States,4.22,DankHouse Brewing Company,8.5%,IPA - Imperial / Double New England / Hazy,473ml,"€ 22,09 per litre"
VOIID-04 (Ghost VOIID-04),"€ 10,45",United States,4.21,Adroit Theory,9%,IPA - Imperial / Double,473ml,"€ 22,09 per litre"
Evangelion XVII. Tabris (Ghost TABRIS),"€ 10,45",United States,4.12,Adroit Theory,10.5%,IPA - Triple New England / Hazy,473ml,"€ 22,09 per litre"
Pictures In The Sand,"€ 22,95",United States,4.12,Grimm Artisanal Ales,12%,Barleywine - American,500ml,"€ 45,90 per litre"
Oktoberfest 33cl,"€ 3,40",Germany,3.69,Hacker-Pschorr,5.8%,Märzen,330ml,"€ 10,30 per litre"
O Haras Irish Pale Ale,"€ 2,61",Ireland,3.43,O'Hara's Brewery,5.2%,Pale Ale - Other,330ml,"€ 7,91 per litre"
O Haras Irish Red,"€ 2,42",Ireland,3.30,O'Hara's Brewery,4.3%,Red Ale - Irish,330ml,"€ 7,33 per litre"
Maman (2024),"€ 64,95",United States,4.46,Perennial Artisan Ales,13.1%,Stout - Imperial / Double,Bottle 750ml,"€ 86,60 per litre"
Richard (2024),"€ 43,95",United States,4.43,Millpond Brewing,12%,Stout - Imperial / Double,Bottle 750ml,"€ 86,60 per litre"
Proper Discourse,"€ 31,95",United States,4.42,Sante Adairius Rustic Ales,8.5%,Farmhouse Ale - Saison,Bottle 750ml,"€ 42,60 per litre"
Vanilla Kamigoye (2024),"€ 29,95",United States,4.41,Transient Artisan Ales,13%,Stout - Imperial / Double,500ml,"€ 59,90 per litre"
Life Is Round (Batch 4),"€ 39,95",United States,4.38,Private Press Brewing,15.1%,Barleywine - English,500ml,"€ 79,90 per litre"
Double Dry Hop King Sue (2024),"€ 11,65",United States,4.36,Toppling Goliath Brewing Co.,7.8%,IPA - Imperial / Double New England / Hazy,473ml,"€ 24,63 per litre"
Triple Snorkel Squad,"€ 11,65",United States,4.34,Hop Butcher For The World,10.5%,IPA - Triple New England / Hazy,473ml,"€ 24,63 per litre"
Thrice the Daily Serving: Tropical Punch (Freaky Friday Edition),"€ 11,95",United States,4.32,The Veil Brewing Co.,8%,Sour - Fruited Berliner Weisse,473ml,"€ 25,26 per litre"
Vitamin C4,"€ 10,65",United States,4.32,Vitamin Sea Brewing,8.5%,IPA - Imperial / Double New England / Hazy,473ml,"€ 22,52 per litre"
Transmountain Diversion,"€ 9,99",United States,4.30,WeldWerks Brewing Co.,8.7%,IPA - Imperial / Double New England / Hazy,473ml,"€ 21,12 per litre"
Twilight Whisper,"€ 29,95",United States,4.29,Sante Adairius Rustic Ales,12.3%,Belgian Quadrupel,500ml,"€ 59,90 per litre"
Once Exotic,"€ 43,95",United States,4.29,Millpond Brewing,11.4%,Stout - Imperial / Double,500ml,"€ 87,90 per litre"
Dank Hunt,"€ 10,75",United States,4.27,DankHouse Brewing Company,10%,IPA - Triple New England / Hazy,473ml,"€ 22,73 per litre"
Konkey Dong 4UP Evolution Aquatic Ape Theory (2024),"€ 10,25",United States,4.27,Hoof Hearted Brewing,9.5%,IPA - Triple,473ml,"€ 21,67 per litre"
Double Summer,"€ 10,25",United States,4.25,Vitamin Sea Brewing,8.2%,IPA - Imperial / Double New England / Hazy,473ml,"€ 21,67 per litre"
Motueka DDH Juicy Bits,"€ 9,65",United States,4.16,WeldWerks Brewing Co.,6.7%,IPA - New England / Hazy,473ml,"€ 20,40 per litre"
La Plonge,"€ 12,15",Canada,4.37,Brasserie du Bas-Canada,10%,IPA - Triple,473ml,"€ 25,69 per litre"
Fazy (2024),"€ 9,85",Canada,4.19,Badlands Brewing Company,6.5%,IPA - American,473ml,"€ 20,82 per litre"
Antwerp Jamaican Rum Barrel Aged (2021),"€ 7,90",Belgium,4.21,Galea Craft Beers,14%,Stout - Russian Imperial,330ml,"€ 23,94 per litre"
Pecheresse,"€ 4,03",Belgium,3.57,Brouwerij Lindemans,2.5%,Lambic - Fruit,355ml,"€ 11,35 per litre"
Devil's Fruit,"€ 2,39",Netherlands,3.42,Stadshaven Brouwerij,53%,Wheat Beer - Hefeweizen,355ml,"€ 11,35 per litre"
Moray IPA (0.4),"€ 2,29",Netherlands,3.42,Stadshaven Brouwerij,53%,Wheat Beer - Hefeweizen,355ml,"€ 11,35 per litre"
Great White,"€ 2,29",Netherlands,3.37,Stadshaven Brouwerij,5.3%,Wheat Beer - Other,330ml,"€ 6,94 per litre"
Jungle Factory,"€ 7,40",Norway,4.11,Salikatt Bryggeri,8%,IPA - Imperial / Double New England / Hazy,Can 440ml,"€ 16,82 per litre"
TDH Nelson x Monsaic IPA (BBF: 30-08-25),"€ 5,90",Latvia,4.02,Ārpus Brewing Co.,8%,IPA - Imperial / Double New England / Hazy,Can 440ml,"€ 13,41 per litre"
TDH Nelson x Strata IPA (BBF: 30-08-25),"€ 5,90",Latvia,4.02,Ārpus Brewing Co.,8%,IPA - Imperial / Double New England / Hazy,Can 440ml,"€ 13,41 per litre"
Ocean Drift,"€ 7,15",Netherlands,4.01,Folkingebrew,7%,IPA - New England / Hazy,Can 440ml,"€ 16,25 per litre"
Neon raptor -Planetoid Smash,"€ 6,85",England,3.96,Neon Raptor Brewing Co.,6.6%,IPA - New England / Hazy,Can 440ml,"€ 15,57 per litre"
TDH Mosaic x Citra Dipa (BBF: 30-08-25),"€ 6,40",Latvia,3.91,Ārpus Brewing Co.,8%,IPA - Imperial / Double New England / Hazy,Can 440ml,"€ 14,55 per litre"
Clear Craze (bbf: 01-04-25),"€ 6,15",England,3.73,Azvex Brewing Company,5.6%,IPA - American,Can 440ml,"€ 13,98 per litre"
Red Wine Barrel Aged Saison (BBF: 30-08-25),"€ 5,90",Latvia,3.69,Ārpus Brewing Co.,5%,Farmhouse Ale - Saison,Can 440ml,"€ 13,41 per litre"
Son of a Gun (BBF: 06-02-24),"€ 8,45",Norway,4.26,Salikatt Bryggeri,12%,IPA - Quadruple,Can 440ml,"€ 19,20 per litre"
Switchback (BFF:02-02-25),"€ 7,40",Norway,4.13,Salikatt Bryggeri,8%,IPA - Imperial / Double New England / Hazy,Can 440ml,"€ 16,82 per litre"
High Tide (BBF: 02-25),"€ 7,55",Finland,4.10,Factory Brewing,8%,IPA - Imperial / Double New England / Hazy,Can 440ml,"€ 17,16 per litre"
Low Tide (BBF:05-25),"€ 7,55",Finland,4.07,Factory Brewing,8%,IPA - Imperial / Double New England / Hazy,Can 440ml,"€ 17,16 per litre"
Very Big Dragon,"€ 6,10",Scotland,4.01,Fierce Beer,12.5%,Stout - Imperial / Double Pastry,330ml,"€ 18,48 per litre"
World in a World (BBF: 07-25),"€ 7,55",Netherlands,3.98,Folkingebrew,7%,IPA - Sour,Can 440ml,"€ 17,16 per litre"
Very Big Flapjack,"€ 5,35",Scotland,3.87,Fierce Beer,10%,Strong Ale - English,330ml,"€ 16,21 per litre"
Magnificent Tree Frog (BBF:26-03-25),"€ 5,30",England,3.81,Azvex Brewing Company,4.6%,Pale Ale - American,Can 440ml,"€ 12,05 per litre"
Whale Sharks,"€ 10,40",England,4.21,Verdant Brewing Co,8.4%,IPA - Imperial / Double New England / Hazy,,
Under the Same Sky,"€ 10,40",England,4.20,Verdant Brewing Co,8.4%,IPA - Imperial / Double New England / Hazy,,
Timing's End,"€ 7,00",England,4.14,Verdant Brewing Co,6.5%,IPA - New Zealand,Can 440ml,"€ 15,91 per litre"
Never Eat Another Man's Applause,"€ 7,30",England,4.07,Verdant Brewing Co,6.5%,IPA - New England / Hazy,Can 440ml,"€ 16,59 per litre"
Baby Sharks,"€ 5,50",England,3.93,Verdant Brewing Co,4.8%,Pale Ale - New England / Hazy,Can 440ml,"€ 12,50 per litre"
Even Sharks Need Water,"€ 7,50",Netherlands,3.60,Brouwerij Hoornse Hop,4.8%,IPA - Triple,Can 440ml,"€ 12,50 per litre"
Mok Master  5 Heaven Hill - Laphroaig BA,"€ 6,13",Belgium,4.09,Brewery De Meester,13%,Stout - Imperial / Double,330ml,"€ 18,58 per litre"
Wild Cider Bourbon BA,"€ 12,55",Belgium,3.66,Brewery De Meester,8%,Cider - Dry,Bottle 750ml,"€ 16,73 per litre"
New Zealand,"€ 5,49",Italy,3.73,CRAK Brewery,7%,Gluten-Free,330ml,"€ 16,64 per litre"
Tropical Rumble,"€ 46,80",Denmark,3.46,To Øl,4.3%,IPA - Session,24-pack,"Total price: € 46,80"
Implosion Fruited,"€ 15,90",Denmark,3.19,To Øl,0.3%,Non-Alcoholic - IPA,6-pack,"Total price: € 15,90"
Implosion Fruited,"€ 46,80",Denmark,3.19,To Øl,0.3%,Non-Alcoholic - IPA,24-pack,"Total price: € 46,80"
Implosion Fruited,"€ 30,10",Denmark,3.19,To Øl,0.3%,Non-Alcoholic - IPA,12-pack,"Total price: € 30,10"
Vintage Barrel Aged Mega Blend,"€ 34,99",Belgium,4.07,De Mederie,15%,Mead - Traditional,500ml,"€ 69,98 per litre"
Metz (2024),"€ 6,49",Germany,4.01,FUERST WIACEK,6.8%,IPA - New England / Hazy,Can 440ml,"€ 14,75 per litre"
Crossfader,"€ 6,49",Germany,4.01,FUERST WIACEK,6.8%,IPA - New England / Hazy,Can 440ml,"€ 14,75 per litre"
Mundaka Sunset,"€ 4,29",Italy,3.77,CRAK Brewery,4.6%,IPA - Session,330ml,"€ 13,00 per litre"
Fringe Pattern,"€ 4,99",Estonia,3.77,Pühaste Brewery,8%,IPA - Imperial / Double,330ml,"€ 15,12 per litre"
Guerrilla,"€ 4,79",Italy,3.72,CRAK Brewery,5.8%,IPA - American,330ml,"€ 14,52 per litre"
Oh La La La,"€ 7,99",Belgium,3.62,De Mederie - Ciders,8%,Cider - Other Fruit,275ml,"€ 29,05 per litre"
Apple of My Eye,"€ 6,99",Belgium,3.49,De Mederie - Ciders,7.5%,Cider - Dry,275ml,"€ 25,42 per litre"
Maman 2024,"€ 64,99",United States,4.46,Perennial Artisan Ales,13.1%,Stout - Imperial / Double,Bottle 750ml,"€ 86,65 per litre"
Ghost Proton (2024),"€ 36,99",United States,4.40,Bottle Logic Brewing,14%,Stout - Imperial / Double Pastry,500ml,"€ 73,98 per litre"
Veiled,"€ 45,99",United States,4.39,Millpond Brewing,12%,Stout - Imperial / Double,500ml,"€ 91,98 per litre"
Typhon | Coconut,"€ 11,99",United States,4.36,Mortalis Brewing Company,6%,Sour - Smoothie / Pastry,500ml,"€ 91,98 per litre"
Thrice the Daily Serving: Tropical Punch (Freaky Friday Edition),"€ 10,99",United States,4.32,The Veil Brewing Co.,8%,Sour - Fruited Berliner Weisse,500ml,"€ 91,98 per litre"
Once Exotic,"€ 45,99",United States,4.29,Millpond Brewing,11.4%,Stout - Imperial / Double,500ml,"€ 91,98 per litre"
Measured Chaos,"€ 10,69",United States,4.24,Timber Ales,12%,Stout - Imperial / Double Coffee,473ml,"€ 22,60 per litre"
Kryptos,"€ 36,99",United States,4.23,Bottle Logic Brewing,12.4%,Barleywine - English,500ml,"€ 73,98 per litre"
Tropical Hideaway,"€ 11,69",United States,4.22,Bottle Logic Brewing,5.61%,Sour - Smoothie / Pastry,500ml,"€ 73,98 per litre"
Airport Lounge,"€ 9,29",United States,4.22,DankHouse Brewing Company,8.5%,IPA - Imperial / Double New England / Hazy,500ml,"€ 73,98 per litre"
Blue Razz,"€ 10,49",United States,4.22,Drekker Brewing Company,5.9%,Sour - Smoothie / Pastry,500ml,"€ 73,98 per litre"
Flesh to Stone (2024),"€ 36,99",United States,4.17,Bottle Logic Brewing,11.5%,Barleywine - English,500ml,"€ 73,98 per litre"
Alex Made MTV,"€ 9,29",United States,4.15,DankHouse Brewing Company,6%,Sour - Fruited,500ml,"€ 73,98 per litre"
WAVES (Coconut + Vanilla),"€ 9,99",United States,4.11,Barclay Brewing Co.,13%,Stout - Imperial / Double,473ml,"€ 21,12 per litre"
Point Being,"€ 9,29",United States,4.10,Sante Adairius Rustic Ales,7.1%,IPA - American,473ml,"€ 19,64 per litre"
Grass City,"€ 9,29",United States,4.10,Sante Adairius Rustic Ales,6.9%,IPA - American,473ml,"€ 19,64 per litre"
Cenote,"€ 8,49",United States,4.08,Millpond Brewing,7%,IPA - New England / Hazy,473ml,"€ 19,64 per litre"
Schubie Snacks,"€ 7,99",United States,4.04,Millpond Brewing,6%,Pale Ale - New England / Hazy,473ml,"€ 19,64 per litre"
The Greyhound,"€ 9,29",United States,3.99,Bottle Logic Brewing,6.5%,IPA - American,473ml,"€ 19,64 per litre"
Punisher WhaleSlayer,"€ 239,99",United States,3.47,Franklin & Co Tavern,4.9%,Lager - American Light,,
Whale Slayer Spear,"€ 269,99",United States,3.47,Forgeworks Bottle Axes,4.9%,Lager - American Light,,
Svijanský Rytíř 12°B,"€ 2,28",Czech Republic,3.24,Svijany,5%,Pilsner - Czech / Bohemian,Can 500ml,"€ 4,56 per litre"
Caramel Fudge Stout Grape Brandy BA,"€ 5,36",Netherlands,4.01,Brouwerij Kees,11%,Stout - Imperial / Double Pastry,330ml,"€ 16,24 per litre"
Alma del Arrumbador 2021,"€ 32,99",Denmark,3.98,Insight Cellars,7.3%,Wild Ale - Other,Bottle 750ml,"€ 43,99 per litre"
Naked,"€ 2,79",Germany,3.13,BRLO,0.2%,Non-Alcoholic - Pale Ale,330ml,"€ 8,45 per litre"
Helicopter Chainsaw (BBF:14-10-25),"€ 7,95",England,4.12,Azvex Brewing Company,8.3%,IPA - Imperial / Double,Can 440ml,"€ 18,07 per litre"
Block Universe (BBF: 04-04-25),"€ 6,85",England,3.96,Azvex Brewing Company,6.2%,IPA - New England / Hazy,Can 440ml,"€ 15,57 per litre"
Vatgerijpt #11 Zuster Agatha Barbancourt Rum,"€ 7,99",Netherlands,4.00,Muifelbrouwerij,11%,Belgian Quadrupel,330ml,"€ 24,21 per litre"
Patt,"€ 3,30",Estonia,3.72,Pühaste Brewery,6.6%,Porter - American,330ml,"€ 10,00 per litre"
Quadrupel,"€ 3,50",Netherlands,3.57,Grutte Pier Brouwerij,9.5%,Belgian Quadrupel,330ml,"€ 10,61 per litre"
Barley Wine Special Edition Double Maple Syrup,"€ 5,50",Netherlands,3.88,Muifelbrouwerij,12.5%,Barleywine - Other,330ml,"€ 16,67 per litre"
Hazy Discovery San Sebastian,"€ 4,90",Poland,3.85,Browar PINTA,6.5%,IPA - New England / Hazy,500ml,"€ 9,80 per litre"
Hazy Discovery Lübeck,"€ 4,80",Poland,3.84,Browar PINTA,6.5%,IPA - New England / Hazy,500ml,"€ 9,60 per litre"
Cuvée Kluysbosch Vijgenlambiek (Fig Lambic) - LIMITED EDITION,"€ 12,69",Belgium,3.78,Brouwerij Angerik,7.6%,Lambic - Framboise,Bottle 750ml,"€ 16,92 per litre"
Snakes On A Crane,"€ 7,10",Sweden,3.92,Fermenterarna,8%,IPA - Imperial / Double New England / Hazy,Can 440ml,"€ 16,14 per litre"
Bayreuther Hefe-Weissbier,"€ 2,29",Germany,3.60,Bayreuther Bierbrauerei,5.3%,Wheat Beer - Hefeweizen,500ml,"€ 4,58 per litre"
Bayreuther Hell,"€ 2,29",Germany,3.52,Bayreuther Bierbrauerei,4.9%,Lager - Helles,500ml,"€ 4,58 per litre"
DDF Caterpillar Cake,"€ 9,70",Scotland,4.34,Vault City Brewing,14.5%,Stout - Imperial / Double Pastry,330ml,"€ 29,39 per litre"
Fruits of the Forest White Chocolate Banana Crumble,"€ 7,80",Scotland,4.21,Vault City Brewing,7.5%,Sour - Smoothie / Pastry,Can 440ml,"€ 17,73 per litre"
"Stoopid | Passion Fruit, Mango & Banana","€ 8,50",Scotland,4.19,Vault City Brewing,6.9%,Sour - Smoothie / Pastry,Can 440ml,"€ 19,32 per litre"
Piece of Cake,"€ 6,50",Scotland,4.10,Vault City Brewing,4.8%,Sour - Smoothie / Pastry,Can 440ml,"€ 14,77 per litre"
"Rive Rosse  -  37,5cl","€ 9,80",Italy,4.03,Siemàn,5.1%,Lambic - Fruit,Bottle 375ml,"€ 26,13 per litre"
J.R.E.A.M Cake,"€ 8,20",Scotland,4.02,Vault City Brewing,5.8%,Sour - Smoothie / Pastry,Can 440ml,"€ 18,64 per litre"
"Istà Rose  -  37,5cl","€ 6,80",Italy,3.93,Siemàn,5.1%,Farmhouse Ale - Other,Bottle 375ml,"€ 18,13 per litre"
"Istà  -  37,5cl","€ 6,60",Italy,3.83,Siemàn,5.7%,Farmhouse Ale - Saison,Bottle 375ml,"€ 17,60 per litre"
Mountain Brew,"€ 6,50",Scotland,3.74,Vault City Brewing,4.5%,Sour - Fruited,Can 440ml,"€ 14,77 per litre"
Double Milk Stout,"€ 4,49",United States,3.89,Left Hand Brewing Company,10.5%,Stout - Imperial / Double Milk,Can 440ml,"€ 14,77 per litre"
Double Milk Stout,"€ 17,49",United States,3.89,Left Hand Brewing Company,10.5%,Stout - Imperial / Double Milk,Can 440ml,"€ 14,77 per litre"
Double Milk Stout,"€ 33,99",United States,3.89,Left Hand Brewing Company,10.5%,Stout - Imperial / Double Milk,Can 440ml,"€ 14,77 per litre"
Double Milk Stout,"€ 49,99",United States,3.89,Left Hand Brewing Company,10.5%,Stout - Imperial / Double Milk,Can 440ml,"€ 14,77 per litre"
Sawtooth Ale,"€ 2,49",United States,3.52,Left Hand Brewing Company,5.3%,Bitter - Extra Special / Strong (ESB),Can 440ml,"€ 14,77 per litre"
Sawtooth Ale,"€ 8,69",United States,3.52,Left Hand Brewing Company,5.3%,Bitter - Extra Special / Strong (ESB),Can 440ml,"€ 14,77 per litre"
Sawtooth Ale,"€ 18,29",United States,3.52,Left Hand Brewing Company,5.3%,Bitter - Extra Special / Strong (ESB),Can 440ml,"€ 14,77 per litre"
Sawtooth Ale,"€ 24,29",United States,3.52,Left Hand Brewing Company,5.3%,Bitter - Extra Special / Strong (ESB),Can 440ml,"€ 14,77 per litre"
Belgian White Nitro,"€ 3,59",United States,3.44,Left Hand Brewing Company,4.9%,Wheat Beer - Witbier / Blanche,Can 440ml,"€ 14,77 per litre"
Belgian White Nitro,"€ 13,99",United States,3.44,Left Hand Brewing Company,4.9%,Wheat Beer - Witbier / Blanche,Can 440ml,"€ 14,77 per litre"
Belgian White Nitro,"€ 27,19",United States,3.44,Left Hand Brewing Company,4.9%,Wheat Beer - Witbier / Blanche,Can 440ml,"€ 14,77 per litre"
Belgian White Nitro,"€ 39,99",United States,3.44,Left Hand Brewing Company,4.9%,Wheat Beer - Witbier / Blanche,Can 440ml,"€ 14,77 per litre"
Left Hand IPA,"€ 27,99",United States,3.93,Left Hand Brewing Company,6%,Stout - Milk / Sweet,,
Wake Up Dead,"€ 5,29",United States,3.91,Left Hand Brewing Company,10.2%,Stout - Russian Imperial,355ml,"€ 14,90 per litre"
Wake Up Dead,"€ 19,69",United States,3.91,Left Hand Brewing Company,10.2%,Stout - Russian Imperial,355ml,"€ 55,46 per litre"
Wake Up Dead,"€ 38,29",United States,3.91,Left Hand Brewing Company,10.2%,Stout - Russian Imperial,355ml,"€ 107,86 per litre"
Wake Up Dead,"€ 56,69",United States,3.91,Left Hand Brewing Company,10.2%,Stout - Russian Imperial,355ml,"€ 159,69 per litre"
St. Vrain,"€ 4,49",United States,3.69,Left Hand Brewing Company,9.3%,Belgian Tripel,355ml,"€ 12,65 per litre"
St. Vrain,"€ 17,49",United States,3.69,Left Hand Brewing Company,9.3%,Belgian Tripel,355ml,"€ 49,27 per litre"
St. Vrain,"€ 33,99",United States,3.69,Left Hand Brewing Company,9.3%,Belgian Tripel,355ml,"€ 95,75 per litre"
St. Vrain,"€ 49,99",United States,3.69,Left Hand Brewing Company,9.3%,Belgian Tripel,355ml,"€ 140,82 per litre"
Left Hand IPA,"€ 2,69",United States,3.59,Left Hand Brewing Company,6.6%,IPA - American,355ml,"€ 140,82 per litre"
Left Hand IPA,"€ 9,69",United States,3.59,Left Hand,6.6%,IPA - American,355ml,"€ 140,82 per litre"
Left Hand IPA,"€ 18,69",United States,3.59,Left Hand,6.6%,IPA - American,355ml,"€ 140,82 per litre"
Brew Fallow Plans,"€ 8,50",Wales,4.16,Polly's Brew Co.,8.2%,IPA - Imperial / Double,Can 440ml,"€ 19,32 per litre"
Blech.Brut / Brewski Weird Whimsy,"€ 7,95",Germany,4.08,Blech.Brut,9.5%,IPA - Triple New England / Hazy,Can 440ml,"€ 18,07 per litre"
Blech.Brut / Didko Hat Phantom,"€ 7,25",Germany,3.87,Blech.Brut,6.5%,IPA - New England / Hazy,Can 440ml,"€ 16,48 per litre"
Kees / Mad Scientist Black Potion,"€ 5,75",Netherlands,3.81,Brouwerij Kees,13.8%,Stout - Pastry,330ml,"€ 17,42 per litre"
Kees / Les Intenables Hop Thing,"€ 5,95",Netherlands,3.70,Brouwerij Kees,7%,IPA - Other,Can 440ml,"€ 13,52 per litre"
Novel Stout,"€ 4,50",Netherlands,3.60,Beetles Beer,9%,Stout - Belgian,330ml,"€ 13,64 per litre"
Novel IPA,"€ 4,20",Netherlands,3.60,Beetles Beer,6%,IPA - Belgian,330ml,"€ 12,73 per litre"
Eastern Triangle,"€ 5,75",Netherlands,3.59,Brouwerij Kees,6.2%,IPA - American,Can 440ml,"€ 13,07 per litre"
De Molen Zoet & Hout,"€ 3,75",Netherlands,3.55,Brouwerij de Molen,8%,Porter - Smoked,330ml,"€ 11,36 per litre"
Helles In Wonderland,"€ 3,50",Netherlands,3.45,Jopen,4.8%,Lager - Helles,330ml,"€ 10,61 per litre"
Brewing Foerse,"€ 3,80",Belgium,3.37,Dok Brewing Company,5.5%,Belgian Blonde,330ml,"€ 11,52 per litre"
Brewing Bitter-Ballenbad,"€ 3,50",Belgium,3.25,Dok Brewing Company,4.5%,Bitter - Best,330ml,"€ 10,61 per litre"
Oude Geuze 135 Vandervelden,"€ 9,78",Belgium,4.01,Oud Beersel,6.5%,Lambic - Gueuze,Bottle 375ml,"€ 26,08 per litre"
St. Feuillien Tripel,"€ 44,95",Belgium,3.66,Brasserie St-Feuillien,8.5%,Belgian Tripel,3000ml,"€ 14,98 per litre"
Schneider Weisse Helle Weisse Tap 1,"€ 2,40",Germany,3.61,Schneider Weisse G. Schneider & Sohn,4.9%,Wheat Beer - Hefeweizen,500ml,"€ 4,80 per litre"
Adriaen Brouwer Oaked,"€ 2,60",Belgium,3.61,Brouwerij Roman,10%,Belgian Strong Dark Ale,330ml,"€ 7,88 per litre"
Fusie 3 Little Birds,"€ 3,25",Netherlands,3.56,Brouwerij Fusie,8.1%,Belgian Tripel,330ml,"€ 9,85 per litre"
Blond Animal,"€ 3,25",Netherlands,3.54,Brouwerij Fusie,7.9%,Belgian Blonde,330ml,"€ 9,85 per litre"
Golden Brown,"€ 3,25",Netherlands,3.53,Brouwerij Fusie,9.8%,Belgian Strong Golden Ale,330ml,"€ 9,85 per litre"
Ne Flierefluiter Westelse Tripel,"€ 2,50",Belgium,3.49,Brouwerij Fisser,8.5%,Belgian Tripel,330ml,"€ 7,58 per litre"
La Corne Black,"€ 2,60",Belgium,3.46,Brasserie des Légendes,8%,Belgian Strong Dark Ale,330ml,"€ 7,88 per litre"
B3 Driegranen Tripel,"€ 3,10",Netherlands,3.46,Berging Brouwerij,8.4%,Belgian Tripel,330ml,"€ 9,39 per litre"
Bon Secours 4 Houblons,"€ 2,65",Belgium,3.37,Brasserie Caulier,5.9%,IPA - Belgian,330ml,"€ 8,03 per litre"
Bink Blond,"€ 2,35",Belgium,3.28,Brouwerij Kerkom,5.5%,Belgian Blonde,330ml,"€ 7,12 per litre"
Piedboeuf Bruin Foncée,"€ 3,95",Belgium,2.21,Brasserie Jupiler,1.1%,Table Beer,Bottle 750ml,"€ 5,27 per litre"
Trop Trop,"€ 4,60",Scotland,3.70,Pilot,5.3%,Sour - Fruited,Can 330ml,"€ 13,94 per litre"
Fresh Harvest: Riwaka,"€ 7,29",Sweden,4.03,Fermenterarna,8%,IPA - Imperial / Double New England / Hazy,Can 440ml,"€ 16,57 per litre"
Nectaron,"€ 5,99",Netherlands,3.95,Brouwerij LOST,6.8%,IPA - New England / Hazy,500ml,"€ 11,98 per litre"
Mellow Midnight,"€ 6,49",Sweden,3.81,Fermenterarna,6.2%,IPA - New England / Hazy,Can 440ml,"€ 14,75 per litre"
Jakby,"€ 5,79",Poland,3.74,Browar Birbant,7.2%,IPA - Imperial / Double New England / Hazy,500ml,"€ 11,58 per litre"
Franky,"€ 5,49",Poland,3.65,Browar Birbant,6.5%,IPA - American,500ml,"€ 10,98 per litre"
Sleep No More French Whiskey BA,"€ 10,50",Romania,4.23,Blackout Brewing,11%,Stout - Imperial / Double Coffee,330ml,"€ 31,82 per litre"
Quantum PX,"€ 9,99",Romania,4.17,Blackout Brewing,12%,Stout - Imperial / Double,330ml,"€ 30,27 per litre"
A Trip Inside a Separate Mind,"€ 10,50",Romania,4.16,Blackout Brewing,11%,Stout - Imperial / Double Pastry,330ml,"€ 31,82 per litre"
Brouillon,"€ 14,50",France,3.81,La Franche,7%,Sour - Other,Bottle 750ml,"€ 19,33 per litre"
sur Mer,"€ 9,00",France,3.75,La Franche,4.6%,Sour - Other Gose,Bottle 750ml,"€ 12,00 per litre"
Les étourneaux,"€ 14,50",France,3.75,La Franche,8%,Grape Ale - Other,Bottle 750ml,"€ 19,33 per litre"
Saison brett',"€ 14,50",France,3.61,La Franche,7%,Farmhouse Ale - Saison,Bottle 750ml,"€ 19,33 per litre"
La Planche cassis attaque 2023,"€ 8,80",France,?,La Franche,7%,Sour - Fruited Berliner Weisse,Bottle 375ml,"€ 23,47 per litre"
Laisse tes mains sur mes... 2022,"€ 14,50",France,?,La Franche,8%,Grape Ale - Other,Bottle 750ml,"€ 19,33 per litre"
Quetsche - Surette,"€ 6,80",France,?,La Franche,4.6%,Sour - Fruited Berliner Weisse,Bottle 375ml,"€ 18,13 per litre"
Milson,"€ 6,30",England,3.84,Sureshot Brewing,5.2%,Pale Ale - New England / Hazy,Can 440ml,"€ 14,32 per litre"
Lil'son,"€ 5,40",England,3.68,Sureshot Brewing,3%,Pale Ale - New England / Hazy,Can 440ml,"€ 12,27 per litre"
Glasshouse Sown,"€ 5,70",England,3.93,GlassHouse Beer Co,4.8%,Pale Ale - New England / Hazy,Can 440ml,"€ 12,95 per litre"
Blend 2,"€ 10,80",England,3.86,Balance Brewing & Blending,3.8%,Farmhouse Ale - Saison,Bottle 375ml,"€ 28,80 per litre"
Gouden Carolus Imperial Dark 2017,"€ 14,95",Belgium,4.14,Brouwerij Het Anker,11%,Belgian Strong Dark Ale,Bottle 750ml,"€ 19,93 per litre"
Gouden Carolus Imperial Dark 2019,"€ 12,95",Belgium,4.13,Brouwerij Het Anker,11%,Belgian Strong Dark Ale,Bottle 750ml,"€ 17,27 per litre"
Gouden Carolus Imperial Dark 2021,"€ 10,95",Belgium,4.06,Brouwerij Het Anker,11%,Belgian Strong Dark Ale,Bottle 750ml,"€ 14,60 per litre"
Gouden Carolus Imperial Dark 2022,"€ 9,95",Belgium,4.05,Brouwerij Het Anker,11%,Belgian Strong Dark Ale,Bottle 750ml,"€ 13,27 per litre"
Gouden Carolus Imperial Dark 2020,"€ 11,95",Belgium,4.05,Brouwerij Het Anker,11%,Belgian Strong Dark Ale,Bottle 750ml,"€ 15,93 per litre"
Helemaal Leipa – Juicy NEIPA,"€ 2,99",Netherlands,3.56,Hofbrouwerij Reijngoud,6.5%,IPA - New England / Hazy,330ml,"€ 9,06 per litre"
Double Trouble,"€ 4,30",Belgium,3.72,Brasserie Surréaliste,8.5%,IPA - Imperial / Double,330ml,"€ 13,03 per litre"
Opera Fantastico,"€ 4,00",Belgium,3.58,Brasserie Surréaliste,6.7%,IPA - American,330ml,"€ 12,12 per litre"
FRESH HARVEST: RIWAKA,"€ 5,95",Sweden,4.03,Fermenterarna,8%,IPA - Imperial / Double New England / Hazy,Can 440ml,"€ 13,52 per litre"
SNAKES ON A CRANE,"€ 5,95",Sweden,3.92,Fermenterarna,8%,IPA - Imperial / Double New England / Hazy,Can 440ml,"€ 13,52 per litre"
WEST COAST IPA #005 WAINEA/ IDAHO 7/MOSAIC,"€ 5,35",Sweden,3.69,Fermenterarna,6.8%,IPA - American,Can 440ml,"€ 12,16 per litre"
Zuurbier – Passievrucht Berliner Weisse,"€ 2,79",Netherlands,3.48,Hofbrouwerij Reijngoud,4.5%,Sour - Fruited Berliner Weisse,330ml,"€ 8,45 per litre"
Je Bennie Weiss!,"€ 2,65",Netherlands,3.45,Hofbrouwerij Reijngoud,6%,Wheat Beer - Hefeweizen,330ml,"€ 8,03 per litre"
Hoppa,"€ 2,39",Netherlands,3.45,Hofbrouwerij Reijngoud,4.8%,Pale Ale - New England / Hazy,330ml,"€ 7,24 per litre"
Je Lijkt Wel Een Bootwerker! – Robust Rotterdam Porter,"€ 2,65",Netherlands,3.43,Hofbrouwerij Reijngoud,6.6%,Porter - American,330ml,"€ 8,03 per litre"
Hommage Blend #10 (2016 vintage),"€ 48,20",Belgium,4.48,Brouwerij 3 Fonteinen,4.5%,Lambic - Framboise,Bottle 750ml,"€ 64,27 per litre"
Hommage Blend #36 (2017 vintage),"€ 48,20",Belgium,4.40,Brouwerij 3 Fonteinen,5%,Lambic - Framboise,Bottle 750ml,"€ 64,27 per litre"
Hommage Blend #33 (2019 vintage),"€ 46,80",Belgium,4.38,Brouwerij 3 Fonteinen,5.8%,Lambic - Framboise,Bottle 750ml,"€ 62,40 per litre"
Hommage Blend #9 (2018 vintage),"€ 46,80",Belgium,4.33,Brouwerij 3 Fonteinen,6%,Lambic - Fruit,Bottle 750ml,"€ 62,40 per litre"
Heavenly Hops Soothsayer IPA,"€ 7,00",Denmark,3.82,Amager Bryghus,6.5%,IPA - New England / Hazy,Can 440ml,"€ 15,91 per litre"
Onna-Musha Dryhopped Hazy IPA,"€ 7,00",Denmark,3.59,Amager Bryghus,7%,IPA - New England / Hazy,Can 440ml,"€ 15,91 per litre"
Siren Lumina Session IPA,"€ 3,69",England,3.60,Siren Craft Brew,4.2%,IPA - Session,330ml,"€ 11,18 per litre"
Hiddenseer Weizen,"€ 2,59",Germany,3.57,Rügener Insel-Brauerei,5.6%,Wheat Beer - Hefeweizen,500ml,"€ 5,18 per litre"
Dolden Hell BIO,"€ 2,69",Germany,3.38,Riedenburger Brauhaus,4.8%,Lager - Helles,330ml,"€ 8,15 per litre"
Happy Pils,"€ 2,39",Germany,3.36,BRLO,4.9%,Pilsner - Other,330ml,"€ 7,24 per litre"
Alkoholfrei BIO,"€ 2,19",Germany,2.94,Riedenburger Brauhaus,0.5%,Non-Alcoholic - Lager,330ml,"€ 6,64 per litre"
Fuerst Wiacek Whistles American IPA,"€ 5,99",Germany,3.84,FUERST WIACEK,6.8%,IPA - American,Can 440ml,"€ 13,61 per litre"
Bubba Double NEIPA,"€ 4,99",Italy,3.83,Mister B Brewery,8%,IPA - Imperial / Double New England / Hazy,330ml,"€ 15,12 per litre"
Boodino Pastry Stout,"€ 4,99",Italy,3.74,Mister B Brewery,7.5%,Stout - Pastry,330ml,"€ 15,12 per litre"
Mister B/Nama Brewing BOH 16 White Hazy IPA,"€ 4,99",Italy,3.74,Mister B Brewery,5.5%,IPA - White / Wheat,330ml,"€ 15,12 per litre"
Bamba NEIPA,"€ 4,99",Italy,3.66,Mister B Brewery,6.3%,IPA - New England / Hazy,330ml,"€ 15,12 per litre"
Tafat American IPA,"€ 5,99",Italy,3.63,Mister B Brewery/ Teatro Delle Birre,5.7%,IPA - American,500ml,"€ 11,98 per litre"
Bomba Juicy Pale Ale,"€ 3,99",Italy,3.59,Mister B Brewery,5.4%,Pale Ale - Other,330ml,"€ 12,09 per litre"
Bahia Guava Gose,"€ 4,49",Italy,3.54,Mister B Brewery,4.4%,Sour - Fruited Gose,330ml,"€ 13,61 per litre"
Bu Keller Pils,"€ 5,19",Italy,3.52,Mister B Brewery,4.8%,Kellerbier / Zwickelbier,500ml,"€ 10,38 per litre"
Mister B/Opperbacco Bocciato Belgian Quadrupel,"€ 5,49",Italy,3.52,,4.8%,Kellerbier / Zwickelbier,330ml,"€ 16,64 per litre"
CYCT - Torsion,"€ 6,10",Netherlands,3.85,Moersleutel Craft Brewery,8%,IPA - New England / Hazy,Can 440ml,"€ 13,86 per litre"
CYCT - Rotation,"€ 5,20",Netherlands,3.83,Moersleutel Craft Brewery,6.5%,IPA - New England / Hazy,Can 440ml,"€ 11,82 per litre"
Mont Des Cats,"€ 2,90",France,3.53,Abbaye du Mont des Cats,7.6%,Belgian Strong Golden Ale,330ml,"€ 8,79 per litre"
Kristoffel Wit,"€ 1,75",Belgium,3.33,Brouwerij Martens,5%,Wheat Beer - Witbier / Blanche,330ml,"€ 5,30 per litre"
Averbode Extra,"€ 1,95",Belgium,3.28,Huisbrouwerij Averbode,4.8%,Belgian Enkel / Patersbier,330ml,"€ 5,91 per litre"
Black Fox Slightly Dry Cider BIO,"€ 5,95",England,3.53,Dunkertons,6.8%,Cider - Dry,500ml,"€ 11,90 per litre"
Premium Reserve Organic Medium Dry Cider BIO,"€ 5,25",England,3.50,Dunkertons,6.8%,Cider - Traditional / Apfelwein,500ml,"€ 10,50 per litre"
La Demi Sec Cuveé Claude Biologisch,"€ 10,95",France,?,Domaine des Cinq Autels,4.5%,Cider - Other Fruit,Bottle 750ml,"€ 14,60 per litre"
Perfect Riwaka Motueka,"€ 4,39",Italy,3.93,CRAK Brewery,6.5%,IPA - New England / Hazy,400ml,"€ 10,98 per litre"
Perfect Citra Galaxy,"€ 4,39",Italy,3.90,CRAK Brewery,6.5%,IPA - New England / Hazy,400ml,"€ 10,98 per litre"
Craft Beer – Tropical Therapy,"€ 5,59",France,3.88,Les Intenables - Craft Beer -,6.5%,IPA - New England / Hazy,Can 440ml,"€ 12,70 per litre"
MELLOW MIDNIGHT,"€ 5,35",Sweden,3.81,Fermenterarna,6.2%,IPA - New England / Hazy,Can 440ml,"€ 12,16 per litre"
Mundaka Sunset,"€ 3,59",Italy,3.77,CRAK Brewery,4.6%,IPA - Session,400ml,"€ 8,98 per litre"
Giant Step,"€ 3,85",Italy,3.83,CRAK Brewery,7.5%,IPA - American,400ml,"€ 9,63 per litre"
Guerrilla®,"€ 3,99",Italy,3.72,CRAK Brewery,5.8%,IPA - American,400ml,"€ 9,98 per litre"
Schwarz After Sauna,"€ 3,19",Italy,3.66,CRAK Brewery,5.2%,Schwarzbier,400ml,"€ 7,98 per litre"
Mundaka,"€ 3,19",Italy,3.62,CRAK Brewery,4.6%,IPA - Session,400ml,"€ 7,98 per litre"
Pizzapils,"€ 3,05",Italy,3.57,CRAK Brewery,5%,Pilsner - Other,400ml,"€ 7,63 per litre"
Lord Heathen,"€ 7,79",England,4.09,Northern Monk,8.4%,IPA - Imperial / Double New England / Hazy,Can 440ml,"€ 17,70 per litre"
Atelier Vrai Tell Your Mum I am In Town,"€ 5,99",Germany,3.83,Atelier der Braukünste,5.1%,IPA - Session,Can 440ml,"€ 13,61 per litre"
Roulette Hop Series: HBC 1019,"€ 3,65",Estonia,3.88,Pühaste Brewery,6.5%,IPA - New England / Hazy,330ml,"€ 11,06 per litre"
Fringe Pattern,"€ 4,25",Estonia,3.77,Pühaste Brewery,8%,IPA - Imperial / Double,330ml,"€ 12,88 per litre"
Dilson,"€ 10,10",England,4.10,Sureshot Brewing,8%,IPA - Imperial / Double,Can 440ml,"€ 22,95 per litre"
Lil'son,"€ 5,90",England,3.68,Sureshot Brewing,3%,Pale Ale - New England / Hazy,Can 440ml,"€ 13,41 per litre"
Inktvis,"€ 3,50",Netherlands,3.50,De Kromme Haring,6%,IPA - Black / Cascadian Dark Ale,330ml,"€ 10,61 per litre"
Ongelovige Thomas,"€ 3,75",Netherlands,3.65,Jopen,10%,Belgian Quadrupel,330ml,"€ 11,36 per litre"
Petrus RED,"€ 2,70",Belgium,3.60,Brouwerij De Brabandere,8.5%,Sour - Fruited,330ml,"€ 8,18 per litre"
Arcade Made,"€ 5,50",Scotland,3.72,BrewDog,8%,IPA - Imperial / Double New England / Hazy,Can 440ml,"€ 12,50 per litre"
Lager,"€ 2,70",Poland,3.63,Trzech Kumpli,5.3%,Lager - Helles,Bottle 500ml,"€ 5,40 per litre"
Lager Wiedeński,"€ 3,10",Poland,3.51,Trzech Kumpli,5%,Lager - Vienna,Bottle 500ml,"€ 6,20 per litre"
Charlotte,"€ 3,10",Poland,3.48,Browar Nepomucen,4.9%,Fruit Beer,Bottle 500ml,"€ 6,20 per litre"
Lemon Sparkler,"€ 2,60",Poland,3.48,Piwne Podziemie,4.9%,Pilsner - Other,Can 500ml,"€ 5,20 per litre"
Around,"€ 2,90",Poland,3.43,Browar Nepomucen,4.9%,Lager - Helles,Bottle 500ml,"€ 5,80 per litre"
Cuvee Renee Oude Geuze,"€ 7,20",Belgium,3.73,Brouwerij Lindemans,5%,Lambic - Gueuze,Bottle 375ml,"€ 19,20 per litre"
#DIPA,"€ 106,60",Denmark,3.84,To Øl,8.7%,IPA - Imperial / Double New England / Hazy,24-pack,"Total price: € 106,60"
45 Days Organic Pilsner,"€ 19,60",Denmark,3.32,To Øl,4.7%,Pilsner - Other,6-pack,"Total price: € 19,60"
45 Days Organic Pilsner,"€ 37,10",Denmark,3.32,To Øl,4.7%,Pilsner - Other,12-pack,"Total price: € 37,10"
JACQUES,"€ 3,75",Netherlands,3.78,Big Belly Brewing Company,12.5%,Belgian Quadrupel,330ml,"€ 11,36 per litre"
Walhalla Zeus,"€ 3,95",Netherlands,3.65,Walhalla Brouwerij & Proeflokaal,8%,IPA - Imperial / Double,330ml,"€ 11,97 per litre"
Freedom Lemonade,"€ 3,99",United States,3.88,Revolution Brewing Company,4.5%,Sour - Fruited,330ml,"€ 11,97 per litre"
Freedom Lemonade,"€ 14,99",United States,3.88,Revolution Brewing Company,4.5%,Sour - Fruited,330ml,"€ 11,97 per litre"
Freedom Lemonade,"€ 27,49",United States,3.88,Revolution Brewing Company,4.5%,Sour - Fruited,330ml,"€ 11,97 per litre"
Freedom Lemonade,"€ 39,99",United States,3.88,Revolution Brewing Company,4.5%,Sour - Fruited,330ml,"€ 11,97 per litre"
Hydra Hero,"€ 3,29",United States,3.81,Revolution Brewing Company,7.4%,IPA - New England / Hazy,330ml,"€ 11,97 per litre"
Hydra Hero,"€ 12,49",United States,3.81,Revolution Brewing Company,7.4%,IPA - New England / Hazy,330ml,"€ 11,97 per litre"
Hydra Hero,"€ 23,99",United States,3.81,Revolution Brewing Company,7.4%,IPA - New England / Hazy,330ml,"€ 11,97 per litre"
Hydra Hero,"€ 35,49",United States,3.81,Revolution Brewing Company,7.4%,IPA - New England / Hazy,330ml,"€ 11,97 per litre"
Cashmere Hero,"€ 3,29",United States,3.71,Revolution Brewing Company,7%,IPA - American,,
Cashmere Hero,"€ 12,49",United States,3.71,Revolution Brewing Company,7%,IPA - American,,
Cashmere Hero,"€ 23,99",United States,3.71,Revolution Brewing Company,7%,IPA - American,,
Cashmere Hero,"€ 35,49",United States,3.71,Revolution Brewing Company,7%,IPA - American,,
Rev Pils,"€ 4,49",United States,3.57,Revolution Brewing Company,5.5%,Pilsner - German,355ml,"€ 12,65 per litre"
Rev Pils,"€ 16,69",United States,3.57,Revolution Brewing Company,5.5%,Pilsner - German,355ml,"€ 47,01 per litre"
Rev Pils,"€ 32,49",United States,3.57,Revolution Brewing Company,5.5%,Pilsner - German,355ml,"€ 91,52 per litre"
Rev Pils,"€ 48,29",United States,3.57,Revolution Brewing Company,5.5%,Pilsner - German,355ml,"€ 136,03 per litre"
Freedom Strawberry Lemonade,"€ 3,99",United States,3.90,Revolution Brewing Company,4.5%,Sour - Fruited,355ml,"€ 136,03 per litre"
Freedom Strawberry Lemonade,"€ 14,99",United States,3.90,Revolution Brewing Company,4.5%,Sour - Fruited,355ml,"€ 136,03 per litre"
Freedom Strawberry Lemonade,"€ 27,49",United States,3.90,Revolution Brewing Company,4.5%,Sour - Fruited,355ml,"€ 136,03 per litre"
Freedom Strawberry Lemonade,"€ 39,99",United States,3.90,Revolution Brewing Company,4.5%,Sour - Fruited,355ml,"€ 136,03 per litre"
Freedom of Assembly,"€ 4,49",United States,3.83,Revolution Brewing Company,4.5%,Sour - Fruited,355ml,"€ 136,03 per litre"
Freedom of Assembly,"€ 16,69",United States,3.83,Revolution Brewing Company,4.5%,Sour - Fruited,355ml,"€ 136,03 per litre"
Freedom of Assembly,"€ 32,49",United States,3.83,Revolution Brewing Company,4.5%,Sour - Fruited,355ml,"€ 136,03 per litre"
Freedom of Assembly,"€ 48,29",United States,3.83,Revolution Brewing Company,4.5%,Sour - Fruited,355ml,"€ 136,03 per litre"
Freedom of Expression,"€ 4,49",United States,3.81,Revolution Brewing Company,4.5%,Sour - Fruited,355ml,"€ 136,03 per litre"
Freedom of Expression,"€ 16,69",United States,3.81,Revolution Brewing Company,4.5%,Sour - Fruited,355ml,"€ 136,03 per litre"
Freedom of Expression,"€ 32,49",United States,3.81,Revolution Brewing Company,4.5%,Sour - Fruited,355ml,"€ 136,03 per litre"
Freedom of Expression,"€ 48,29",United States,3.81,Revolution Brewing Company,4.5%,Sour - Fruited,355ml,"€ 136,03 per litre"
Freedom of Press,"€ 4,49",United States,3.81,Revolution Brewing Company,4.5%,Sour - Fruited,,
Freedom of Press,"€ 16,69",United States,3.81,Revolution Brewing Company,4.5%,Sour - Fruited,,
Freedom of Press,"€ 32,49",United States,3.81,Revolution Brewing Company,4.5%,Sour - Fruited,,
Freedom of Press,"€ 48,29",United States,3.81,Revolution Brewing Company,4.5%,Sour - Fruited,,
Repo Man,"€ 3,99",United States,3.79,Revolution Brewing Company,6.4%,Stout - American,355ml,"€ 11,24 per litre"
Repo Man,"€ 14,99",United States,3.79,Revolution Brewing Company,6.4%,Stout - American,355ml,"€ 42,23 per litre"
Repo Man,"€ 28,99",United States,3.79,Revolution Brewing Company,6.4%,Stout - American,355ml,"€ 81,66 per litre"
Repo Man,"€ 42,99",United States,3.79,Revolution Brewing Company,6.4%,Stout - American,355ml,"€ 121,10 per litre"
Infinity-Hero,"€ 2,99",United States,3.77,Revolution Brewing Company,7%,IPA - Other,355ml,"€ 8,42 per litre"
Infinity-Hero,"€ 11,29",United States,3.77,Revolution Brewing Company,7%,IPA - Other,355ml,"€ 31,80 per litre"
Infinity-Hero,"€ 21,69",United States,3.77,Revolution Brewing Company,7%,IPA - Other,355ml,"€ 61,10 per litre"
Infinity-Hero,"€ 32,29",United States,3.77,Revolution Brewing Company,7%,IPA - Other,355ml,"€ 90,96 per litre"
Hazy-Hero,"€ 4,29",United States,3.75,Revolution Brewing Company,7.3%,IPA - New England / Hazy,355ml,"€ 12,08 per litre"
Hazy-Hero,"€ 15,99",United States,3.75,Revolution Brewing Company,7.3%,IPA - New England / Hazy,355ml,"€ 45,04 per litre"
Hazy-Hero,"€ 30,99",United States,3.75,Revolution Brewing Company,7.3%,IPA - New England / Hazy,355ml,"€ 87,30 per litre"
Hazy-Hero,"€ 45,99",United States,3.75,Revolution Brewing Company,7.3%,IPA - New England / Hazy,355ml,"€ 129,55 per litre"
Medusa Hero,"€ 3,29",United States,3.72,Revolution Brewing Company,6.3%,IPA - American,355ml,"€ 129,55 per litre"
Medusa Hero,"€ 12,49",United States,3.72,Revolution Brewing Company,6.3%,IPA - American,355ml,"€ 129,55 per litre"
Medusa Hero,"€ 23,99",United States,3.72,Revolution Brewing Company,6.3%,IPA - American,355ml,"€ 129,55 per litre"
Medusa Hero,"€ 35,49",United States,3.72,Revolution Brewing Company,6.3%,IPA - American,355ml,"€ 129,55 per litre"
Freedom of Speach,"€ 4,49",United States,3.70,Revolution Brewing Company,4.5%,Sour - Fruited,355ml,"€ 12,65 per litre"
Freedom of Speach,"€ 16,69",United States,3.70,Revolution Brewing Company,4.5%,Sour - Fruited,355ml,"€ 47,01 per litre"
Freedom of Speach,"€ 32,49",United States,3.70,Revolution Brewing Company,4.5%,Sour - Fruited,355ml,"€ 91,52 per litre"
Freedom of Speach,"€ 48,29",United States,3.70,Revolution Brewing Company,4.5%,Sour - Fruited,355ml,"€ 136,03 per litre"
Sun Crusher,"€ 3,99",United States,3.63,Revolution Brewing Company,5.3%,Wheat Beer - American Pale Wheat,355ml,"€ 136,03 per litre"
Sun Crusher,"€ 14,99",United States,3.63,Revolution Brewing Company,5.3%,Wheat Beer - American Pale Wheat,355ml,"€ 136,03 per litre"
Sun Crusher,"€ 28,99",United States,3.63,Revolution Brewing Company,5.3%,Wheat Beer - American Pale Wheat,355ml,"€ 136,03 per litre"
Sun Crusher,"€ 42,99",United States,3.63,Revolution Brewing Company,5.3%,Wheat Beer - American Pale Wheat,355ml,"€ 136,03 per litre"
Omer Blond,"€ 7,95",Belgium,3.60,Omer Vander Ghinste,8%,Belgian Blonde,Bottle 750ml,"€ 10,60 per litre"
Zeven Zonden Luxuria,"€ 2,95",Belgium,3.47,Hugel,9%,Belgian Strong Dark Ale,330ml,"€ 8,94 per litre"
#DIPA,"€ 6,10",Denmark,3.84,To Øl,8.7%,IPA - Imperial / Double New England / Hazy,330ml,"€ 8,94 per litre"
45 Days Organic Pilsner,"€ 3,70",Denmark,3.32,To Øl,4.7%,Pilsner - Other,330ml,"€ 8,94 per litre"
Intervalle,"€ 29,00",Switzerland,4.19,Brasserie L'Apaisée,6.3%,Farmhouse Ale - Saison,Bottle 750ml,"€ 38,67 per litre"
Praxis,"€ 17,50",France,4.16,Le Soupir - Brassage & Assemblage,3.8%,Farmhouse Ale - Grisette,Bottle 750ml,"€ 23,33 per litre"
Grodziskie,"€ 17,50",France,4.13,Le Soupir - Brassage & Assemblage,3.5%,Grodziskie / Grätzer,Bottle 750ml,"€ 23,33 per litre"
La société du spectacle,"€ 17,50",France,4.07,Le Soupir - Brassage & Assemblage,7.9%,IPA - Brett,Bottle 750ml,"€ 23,33 per litre"
Panta Rhei,"€ 17,50",France,4.06,Le Soupir - Brassage & Assemblage,4.3%,Farmhouse Ale - Grisette,Bottle 750ml,"€ 23,33 per litre"
Rákóczi Túrós Strawberry edt,"€ 4,98",Hungary,3.69,Mad Scientist,10%,Sour - Smoothie / Pastry,330ml,"€ 15,09 per litre"
Pink Tonic,"€ 1,66",Hungary,3.68,Mad Scientist,6.1%,Pale Ale - New England / Hazy,Bottle 250ml,"€ 6,64 per litre"
Natural Ginger,"€ 1,66",Hungary,3.68,Mad Scientist,6.1%,"Small (0,25l - 0,375l)",Bottle 250ml,"€ 6,64 per litre"
The Black Council,"€ 6,23",Hungary,3.68,Mad Scientist,7%,Stout - Other,Can 440ml,"€ 14,16 per litre"
Barrel Aged Equilibrium = Mostra Coffee Cuvée (Lime Green),"€ 34,99",United States,4.27,Equilibrium Brewery,17%,Stout - Imperial / Double,500ml,"€ 69,98 per litre"
Airport Lounge,"€ 10,79",United States,4.22,DankHouse Brewing Company,8.5%,IPA - Imperial / Double New England / Hazy,473ml,"€ 22,81 per litre"
Flesh To Stone (2024),"€ 39,99",United States,4.17,Bottle Logic Brewing,11.5%,Barleywine - English,500ml,"€ 79,98 per litre"
Motueka DDH Juicy Bits,"€ 9,79",United States,4.16,WeldWerks Brewing Co.,6.7%,IPA - New England / Hazy,473ml,"€ 20,70 per litre"
Alex Made MTV,"€ 10,79",United States,4.15,DankHouse Brewing Company,6%,Sour - Fruited,473ml,"€ 22,81 per litre"
Three Dimensions,"€ 9,99",United States,4.07,WeldWerks Brewing Co.,8.4%,IPA - Imperial / Double New England / Hazy,473ml,"€ 21,12 per litre"
Hopscotch Injury Report,"€ 9,99",United States,4.06,WeldWerks Brewing Co.,8.2%,IPA - Imperial / Double New England / Hazy,473ml,"€ 21,12 per litre"
Sour Crusher - Pink Guava,"€ 6,79",United States,4.01,Skygazer Brewing Company,5%,Sour - Fruited,355ml,"€ 19,13 per litre"
Sour Crusher - Mango,"€ 6,79",United States,3.98,Skygazer Brewing Company,5%,Sour - Fruited,355ml,"€ 19,13 per litre"
Speedway Stout: Horchata Edition,"€ 9,29",United States,3.85,AleSmith Brewing Company,12%,Stout - Imperial / Double Coffee,473ml,"€ 19,64 per litre"
Hacer,"€ 16,79",United States,3.82,Transient Artisan Ales,3.2%,Kvass,500ml,"€ 33,58 per litre"
The Piggy Brewing Acqua Nera,"€ 7,66",France,4.13,The Piggy Brewing Company,11.2%,Stout - Imperial / Double,Can 330ml,"€ 23,21 per litre"
The Piggy Brewing Monstruous Fat Pig Stout Mexican Cake,"€ 7,66",France,4.05,The Piggy Brewing Company,12%,Stout - Imperial / Double Oatmeal,Can 330ml,"€ 23,21 per litre"
The Piggy Brewing Limonata Granité,"€ 4,31",France,3.71,The Piggy Brewing Company,4.8%,Sour - Fruited,Can 440ml,"€ 9,80 per litre"
The Piggy Brewing Galaxy Tornado,"€ 5,34",France,4.03,The Piggy Brewing Company,8%,IPA - Imperial / Double New England / Hazy,Can 440ml,"€ 12,14 per litre"
The Piggy Brewing Idealista,"€ 5,23",France,4.01,The Piggy Brewing Company,8%,IPA - Imperial / Double New England / Hazy,Can 440ml,"€ 11,89 per litre"
The Piggy Brewing Concerto Pour Citra,"€ 4,91",France,3.99,The Piggy Brewing Company,6%,IPA - New England / Hazy,Can 440ml,"€ 11,16 per litre"
The Piggy Brewing Gold Coast,"€ 3,62",France,3.96,The Piggy Brewing Company,8%,IPA - Imperial / Double New England / Hazy,Can 330ml,"€ 10,97 per litre"
The Piggy Brewing Pig IPA,"€ 3,03",France,3.91,The Piggy Brewing Company,5.8%,IPA - New England / Hazy,Can 330ml,"€ 9,18 per litre"
The Piggy Brewing Eroica,"€ 3,34",France,3.82,The Piggy Brewing Company,6.1%,IPA - New England / Hazy,Can 330ml,"€ 10,12 per litre"
The Piggy Brewing Imitation Game,"€ 4,51",France,3.80,The Piggy Brewing Company,4.2%,Sour - Fruited Berliner Weisse,Can 440ml,"€ 10,25 per litre"
The Piggy Brewing Calibre 8,"€ 3,39",France,3.80,The Piggy Brewing Company,8%,IPA - Imperial / Double,Can 330ml,"€ 10,27 per litre"
The Piggy Brewing Big Sur,"€ 4,91",France,3.72,The Piggy Brewing Company,6%,IPA - Sour,Can 440ml,"€ 11,16 per litre"
The Piggy Brewing Passion Ticket,"€ 5,71",France,3.69,The Piggy Brewing Company,5.6%,Sour - Fruited,Can 440ml,"€ 12,98 per litre"
The Piggy Brewing Pick Me Up,"€ 2,95",France,3.69,The Piggy Brewing Company,4.5%,IPA - Session,Can 330ml,"€ 8,94 per litre"
The Piggy Brewing Carte Blanche,"€ 3,01",France,3.56,The Piggy Brewing Company,5%,Wheat Beer - American Pale Wheat,Can 330ml,"€ 9,12 per litre"
Wasson,"€ 5,40",England,3.72,Bluntrock Brewery,3.5%,Pale Ale - English,Can 440ml,"€ 12,27 per litre"
Kapuziner Weißbier Naturtrüb,"€ 1,90",Germany,3.48,Kulmbacher Brauerei,5.4%,Wheat Beer - Hefeweizen,500ml,"€ 3,80 per litre"
Hönicka Helles,"€ 1,90",Germany,3.43,Hönicka Bräu,4.9%,Lager - Helles,500ml,"€ 3,80 per litre"
Pfister Öko-Landbier,"€ 2,20",Germany,2.81,Brauerei Gasthof Pfister,4.9%,Non-Alcoholic - Other,500ml,"€ 4,40 per litre"
Kriek,"€ 9,80",Belgium,4.31,Brasserie Cantillon,5%,Lambic - Kriek,Bottle 375ml,"€ 26,13 per litre"
Camba Chiemsee Pale Dry Hop Pale Ale,"€ 3,19",Germany,3.64,Camba Bavaria,5.3%,Pale Ale - Other,Can 440ml,"€ 7,25 per litre"
Camba Black Shark Imperial Black IPA,"€ 4,49",Germany,3.51,Camba Bavaria,8.5%,IPA - Imperial / Double Black,Can 440ml,"€ 10,20 per litre"
Camba Die Therese Festbier,"€ 3,39",Germany,3.47,Camba Bavaria,6.2%,Festbier,Can 440ml,"€ 7,70 per litre"
Gold,"€ 2,49",Germany,3.38,Schäffler Bräu,5.2%,Lager - Dortmunder / Export,500ml,"€ 4,98 per litre"
BrewDog x Bären-Bräu Hauptstadt Pils,"€ 2,69",Germany,3.12,Berliner Bären-Bräu,5%,Pilsner - German,Can 440ml,"€ 6,11 per litre"
La Vermontoise,"€ 6,75",Belgium,3.80,Brasserie de Blaugies/ Hill Farmstead Brewery,6%,Farmhouse Ale - Saison,Bottle 750ml,"€ 9,00 per litre"
Weisse,"€ 2,17",Germany,3.52,Keesmann Bräu,5%,Wheat Beer - Hefeweizen,500ml,"€ 4,34 per litre"
Abdijbock,"€ 2,75",Netherlands,3.47,Brouwerij Egmond,6.5%,Bock - Single / Traditional,330ml,"€ 8,33 per litre"
Märzen,"€ 2,15",Germany,3.47,Badische Staatsbrauerei Rothaus,5.6%,Märzen,500ml,"€ 4,30 per litre"
Keller,"€ 3,10",Germany,3.46,Brauerei Kundmüller,4.9%,Kellerbier / Zwickelbier,500ml,"€ 6,20 per litre"
Lager,"€ 2,60",Germany,3.39,Brauerei Kundmüller,4.7%,Lager - Helles,500ml,"€ 5,20 per litre"
Brewing Co. X Ten Men Raspberry X Blueberry X Red Currant X Black Currant X Vanilla Smoothie Sour,"€ 5,99",Latvia,4.24,Ārpus Brewing Co.,4.5%,Sour - Smoothie / Pastry,Can 440ml,"€ 13,61 per litre"
TDH Mosaic X Citra DIPA,"€ 5,50",Latvia,3.97,Ārpus Brewing Co.,8%,IPA - Imperial / Double New England / Hazy,Can 440ml,"€ 12,50 per litre"
Bière Brut,"€ 20,95",Belgium,3.76,Brouwerij Malheur,11%,Bière de Champagne / Bière Brut,Bottle 750ml,"€ 27,93 per litre"
Old Crow Vintage Cider,"€ 6,60",Wales,3.68,Gwynt y Ddraig,7.4%,Cider - Traditional / Apfelwein,500ml,"€ 13,20 per litre"
Cuveé du Brasseur Extra-Brut Biologisch,"€ 9,95",France,3.56,La Maison Ferré,5.5%,Cider - Traditional / Apfelwein,Bottle 750ml,"€ 13,27 per litre"
La Cave De Gabriel Cidre Du Perche Brut Biologisch,"€ 9,95",France,3.56,La Maison Ferré,5.5%,Cider - Traditional / Apfelwein,Bottle 750ml,"€ 13,27 per litre"
Devon Dry Crisp Cider,"€ 5,75",England,3.49,Sandford Orchards,5%,Cider - Dry,500ml,"€ 11,50 per litre"
Dry Cider,"€ 5,60",England,3.49,Henney's,6%,Cider - Dry,500ml,"€ 11,20 per litre"
English Pride Medium Cider,"€ 5,75",United States,?,Two Henrys Brewing Company,6.2%,Strong Ale - English,500ml,"€ 11,50 per litre"
Apache Kid Bourbon BA Double Mash Wheat Stout,"€ 22,70",Denmark,4.24,Amager Bryghus,14%,Stout - Imperial / Double,Bottle 750ml,"€ 30,27 per litre"
Doom City DIPA,"€ 8,10",Ireland,3.86,Whiplash,8%,IPA - Imperial / Double New England / Hazy,Can 440ml,"€ 18,41 per litre"
Bookworm,"€ 5,10",Romania,3.86,Hop Hooligans,5%,Lager - Other,Can 500ml,"€ 10,20 per litre"
No No Noats,"€ 5,10",Romania,3.85,Hop Hooligans,5%,Pale Ale - New England / Hazy,Can 500ml,"€ 10,20 per litre"
Whisky Cask,"€ 3,99",Scotland,3.79,Thistly Cross Cider,6.7%,Cider - Traditional / Apfelwein,500ml,"€ 7,98 per litre"
Traditional,"€ 3,99",Scotland,3.66,Thistly Cross Cider,4.4%,Cider - Traditional / Apfelwein,330ml,"€ 12,09 per litre"
Nuba,"€ 5,29",England,3.83,Brew York,6.6%,IPA - New England / Hazy,Can 440ml,"€ 12,02 per litre"
HORAL Oude Geuze Megablend 2013,"€ 73,76",Belgium,4.19,Brouwerij 3 Fonteinen/ Brouwerij Boon/ Brouwerij De Troch/ Brouwerij Lindemans/ + 5 breweries,7%,Lambic - Gueuze,Bottle 750ml,"€ 98,35 per litre"
Fallow Plans,"€ 7,49",Wales,4.16,Polly's Brew Co.,8.2%,IPA - Imperial / Double,Can 440ml,"€ 17,02 per litre"
Circadian Rhythm,"€ 7,49",Wales,4.09,Polly's Brew Co.,8%,IPA - Imperial / Double,Can 440ml,"€ 17,02 per litre"
Extra Orbital,"€ 5,45",Spain,4.02,Basqueland Brewing,8%,IPA - Imperial / Double New England / Hazy,Can 440ml,"€ 12,39 per litre"
Ever Forward,"€ 4,99",Spain,4.02,Basqueland Brewing,6.5%,IPA - New England / Hazy,Can 440ml,"€ 11,34 per litre"
World in a World,"€ 5,59",Netherlands,3.98,Folkingebrew,8.5%,IPA - Sour,Can 440ml,"€ 12,70 per litre"
NECTARON,"€ 4,99",Netherlands,3.95,Brouwerij LOST,6.8%,IPA - New England / Hazy,500ml,"€ 9,98 per litre"
Night Bloom,"€ 4,99",Spain,3.85,Basqueland Brewing,6.5%,IPA - New England / Hazy,Can 440ml,"€ 11,34 per litre"
Barrel Aged Equilibrium = Mostra Coffee Cuvée (Lime Green),"€ 37,50",United States,4.27,Equilibrium Brewery,17%,Stout - Imperial / Double,500ml,"€ 75,00 per litre"
Motueka DDH Juicy Bits,"€ 9,95",United States,4.16,WeldWerks Brewing Co.,6.7%,IPA - New England / Hazy,473ml,"€ 21,04 per litre"
Three Dimensions,"€ 9,95",United States,4.07,WeldWerks Brewing Co.,8.4%,IPA - Imperial / Double New England / Hazy,473ml,"€ 21,04 per litre"
Hopscotch Injury Report,"€ 9,95",United States,4.06,WeldWerks Brewing Co.,8.2%,IPA - Imperial / Double New England / Hazy,473ml,"€ 21,04 per litre"
Strata Nebula,"€ 9,95",United States,3.99,Equilibrium Brewery,8.5%,IPA - Imperial / Double,473ml,"€ 21,04 per litre"
Canada – Belle Prise,"€ 8,50",Canada,4.04,Brasserie du Bas-Canada,5%,Lager - Other,473ml,"€ 17,97 per litre"
Kryptos (2024),"€ 39,99",United States,4.23,Bottle Logic Brewing,12.4%,Barleywine - English,500ml,"€ 79,98 per litre"
Fazy (2024),"€ 10,99",Canada,4.19,Badlands Brewing Company,6.5%,IPA - American,Can 470ml,"€ 23,38 per litre"
Techno Tomboy,"€ 7,39",United States,4.07,Outer Range Brewing Co.,7.2%,IPA - New England / Hazy,Can 440ml,"€ 16,80 per litre"
Riwaka Kills (2024),"€ 8,49",Canada,3.87,Third Moon Brewing Company,5.2%,Pilsner - New Zealand,Can 470ml,"€ 18,06 per litre"
Speedway Stout: Horchata Edition,"€ 5,99",United States,3.85,AleSmith Brewing Company,12%,Stout - Imperial / Double Coffee,Can 470ml,"€ 12,74 per litre"
Blue Bus Call,"€ 4,99",Spain,3.72,Cervesa Espiga,6.7%,IPA - American,Can 440ml,"€ 11,34 per litre"
Zero Power,"€ 3,00",Slovakia,3.10,Nilio Brewery,0.5%,Non-Alcoholic - Other,330ml,"€ 9,09 per litre"
Urban Orchard Cans,"€ 3,00",England,3.35,Hawkes,4.5%,Cider - Dry,330ml,"€ 9,09 per litre"
Hoptimium Triple IPA,"€ 8,20",United States,3.95,Sierra Nevada Brewing Co.,11%,IPA - Triple,355ml,"€ 23,10 per litre"
Cool Little Thing,"€ 4,90",United States,3.80,Sierra Nevada Brewing Co.,7.5%,IPA - New England / Hazy,355ml,"€ 13,80 per litre"
BIG Little Thing,"€ 8,30",United States,3.75,Sierra Nevada Brewing Co.,9%,IPA - Imperial / Double,355ml,"€ 23,38 per litre"
Brett-Elle Oude Geuze,"€ 4,52",Belgium,3.93,Lambiek Fabriek,5.5%,Lambic - Gueuze,Bottle 375ml,"€ 12,05 per litre"
Sauvage Passion / Bergamote / Thym,"€ 6,40",France,4.09,Brasserie Iron,7%,Wild Ale - Other,330ml,"€ 19,39 per litre"
Golgoth Whisky Barrel Aged,"€ 7,40",France,4.05,Brasserie Iron,11%,Stout - Imperial / Double Oatmeal,330ml,"€ 22,42 per litre"
Spontanée Pamplemousse,"€ 6,30",France,4.04,Brasserie Iron,7%,Wild Ale - Other,330ml,"€ 19,09 per litre"
Iron | Gose Abricot Laurier | 6%,"€ 4,30",France,3.79,Brasserie Iron,6%,Sour - Fruited Gose,330ml,"€ 13,03 per litre"
Blanche Gingembre Citron Vert,"€ 2,90",France,3.67,Brasserie Iron,5%,Wheat Beer - Other,330ml,"€ 8,79 per litre"
Blonde IPA,"€ 2,70",France,?,Brasserie Iron,5.5%,IPA - Session,330ml,"€ 8,18 per litre"
(Growler) Trombolese,"€ 8,99",England,3.98,Neon Raptor Brewing Co.,8%,IPA - Imperial / Double New England / Hazy,Can 440ml,"€ 20,43 per litre"
Radler Kers 2.0,"€ 1,45",Netherlands,3.22,Lindeboom,2%,Shandy / Radler,300ml,"€ 4,83 per litre"
Tripel,"€ 5,99",United States,3.87,Allagash Brewing Company,9%,Belgian Tripel,355ml,"€ 16,87 per litre"
Tripel,"€ 22,49",United States,3.87,Allagash Brewing Company,9%,Belgian Tripel,355ml,"€ 63,35 per litre"
Tripel,"€ 43,49",United States,3.87,Allagash Brewing Company,9%,Belgian Tripel,355ml,"€ 122,51 per litre"
Tripel,"€ 64,49",United States,3.87,Allagash Brewing Company,9%,Belgian Tripel,355ml,"€ 181,66 per litre"
North Sky [Bottle],"€ 5,99",United States,3.76,Allagash Brewing Company,7.5%,Stout - Belgian,355ml,"€ 181,66 per litre"
North Sky [Bottle],"€ 22,49",United States,3.76,Allagash Brewing Company,7.5%,Stout - Belgian,355ml,"€ 181,66 per litre"
North Sky [Bottle],"€ 43,49",United States,3.76,Allagash Brewing Company,7.5%,Stout - Belgian,355ml,"€ 181,66 per litre"
North Sky [Bottle],"€ 64,49",United States,3.76,Allagash Brewing Company,7.5%,Stout - Belgian,,
White [ can],"€ 4,69",United States,3.75,Allagash Brewing Company,5.2%,Wheat Beer - Witbier / Blanche,355ml,"€ 13,21 per litre"
White [ can],"€ 17,69",United States,3.75,Allagash Brewing Company,5.2%,Wheat Beer - Witbier / Blanche,355ml,"€ 49,83 per litre"
White [ can],"€ 33,99",United States,3.75,Allagash Brewing Company,5.2%,Wheat Beer - Witbier / Blanche,355ml,"€ 95,75 per litre"
White [ can],"€ 50,49",United States,3.75,Allagash Brewing Company,5.2%,Wheat Beer - Witbier / Blanche,355ml,"€ 142,23 per litre"
White [Bottle],"€ 5,49",United States,3.75,Allagash Brewing Company,5.2%,Wheat Beer - Witbier / Blanche,355ml,"€ 142,23 per litre"
White [Bottle],"€ 20,69",United States,3.75,Allagash Brewing Company,5.2%,Wheat Beer - Witbier / Blanche,355ml,"€ 142,23 per litre"
White [Bottle],"€ 39,69",United States,3.75,Allagash Brewing Company,5.2%,Wheat Beer - Witbier / Blanche,355ml,"€ 142,23 per litre"
White [Bottle],"€ 58,99",United States,3.75,Allagash Brewing Company,5.2%,Wheat Beer - Witbier / Blanche,355ml,"€ 142,23 per litre"
Hop Reach [ can],"€ 3,99",United States,3.73,Allagash Brewing Company,6.8%,IPA - American,355ml,"€ 11,24 per litre"
Hop Reach [ can],"€ 14,95",United States,3.73,Allagash Brewing Company,6.8%,IPA - American,355ml,"€ 42,11 per litre"
Hop Reach [ can],"€ 29,03",United States,3.73,Allagash Brewing Company,6.8%,IPA - American,355ml,"€ 81,77 per litre"
Hop Reach [ can],"€ 42,95",United States,3.73,Allagash Brewing Company,6.8%,IPA - American,355ml,"€ 120,99 per litre"
Precious,"€ 4,50",Poland,3.88,Browarny Craft Beer,6.5%,IPA - New England / Hazy,Can 500ml,"€ 9,00 per litre"
Basket Case,"€ 4,60",Poland,3.82,Browarny Craft Beer,6.5%,IPA - New England / Hazy,Can 500ml,"€ 9,20 per litre"
Jupiter,"€ 5,10",Poland,3.77,Browarny Craft Beer,6%,Sour - Fruited Gose,Can 500ml,"€ 10,20 per litre"
Remake,"€ 4,20",Poland,3.65,Browarny Craft Beer,6.5%,IPA - Cold,Can 500ml,"€ 8,40 per litre"
Memory Find,"€ 4,00",Poland,3.63,Magic Road,5.5%,IPA - Session,Can 500ml,"€ 8,00 per litre"
Ezel,"€ 4,90",Poland,3.62,Browarny Craft Beer,6%,Sour - Smoothie / Pastry,Can 500ml,"€ 9,80 per litre"
B2B,"€ 5,10",Poland,3.60,Browarny Craft Beer,6%,IPA - Sour,Can 500ml,"€ 10,20 per litre"
Antwerp Heaven Hill Bourbon Barrel Aged,"€ 7,75",Belgium,4.18,Galea Craft Beers,14.5%,Stout - Imperial / Double,330ml,"€ 23,48 per litre"
Pannepot Special Reserva Vintage 2019,"€ 5,00",Belgium,3.99,De Struise Brouwers,10%,Belgian Strong Dark Ale,330ml,"€ 15,15 per litre"
Duchesse Chocolate Cherry,"€ 3,15",Belgium,3.90,Brouwerij Verhaeghe,6.8%,Sour - Flanders Red Ale,330ml,"€ 9,55 per litre"
Rochefort 8,"€ 2,35",Belgium,3.85,Abbaye Notre-Dame de Saint-Rémy,9.2%,Belgian Strong Dark Ale,330ml,"€ 7,12 per litre"
Galea Grand Cru Reserva 2023,"€ 15,50",Belgium,3.84,Galea Craft Beers,10.5%,Bière de Champagne / Bière Brut,Bottle 750ml,"€ 20,67 per litre"
Swiekes Black Out,"€ 2,25",Belgium,3.84,Bierfirma Swiekes,8.8%,Belgian Strong Dark Ale,330ml,"€ 6,82 per litre"
Cuvée Clarisse Wild Weasel Whisky Infused,"€ 2,50",Belgium,3.75,Brouwerij Wilderen,10.2%,Belgian Strong Dark Ale,330ml,"€ 7,58 per litre"
Orval,"€ 2,85",Belgium,3.68,Brasserie d'Orval,6.2%,Pale Ale - Belgian,330ml,"€ 8,64 per litre"
Cuvée Clarisse Omerta Rum Infused,"€ 2,80",Belgium,3.66,Brouwerij Wilderen,11.2%,Belgian Strong Dark Ale,330ml,"€ 8,48 per litre"
Swiekes Tripppel,"€ 2,25",Belgium,3.53,Bierfirma Swiekes,8.5%,Belgian Tripel,330ml,"€ 6,82 per litre"
De Hopsnor,"€ 3,40",Netherlands,3.39,De Dorstige Geelbuik,6.1%,IPA - American,330ml,"€ 10,30 per litre"
Arpus Brewing Co. Cherry X Mango X Vanilla Sour Ale,"€ 5,03",Latvia,4.24,Ārpus Brewing Co.,5%,Sour - Smoothie / Pastry,Can 440ml,"€ 11,43 per litre"
Our Woods,"€ 6,50",Wales,3.89,Polly's Brew Co.,5.4%,Pale Ale - New England / Hazy,Can 440ml,"€ 14,77 per litre"
On The Surface,"€ 6,30",Wales,3.59,Polly's Brew Co.,5.6%,Pale Ale - American,Can 440ml,"€ 14,32 per litre"
Even Sharks Need Water,"€ 8,19",England,4.08,Verdant Brewing Co,6.5%,IPA - New England / Hazy,Can 440ml,"€ 18,61 per litre"
Waar Is Loca,"€ 3,50",Belgium,3.48,Dok Brewing Company,6.5%,Pale Ale - Belgian,330ml,"€ 10,61 per litre"
Hero,"€ 3,50",Spain,3.36,Basqueland Brewing,0.5%,Non-Alcoholic - IPA,330ml,"€ 10,61 per litre"
Bitter-Ballenbad,"€ 3,50",Belgium,3.25,Dok Brewing Company,4.5%,Bitter - Best,330ml,"€ 10,61 per litre"
Lite,"€ 2,95",Spain,3.10,Basqueland Brewing,3.5%,Lager - American Light,330ml,"€ 8,94 per litre"
Arpus Brewing Co. Tdh Nelson X Mosaic Ipa,"€ 5,99",Latvia,4.01,Ārpus Brewing Co.,6.5%,IPA - New England / Hazy,330ml,"€ 8,94 per litre"
Arpus Brewing Co. Tdh Mosaic X Citra Dipa,"€ 6,50",Latvia,4.01,Ārpus Brewing Co.,6.5%,IPA - New England / Hazy,,
Arpus Brewing Co. Tdh Nelson X Strata Ipa,"€ 5,03",Latvia,3.99,Ārpus Brewing Co.,6.5%,IPA - New England / Hazy,,
Arpus Brewing Co. Apricot X Pineapple X Coconut X Vanilla Smoothie Sour Ale,"€ 5,87",Latvia,4.24,Ārpus Brewing Co.,5%,Sour - Smoothie / Pastry,Can 440ml,"€ 13,34 per litre"
World In a World,"€ 7,00",Netherlands,3.98,Folkingebrew,7%,IPA - Sour,Can 440ml,"€ 15,91 per litre"
Floc Plenty Kohia Nelson,"€ 8,90",England,4.17,Floc.,8%,IPA - Imperial / Double New England / Hazy,Can 440ml,"€ 20,23 per litre"
Floc Easier,"€ 6,30",England,3.90,Floc.,5.5%,Pale Ale - New England / Hazy,Can 440ml,"€ 14,32 per litre"
Roulette Hop Series: HBC 1019,"€ 4,00",Estonia,3.88,Pühaste Brewery,6.9%,IPA - New England / Hazy,330ml,"€ 12,12 per litre"
Fringe Pattern,"€ 4,75",Estonia,3.77,Pühaste Brewery,8%,IPA - Imperial / Double,330ml,"€ 14,39 per litre"
Som Tum Mamuang 2024,"€ 12,75",Hungary,3.76,MadX,10.6%,Mead - Other,Bottle 375ml,"€ 34,00 per litre"
Arpus Brewing Co. Red Wine Barrel Aged Saison,"€ 5,03",United States,3.71,Oyster Bay Brewing Company,10.5%,Stout - Imperial / Double,Bottle 375ml,"€ 34,00 per litre"
Lübi Premium,"€ 5,79",Germany,3.80,Sudden Death Brewing Co.,5.5%,Pale Ale - XPA (Extra Pale),Can 440ml,"€ 13,16 per litre"
Lübecker Zwickel,"€ 5,29",Germany,3.61,Sudden Death Brewing Co.,4.8%,Kellerbier / Zwickelbier,Can 440ml,"€ 12,02 per litre"
Lübecker Helles,"€ 4,99",Germany,3.57,Sudden Death Brewing Co.,4.8%,Lager - Helles,Can 440ml,"€ 11,34 per litre"
Lübecker Pilsener,"€ 5,29",Germany,3.53,Sudden Death Brewing Co.,4.8%,Pilsner - German,Can 440ml,"€ 12,02 per litre"
Strawberry Sundae,"€ 4,99",Scotland,3.95,Vault City Brewing,5%,Sour - Fruited,330ml,"€ 15,12 per litre"
Cherry Blast Slushy Sour,"€ 7,49",Scotland,3.94,Vault City Brewing,5.9%,Sour - Fruited,Can 440ml,"€ 17,02 per litre"
Cloudy Lemonade Citra & Nelson Sauvin,"€ 4,99",Scotland,3.91,Vault City Brewing,3.7%,Sour - Fruited,330ml,"€ 15,12 per litre"
Mountain Brew,"€ 7,49",Scotland,3.74,Vault City Brewing,4.5%,Sour - Fruited,Can 440ml,"€ 17,02 per litre"
Tropical Twist,"€ 4,99",Scotland,3.69,Vault City Brewing,4.5%,Sour - Fruited,330ml,"€ 15,12 per litre"
Mini Mangoes,"€ 4,99",Scotland,3.68,Vault City Brewing,3.3%,Sour - Fruited,Can 440ml,"€ 11,34 per litre"
Tilmans Cola Mix,"€ 2,59",Germany,3.65,Tilmans Biere,5.1%,Lager - Helles,500ml,"€ 5,18 per litre"
Das Echte Bernstein,"€ 2,00",Germany,3.29,Klosterbrauerei Kemnath,5.1%,Lager - Amber / Red,500ml,"€ 4,00 per litre"
Lode Of Gold TDH DIPA,"€ 6,99",Germany,4.05,Sudden Death Brewing Co.,7.7%,IPA - Imperial / Double New England / Hazy,Can 440ml,"€ 15,89 per litre"
Six One Nine Fruit Sour,"€ 6,99",Germany,3.91,Sudden Death Brewing Co.,5.1%,Sour - Fruited,Can 440ml,"€ 15,89 per litre"
Atelier Vrai Tell your Mom I am in Town Session IPA,"€ 6,49",Germany,3.83,Atelier der Braukünste,5.1%,IPA - Session,Can 440ml,"€ 14,75 per litre"
Blech.Brut Helles,"€ 4,99",Germany,3.72,Blech.Brut 8 Bit,5.3%,Lager - Helles,Can 440ml,"€ 11,34 per litre"
Cherry First Imperial Fruited Sour,"€ 6,99",Germany,3.64,Blech.Brut,9.2%,Sour - Fruited,Can 440ml,"€ 15,89 per litre"
Weiherer Festbier,"€ 2,69",Germany,3.56,Brauerei Kundmüller,5.6%,Festbier,500ml,"€ 5,38 per litre"
Night Spirit 2018,"€ 39,95",New Zealand,4.23,Kererū Brewing Company,12%,Stout - Imperial / Double,500ml,"€ 79,90 per litre"
Bleu,"€ 6,80",Belgium,3.90,Bières de Chimay,9%,Belgian Strong Dark Ale,330ml,"€ 20,61 per litre"
Tegernseer Helles,"€ 4,40",Germany,3.63,Herzoglich Bayerisches Brauhaus Tegernsee,4.8%,Lager - Helles,500ml,"€ 8,80 per litre"
Framboise,"€ 7,60",Belgium,3.54,Brouwerij Boon,5%,Lambic - Framboise,Bottle 375ml,"€ 20,27 per litre"
Puhaste Dekadents,"€ 4,75",Estonia,4.08,Pühaste Brewery,11.2%,Stout - Imperial / Double,330ml,"€ 14,39 per litre"
LOULOU,"€ 2,95",Netherlands,3.39,Big Belly Brewing Company,6.3%,Blonde / Golden Ale - Other,330ml,"€ 8,94 per litre"
Grand Cru,"€ 2,40",Belgium,3.65,Brouwerij Rodenbach,6%,Sour - Flanders Red Ale,330ml,"€ 7,27 per litre"
Fruitage,"€ 1,95",Belgium,3.50,Brouwerij Rodenbach,3.9%,Fruit Beer,330ml,"€ 5,91 per litre"
Transatlantic Krush,"€ 8,40",England,4.00,Wylam,6.4%,IPA - New England / Hazy,Can 440ml,"€ 19,09 per litre"
Wishful Thinking,"€ 7,40",Wales,3.78,Polly's Brew Co.,5.3%,Pale Ale - New England / Hazy,Can 440ml,"€ 16,82 per litre"
CYCT Torsion,"€ 6,49",Netherlands,3.85,Moersleutel Craft Brewery,8%,IPA - New England / Hazy,Can 440ml,"€ 14,75 per litre"
Poolside,"€ 5,49",Netherlands,3.84,Dutch Bargain,9%,IPA - Triple New England / Hazy,330ml,"€ 16,64 per litre"
CYCT Rotation,"€ 5,99",Netherlands,3.83,Moersleutel Craft Brewery,6.5%,IPA - New England / Hazy,Can 440ml,"€ 13,61 per litre"
Kveik Culture: Alesmith,"€ 4,99",Norway,3.70,LERVIG,6.5%,IPA - American,330ml,"€ 15,12 per litre"
Unchained Sin: Blood Orange,"€ 3,99",Spain,3.41,La Pirata Brewing,0.5%,Non-Alcoholic - IPA,330ml,"€ 12,09 per litre"
No Worries FYR OPP!,"€ 2,49",Norway,3.17,LERVIG,0.5%,Non-Alcoholic - IPA,330ml,"€ 7,55 per litre"
No Worries Radler,"€ 2,49",Norway,2.82,LERVIG,0.5%,Non-Alcoholic - Shandy / Radler,330ml,"€ 7,55 per litre"
Hopfather,"€ 3,50",Netherlands,3.57,Oersoep,6%,IPA - American,330ml,"€ 10,61 per litre"
Saison Blond,"€ 3,79",Netherlands,3.58,Brouwerij Vogelvrij,8%,Farmhouse Ale - Saison,330ml,"€ 10,61 per litre"
Victoria,"€ 36,40",Netherlands,4.14,Tommie Sjef,7%,Wild Ale - Other,Bottle 750ml,"€ 48,53 per litre"
Silhouet,"€ 36,50",Netherlands,4.04,Tommie Sjef,8.2%,Wild Ale - Other,Bottle 750ml,"€ 48,67 per litre"
Trace,"€ 36,50",Netherlands,3.95,Tommie Sjef,9.5%,Wild Ale - American,Bottle 750ml,"€ 48,67 per litre"
Tripel Karmeliet,"€ 2,55",Belgium,3.99,Brouwerij Bosteels,8.4%,Belgian Tripel,330ml,"€ 7,73 per litre"
Blonde Tripel,"€ 2,60",Belgium,3.60,Brasserie Lupulus,8.5%,Belgian Tripel,330ml,"€ 7,88 per litre"
Zeeuws Blond,"€ 3,10",Netherlands,3.45,Dutch Bargain,6.7%,Blonde / Golden Ale - Other,330ml,"€ 9,39 per litre"
Seawise,"€ 3,00",Netherlands,3.14,Dutch Bargain,4.3%,Wheat Beer - Fruited,330ml,"€ 9,09 per litre"
Torpedo,"€ 5,10",United States,3.99,Sierra Nevada Brewing Co.,7.2%,IPA - Imperial / Double,350ml,"€ 14,57 per litre"
Bush Scaldis Peach,"€ 5,90",Belgium,3.43,Brasserie Dubuisson,8.5%,Fruit Beer,330ml,"€ 17,88 per litre"
Straffe Hendrik Quadrupel,"€ 3,10",Belgium,3.89,Brouwerij De Halve Maan,11%,Belgian Quadrupel,330ml,"€ 9,39 per litre"
Brugse Zot Blond,"€ 2,25",Belgium,3.67,Brouwerij De Halve Maan,6%,Belgian Blonde,330ml,"€ 6,82 per litre"
Texels Skuumkoppe,"€ 1,90",Netherlands,3.62,Texelse Bierbrouwerij,6%,Wheat Beer - Dunkelweizen,Bottle 300ml,"€ 6,33 per litre"
Faro,"€ 1,50",Belgium,3.47,Brouwerij Lindemans,5%,Lambic - Faro,Bottle 330ml,"€ 4,55 per litre"
Piccadilly Pilsner,"€ 3,90",England,3.60,Cloudwater Brew Co.,4.2%,Pilsner - Other,4-pack,"Total price: € 3,90"
Piccadilly Pilsner,"€ 13,20",England,3.60,Cloudwater Brew Co.,4.2%,Pilsner - Other,4-pack,"Total price: € 13,20"
New Born Blond It's A Girl (Geboortebier),"€ 4,25",Netherlands,3.36,Mister Hop,5.5%,Belgian Blonde,330ml,"€ 12,88 per litre"
Maneblusser Wit,"€ 1,99",Belgium,3.43,Brouwerij Het Anker,5.4%,Wheat Beer - Witbier / Blanche,330ml,"€ 6,03 per litre"
Lactic Fantastic - Apricot,"€ 4,95",Netherlands,3.58,De Kromme Haring,5%,Wild Ale - American,330ml,"€ 15,00 per litre"
Cherry Fist,"€ 6,30",Germany,3.64,Blech.Brut,9.2%,Sour - Fruited,Can 440ml,"€ 14,32 per litre"
Force Majeure – Bourbon en Rum BA Imp Stout,"€ 18,95",Netherlands,3.88,Van Moll,11.2%,Stout - Imperial / Double,Bottle 750ml,"€ 25,27 per litre"
Super Papa! – Tripel,"€ 9,45",Netherlands,3.74,Van Moll,9%,Belgian Tripel,Bottle 750ml,"€ 12,60 per litre"
Timmermans Oude Kriek,"€ 5,55",Belgium,3.72,Brewery John Martin & Brewery Timmermans,6.7%,Lambic - Kriek,Bottle 375ml,"€ 14,80 per litre"
LeFort Tripel,"€ 8,45",Belgium,3.72,Omer Vander Ghinste,8.8%,Belgian Tripel,Bottle 750ml,"€ 11,27 per litre"
LeFort 10 – Donker,"€ 9,25",Belgium,3.62,Omer Vander Ghinste,10%,Belgian Strong Dark Ale,Bottle 750ml,"€ 12,33 per litre"
Lervig  FYR OPP!  No Worries Yuzu 0.5,"€ 3,10",Norway,3.17,LERVIG,0.5%,Non-Alcoholic - IPA,Can 330ml,"€ 9,39 per litre"
Sacred Heart XII  Eisbock Pastry Stout pecan pie,"€ 18,95",France,4.05,La Débauche,26%,Freeze-Distilled Beer,330ml,"€ 57,42 per litre"
Sacred Heart XI  Eisbock Pastry Stout crème brûlée,"€ 18,95",France,4.18,La Débauche,26%,Freeze-Distilled Beer,330ml,"€ 57,42 per litre"
Disbauxa,"€ 8,45",Spain,4.11,La Calavera,6%,Grape Ale - Other,Bottle 375ml,"€ 22,53 per litre"
La Calavera- Kingslayer,"€ 6,60",Spain,3.91,La Calavera,4.7%,Sour - Fruited,Can 440ml,"€ 15,00 per litre"
Brett in Bad,"€ 8,45",Spain,3.68,La Calavera,6.7%,Farmhouse Ale - Saison,Bottle 375ml,"€ 22,53 per litre"
Verzet Golden Tricky,"€ 2,61",Belgium,3.47,Brouwerij 't Verzet,7.5%,IPA - Belgian,Bottle 330ml,"€ 7,91 per litre"
Schneider Cuvée Barrique TAPX (2019),"€ 12,95",Germany,3.61,Schneider Weisse G. Schneider & Sohn,9.5%,Bock - Weizendoppelbock,Bottle 750ml,"€ 17,27 per litre"
Mari e Monti,"€ 8,45",Spain,4.06,La Calavera,6.5%,Sour - Other,Bottle 375ml,"€ 22,53 per litre"
Tete De Mort Cadeauset + Glas,"€ 24,99",Belgium,3.55,Brasserie du Bocq,8.1%,Belgian Tripel,330ml,"€ 75,73 per litre"
Common Grounds,"€ 6,10",Netherlands,4.04,Moersleutel Craft Brewery,12%,Stout - Imperial / Double Pastry,Can 440ml,"€ 13,86 per litre"
Motor Oil: Double Hopped,"€ 5,90",Netherlands,3.94,Moersleutel Craft Brewery,11%,Stout - Imperial / Double,Can 440ml,"€ 13,41 per litre"
Tynt Meadow,"€ 3,45",England,3.64,Mount Saint Bernard Abbey,7.4%,Strong Ale - English,330ml,"€ 10,45 per litre"
Honey - Mead Cider,"€ 4,05",Netherlands,3.52,Elegast Cidery,8.4%,Mead - Cyser,330ml,"€ 12,27 per litre"
Nachtvorst,"€ 9,60",Netherlands,?,Elegast Cidery,17.5%,Cider - Ice,500ml,"€ 19,20 per litre"
Nachtvorstin,"€ 9,60",Netherlands,?,Elegast Cidery,17.5%,Cider - Ice,500ml,"€ 19,20 per litre"
King Crush Mango & Passionfruit Double Milkshake IPA,"€ 3,90",Scotland,3.71,BrewDog,8.4%,IPA - Imperial / Double Milkshake,Can 440ml,"€ 8,86 per litre"
Arrogant Bastard Ale,"€ 3,90",United States,3.68,Arrogant Consortia,7.2%,Strong Ale - American,Can 475ml,"€ 8,21 per litre"
Apfelstrudel Doppelbock,"€ 4,25",Netherlands,3.62,Uiltje Brewing Company,11%,Bock - Doppelbock,330ml,"€ 12,88 per litre"
Mr. President Double IPA,"€ 4,60",Scotland,3.62,BrewDog,9.2%,IPA - Imperial / Double,Can 440ml,"€ 10,45 per litre"
Speciale Belge,"€ 1,40",Belgium,3.36,Brouwerij Palm,5.2%,Pale Ale - Belgian,Bottle 250ml,"€ 5,60 per litre"
Pilsener,"€ 1,25",Netherlands,2.90,Lindeboom,5%,Pilsner - Other,300ml,"€ 4,17 per litre"
Swinckels 0.0,"€ 1,25",Netherlands,2.85,Royal Swinkels Family Brewers,5%,Non-Alcoholic - Lager,330ml,"€ 3,79 per litre"
Barrel Project – Moscatel  2024,"€ 5,45",Netherlands,3.71,Brouwerij Kees,8.5%,Farmhouse Ale - Saison,Can 330ml,"€ 16,52 per litre"
Meinel Kellermärzen,"€ 2,10",Germany,3.55,Meinel Bräu,5.6%,Märzen,500ml,"€ 4,20 per litre"
Wild Sinister Kid Sour Cherry,"€ 36,60",United States,4.30,Trillium Brewing Company,11%,Wild Ale - American,Bottle 750ml,"€ 48,80 per litre"
Fated Farmer - Asian Pear,"€ 28,20",United States,4.15,Trillium Brewing Company,6.9%,Wild Ale - American,Bottle 750ml,"€ 37,60 per litre"
150 Forte Blond,"€ 4,49",Belgium,3.75,Bières de Chimay,10%,Belgian Strong Golden Ale,330ml,"€ 13,61 per litre"
Huyghe Delirium Argentum Hopped Amber IPA,"€ 3,99",Belgium,3.60,Delirium - Huyghe Brewery,7%,IPA - Belgian,330ml,"€ 12,09 per litre"
Tarot NOIR Strong Fruit Beer,"€ 3,59",Belgium,3.55,Brouwerij Lindemans,8%,Fruit Beer,Bottle 250ml,"€ 14,36 per litre"
Tarot D'OR Strong Fruit Beer,"€ 3,59",Belgium,3.42,Brouwerij Lindemans,8%,Fruit Beer,Bottle 250ml,"€ 14,36 per litre"
Hacker Pschorr Can Anno 1417 Munich Keller Bier,"€ 3,80",Germany,3.51,Hacker-Pschorr,5.5%,Kellerbier / Zwickelbier,500ml,"€ 7,60 per litre"
Depende,"€ 5,29",Spain,4.13,Little Rain Brewing Company,7.3%,IPA - New England / Hazy,Can 440ml,"€ 12,02 per litre"
Breeze,"€ 5,99",Spain,4.07,SOMA Beer,6.5%,IPA - New England / Hazy,Can 440ml,"€ 13,61 per litre"
Very Big Flapjack,"€ 5,45",England,4.03,Brew York/ Fierce Beer,11%,Barleywine - Other,Can 440ml,"€ 13,61 per litre"
Cendra,"€ 8,99",Spain,4.02,Menno Olivier Brewing,11.2%,Stout - Imperial / Double,330ml,"€ 27,24 per litre"
"Mono = One, Rail = Rail","€ 5,79",England,4.01,Pentrich Brewing Co.,7.5%,IPA - American,Can 440ml,"€ 13,16 per litre"
Sahara Dust,"€ 6,49",England,3.99,Pentrich Brewing Co.,8%,IPA - Imperial / Double,Can 440ml,"€ 14,75 per litre"
Pinso a Granel 2023,"€ 5,49",Spain,3.98,Poch's Cervesa Artesana,10.5%,Barleywine - English,Can 440ml,"€ 14,75 per litre"
Falda,"€ 6,79",Spain,3.93,Menno Olivier Brewing,10%,Stout - Imperial / Double,330ml,"€ 20,58 per litre"
Bubble Island,"€ 6,29",England,3.64,Neon Raptor Brewing Co.,5.8%,Stout - Pastry,Can 440ml,"€ 14,30 per litre"
Tripel Moines,"€ 3,19",Belgium,3.57,Brasserie du Bocq,7.5%,Belgian Tripel,Can 440ml,"€ 14,30 per litre"
Geuze Mariage Parfait,"€ 3,88",Belgium,3.79,Brouwerij Boon,8%,Lambic - Gueuze,Bottle 375ml,"€ 10,35 per litre"
Faro,"€ 1,46",Belgium,3.15,Brouwerij Boon,5%,Lambic - Faro,Bottle 250ml,"€ 5,84 per litre"
Lervig Hoppy Joe,"€ 2,95",Norway,3.43,LERVIG,4.7%,Red Ale - American Amber / Red,330ml,"€ 8,94 per litre"
Bianca Miami Madness,"€ 17,70",Sweden,4.30,Omnipollo,6%,Sour - Smoothie / Pastry,Can 440ml,"€ 40,23 per litre"
Strawberry Guava Limeade,"€ 12,40",United States,4.22,Transcend Beer Crafters,6%,Sour - Smoothie / Pastry,Can 440ml,"€ 40,23 per litre"
V Series: V.17,"€ 9,90",United States,4.10,The Veil Brewing Co.,8%,IPA - Imperial / Double New England / Hazy,,
Pseudo Church,"€ 10,20",Sweden,4.08,Omnipollo,8.1%,IPA - Imperial / Double New England / Hazy,Can 440ml,"€ 23,18 per litre"
Nebuchadnezzar,"€ 4,90",Sweden,3.92,Omnipollo,8.5%,IPA - Imperial / Double,330ml,"€ 14,85 per litre"
Earthquake,"€ 6,79",Spain,3.87,Menno Olivier Brewing,9.8%,Stout - Imperial / Double,330ml,"€ 20,58 per litre"
Crimson,"€ 6,29",Spain,3.71,Menno Olivier Brewing,7.8%,IPA - Imperial / Double,330ml,"€ 19,06 per litre"
Eruption,"€ 6,49",Spain,3.63,Menno Olivier Brewing,9.7%,IPA - Triple,330ml,"€ 19,67 per litre"
Bruxellensis,"€ 4,50",Belgium,3.32,Brasserie de la Senne,6.5%,Brett Beer,330ml,"€ 13,64 per litre"
Kristoffel Rosé,"€ 1,75",Belgium,3.31,Brouwerij Martens,4.2%,Fruit Beer,330ml,"€ 5,30 per litre"
And Union Friday Dose,"€ 2,69",Germany,3.49,AND UNION,6.5%,IPA - American,Can 330ml,"€ 8,15 per litre"
Augustiner Helles,"€ 4,50",Germany,3.64,Augustiner-Bräu München,5.2%,Lager - Helles,500ml,"€ 9,00 per litre"
Full Circle,"€ 4,75",Ireland,3.69,Killarney Brewing Company,5%,IPA - American,500ml,"€ 9,50 per litre"
Scarlet Pimpernel IPA,"€ 4,51",Ireland,3.67,Killarney Brewing Company,5%,IPA - Red,500ml,"€ 9,02 per litre"
Peanut Butter Milk Stout,"€ 4,49",United States,3.99,Belching Beaver Brewery,5.3%,Stout - Milk / Sweet,500ml,"€ 9,02 per litre"
Peanut Butter Milk Stout,"€ 16,69",United States,3.99,Belching Beaver Brewery,5.3%,Stout - Milk / Sweet,500ml,"€ 9,02 per litre"
Peanut Butter Milk Stout,"€ 32,49",United States,3.99,Belching Beaver Brewery,5.3%,Stout - Milk / Sweet,500ml,"€ 9,02 per litre"
Peanut Butter Milk Stout,"€ 48,29",United States,3.99,Belching Beaver Brewery,5.3%,Stout - Milk / Sweet,500ml,"€ 9,02 per litre"
Lush,"€ 3,43",United States,3.89,Fremont Brewing,7%,IPA - American,500ml,"€ 9,02 per litre"
Lush,"€ 12,79",United States,3.89,Fremont Brewing,7%,IPA - American,500ml,"€ 9,02 per litre"
Lush,"€ 24,79",United States,3.89,Fremont Brewing,7%,IPA - American,500ml,"€ 9,02 per litre"
Lush,"€ 36,79",United States,3.89,Fremont Brewing,7%,IPA - American,500ml,"€ 9,02 per litre"
Tropical Terps,"€ 3,59",United States,3.83,Belching Beaver Brewery,6.6%,IPA - New England / Hazy,,
Tropical Terps,"€ 13,35",United States,3.83,Belching Beaver Brewery,6.6%,IPA - New England / Hazy,,
Tropical Terps,"€ 25,99",United States,3.83,Belching Beaver Brewery,6.6%,IPA - New England / Hazy,,
Tropical Terps,"€ 38,63",United States,3.83,Belching Beaver Brewery,6.6%,IPA - New England / Hazy,,
Sky Kraken,"€ 3,43",United States,3.81,Fremont Brewing,5.5%,Pale Ale - New England / Hazy,,
Sky Kraken,"€ 12,79",United States,3.81,Fremont Brewing,5.5%,Pale Ale - New England / Hazy,,
Sky Kraken,"€ 24,79",United States,3.81,Fremont Brewing,5.5%,Pale Ale - New England / Hazy,,
Sky Kraken,"€ 36,79",United States,3.81,Fremont Brewing,5.5%,Pale Ale - New England / Hazy,,
Death By Blueberry,"€ 3,43",United States,3.79,Belching Beaver Brewery,4.5%,Wheat Beer - Fruited,,
Death By Blueberry,"€ 12,79",United States,3.79,Belching Beaver Brewery,4.5%,Wheat Beer - Fruited,,
Death By Blueberry,"€ 24,79",United States,3.79,Belching Beaver Brewery,4.5%,Wheat Beer - Fruited,,
Death By Blueberry,"€ 36,79",United States,3.79,Belching Beaver Brewery,4.5%,Wheat Beer - Fruited,,
Hazers Gonna Haze,"€ 3,19",United States,3.78,Belching Beaver Brewery,6.6%,IPA - New England / Hazy,,
Hazers Gonna Haze,"€ 11,99",United States,3.78,Belching Beaver Brewery,6.6%,IPA - New England / Hazy,,
Hazers Gonna Haze,"€ 23,19",United States,3.78,Belching Beaver Brewery,6.6%,IPA - New England / Hazy,,
Hazers Gonna Haze,"€ 34,39",United States,3.78,Belching Beaver Brewery,6.6%,IPA - New England / Hazy,,
No Worries,"€ 2,99",United States,3.71,Belching Beaver Brewery,6.2%,IPA - American,,
No Worries,"€ 10,49",United States,3.71,Belching Beaver Brewery,6.2%,IPA - American,,
No Worries,"€ 20,29",United States,3.71,Belching Beaver Brewery,6.2%,IPA - American,,
No Worries,"€ 29,99",United States,3.71,Belching Beaver Brewery,6.2%,IPA - American,,
Golden,"€ 3,43",United States,3.64,Fremont Brewing,4.5%,Pilsner - Czech / Bohemian,,
Golden,"€ 12,79",United States,3.64,Fremont Brewing,4.5%,Pilsner - Czech / Bohemian,,
Golden,"€ 24,79",United States,3.64,Fremont Brewing,4.5%,Pilsner - Czech / Bohemian,,
Golden,"€ 36,79",United States,3.64,Fremont Brewing,4.5%,Pilsner - Czech / Bohemian,,
Blue,"€ 3,43",United States,3.59,Fremont Brewing,5.5%,Pale Ale - American,,
Blue,"€ 12,79",United States,3.59,Fremont Brewing,5.5%,Pale Ale - American,,
Blue,"€ 24,79",United States,3.59,Fremont Brewing,5.5%,Pale Ale - American,,
Blue,"€ 36,79",United States,3.59,Fremont Brewing,5.5%,Pale Ale - American,,
Non-Alcoholic Orange Wit,"€ 3,19",United States,3.57,Fremont Brewing,0.5%,Non-Alcoholic - Wheat,,
Non-Alcoholic Orange Wit,"€ 11,99",United States,3.57,Fremont Brewing,0.5%,Non-Alcoholic - Wheat,,
Non-Alcoholic Orange Wit,"€ 23,19",United States,3.57,Fremont Brewing,0.5%,Non-Alcoholic - Wheat,,
Non-Alcoholic Orange Wit,"€ 34,39",United States,3.57,Fremont Brewing,0.5%,Non-Alcoholic - Wheat,,
Non-Alcoholic Stout,"€ 3,19",United States,3.54,Fremont Brewing,0.5%,Non-Alcoholic - Porter / Stout,,
Non-Alcoholic Stout,"€ 11,99",United States,3.54,Fremont Brewing,0.5%,Non-Alcoholic - Porter / Stout,,
Non-Alcoholic Stout,"€ 23,19",United States,3.54,Fremont Brewing,0.5%,Non-Alcoholic - Porter / Stout,,
Non-Alcoholic Stout,"€ 34,39",United States,3.54,Fremont Brewing,0.5%,Non-Alcoholic - Porter / Stout,,
Must Be the Honey!,"€ 3,43",United States,3.52,Belching Beaver Brewery,5.5%,Blonde / Golden Ale - Other,,
Must Be the Honey!,"€ 12,79",United States,3.52,Belching Beaver Brewery,5.5%,Blonde / Golden Ale - Other,,
Must Be the Honey!,"€ 24,79",United States,3.52,Belching Beaver Brewery,5.5%,Blonde / Golden Ale - Other,,
Must Be the Honey!,"€ 36,79",United States,3.52,Belching Beaver Brewery,5.5%,Blonde / Golden Ale - Other,,
Non-Alcoholic IPA,"€ 3,19",United States,3.50,Fremont Brewing,0.5%,Non-Alcoholic - IPA,,
Non-Alcoholic IPA,"€ 11,99",United States,3.50,Fremont Brewing,0.5%,Non-Alcoholic - IPA,,
Non-Alcoholic IPA,"€ 23,19",United States,3.50,Fremont Brewing,0.5%,Non-Alcoholic - IPA,,
Non-Alcoholic IPA,"€ 34,39",United States,3.50,Fremont Brewing,0.5%,Non-Alcoholic - IPA,,
Flux Hazy Pale Ale,"€ 5,99",Sweden,3.63,Apex Brewing Company,4.5%,Pale Ale - New England / Hazy,Can 440ml,"€ 13,61 per litre"
Eight Times Helles,"€ 4,50",Romania,3.61,Bereta Brewing Co.,5.5%,Lager - Helles,Can 440ml,"€ 10,23 per litre"
Brussels Calling,"€ 3,90",Belgium,3.53,Brasserie de la Senne,6.5%,IPA - Belgian,330ml,"€ 11,82 per litre"
Brusseleir,"€ 3,90",Belgium,3.48,Brasserie de la Senne,8%,IPA - Black / Cascadian Dark Ale,330ml,"€ 11,82 per litre"
In the Ways of the Old Days,"€ 106,60",Denmark,3.68,To Øl,8.2%,IPA - American,24-pack,"Total price: € 106,60"
The Goose is Loose,"€ 93,20",Denmark,3.60,To Øl,3.8%,Sour - Fruited Gose,24-pack,"Total price: € 93,20"
Struise Sint Amatus Reserva 2021,"€ 3,87",Belgium,3.86,De Struise Brouwers,10.5%,Belgian Quadrupel,330ml,"€ 11,73 per litre"
West Indies Porter,"€ 3,25",Ireland,3.57,Guinness,6%,Porter - Other,500ml,"€ 6,50 per litre"
Memento Mori,"€ 6,99",Brazil,4.09,Spartacus Brewing,8.5%,IPA - Imperial / Double New England / Hazy,Can 440ml,"€ 15,89 per litre"
Heretics of IX (Ghost: HERETICS),"€ 9,50",United States,4.13,Adroit Theory,8.3%,IPA - Imperial / Double New England / Hazy,Can 440ml,"€ 15,89 per litre"
Cerberus –  Heaven Hill,"€ 29,95",England,4.39,Tartarus Beers,15%,Stout - Imperial / Double,Bottle 750ml,"€ 39,93 per litre"
Paix Dieu Triple,"€ 3,75",Belgium,3.77,Brasserie Caulier,10%,Belgian Tripel,Bottle 330ml,"€ 11,36 per litre"
Triple D'Anvers Tripel,"€ 2,95",Belgium,3.64,Brouwerij De Koninck,8%,Belgian Tripel,330ml,"€ 8,94 per litre"
Gaia India Pale Ale,"€ 3,85",Netherlands,3.57,Oedipus Brewing,7%,IPA - American,330ml,"€ 11,67 per litre"
Blond,"€ 1,75",Belgium,3.49,Brouwerij Alken-Maes,6.7%,Belgian Blonde,330ml,"€ 5,30 per litre"
Extra Patersbier Blond,"€ 2,30",Belgium,3.46,Brouwerij der Trappisten van Westmalle,4.8%,Belgian Enkel / Patersbier,330ml,"€ 6,97 per litre"
Blonde à l'Ancienne,"€ 2,50",France,3.44,Brasserie Goudale - Les Brasseurs de Gayant,7.2%,Farmhouse Ale - Bière de Garde,330ml,"€ 7,58 per litre"
Ambrée à l'ancienne,"€ 2,50",France,3.11,Brasserie Artisanale La Goule,6%,Red Ale - American Amber / Red,330ml,"€ 7,58 per litre"
Supreme Clientele (2023),"€ 49,49",United States,4.37,Casey Brewing & Blending,7%,Farmhouse Ale - Saison,330ml,"€ 7,58 per litre"
Fruit Stand Preserves: Chardonnay Grape,"€ 44,29",United States,4.33,Casey Brewing & Blending,8%,Farmhouse Ale - Saison,330ml,"€ 7,58 per litre"
Ghost Note - O'Henry Peach,"€ 36,49",United States,4.33,Casey Brewing & Blending,7%,Farmhouse Ale - Other,330ml,"€ 7,58 per litre"
Dandelion,"€ 28,49",United States,4.32,Casey Brewing & Blending,7%,Farmhouse Ale - Other,330ml,"€ 7,58 per litre"
Undertone: French Butter Pear,"€ 36,49",United States,4.31,Casey Brewing & Blending,6%,Farmhouse Ale - Other,330ml,"€ 7,58 per litre"
Fruit Stand: Raspberry,"€ 36,49",United States,4.27,Casey Brewing & Blending,5.5%,Farmhouse Ale - Saison,Bottle 750ml,"€ 48,65 per litre"
Leaner / Side Project,"€ 44,49",United States,4.23,Casey Brewing & Blending,7%,Sour - Fruited,Bottle 750ml,"€ 48,65 per litre"
Backdrop: Fantasia Nectarine,"€ 28,49",United States,4.22,Casey Brewing & Blending,6%,Farmhouse Ale - Saison,Bottle 750ml,"€ 48,65 per litre"
Ghost Note: Raspberry,"€ 36,49",United States,4.18,Casey Brewing & Blending,6.5%,Farmhouse Ale - Other,Bottle 750ml,"€ 48,65 per litre"
Backdrop: Chardonnay Grape,"€ 28,49",United States,4.13,Casey Brewing & Blending,6%,Farmhouse Ale - Saison,Bottle 750ml,"€ 48,65 per litre"
NECTARON,"€ 6,50",Netherlands,3.95,Brouwerij LOST,6.8%,IPA - New England / Hazy,500ml,"€ 13,00 per litre"
Salamandre,"€ 5,99",Belgium,3.83,La Source Beer Co.,6%,Sour - Fruited,Can 330ml,"€ 18,15 per litre"
Meute DIPA,"€ 5,49",Belgium,3.82,La Source Beer Co.,6.5%,IPA - New England / Hazy,Can 330ml,"€ 16,64 per litre"
Paon du Jour,"€ 4,89",Belgium,3.78,La Source Beer Co.,4.9%,Historical Beer - Gruit / Ancient Herbed Ale,Can 330ml,"€ 14,82 per litre"
Surrealiste Dream in Simcoe,"€ 5,99",Belgium,3.77,Brasserie Surréaliste,6.5%,IPA - American,Can 440ml,"€ 13,61 per litre"
Triton,"€ 4,99",Belgium,3.74,La Source Beer Co.,5%,IPA - Session,Can 330ml,"€ 15,12 per litre"
Robert Le Diable,"€ 4,99",Belgium,3.69,La Source Beer Co.,5%,Sour - Other,Can 330ml,"€ 15,12 per litre"
Portal,"€ 4,99",Belgium,3.66,La Source Beer Co.,6.9%,Historical Beer - Gruit / Ancient Herbed Ale,Can 330ml,"€ 15,12 per litre"
Surrealiste Beatific Ecstasy,"€ 4,59",Belgium,3.60,Brasserie Surréaliste,4.7%,Sour - Fruited Berliner Weisse,Can 330ml,"€ 13,91 per litre"
Surrealiste Opera Fantastico,"€ 4,69",Belgium,3.58,Brasserie Surréaliste,6.7%,IPA - American,Can 330ml,"€ 14,21 per litre"
Surrealiste Dance Rave Dance,"€ 4,49",Belgium,3.55,Brasserie Surréaliste,4.2%,IPA - Session,Can 330ml,"€ 13,61 per litre"
Maisel's Weisse Original,"€ 1,90",Germany,3.60,Brauerei Gebr. Maisel,5.1%,Wheat Beer - Hefeweizen,500ml,"€ 3,80 per litre"
Maisel's Weisse Alkoholfrei,"€ 1,90",Germany,3.23,Brauerei Gebr. Maisel,5.1%,Non-Alcoholic - Wheat,500ml,"€ 3,80 per litre"
Hazy Little Thing IPA,"€ 3,49",United States,3.78,Sierra Nevada Brewing Co.,6.7%,IPA - New England / Hazy,355ml,"€ 9,83 per litre"
Lupulin Monster IPA,"€ 4,19",Belgium,3.59,Enigma,7%,IPA - Belgian,330ml,"€ 12,70 per litre"
Samuel Adams Boston Lager,"€ 3,79",United States,3.42,Boston Beer Company,5%,Lager - Vienna,355ml,"€ 10,68 per litre"
"Sour and Salty Gose L,A,B","€ 3,60",Hungary,3.63,Reketye Brewing Co.,4.5%,Sour - Other Gose,330ml,"€ 10,91 per litre"
"Standing Beer - 37,5cl","€ 11,10",England,4.06,Mills Brewing,7.8%,Farmhouse Ale - Other,Bottle 375ml,"€ 29,60 per litre"
Premier Hop,"€ 25,20",Sweden,3.42,Hey Hop Bryggeri,5.9%,IPA - American,500ml,"€ 50,40 per litre"
Premier Hop,"€ 24,00",Sweden,3.42,Hey Hop Bryggeri,5.9%,IPA - American,500ml,"€ 48,00 per litre"
Premier Hop,"€ 21,60",Sweden,3.42,Hey Hop Bryggeri,5.9%,IPA - American,500ml,"€ 43,20 per litre"
Premier Hop,"€ 45,60",Sweden,3.42,Hey Hop Bryggeri,5.9%,IPA - American,500ml,"€ 91,20 per litre"
Premier Hop,"€ 42,00",Sweden,3.42,Hey Hop Bryggeri,5.9%,IPA - American,500ml,"€ 84,00 per litre"
Premier Hop,"€ 37,20",Sweden,3.42,Hey Hop Bryggeri,5.9%,IPA - American,500ml,"€ 74,40 per litre"
Toad Trip,"€ 8,60",Norway,4.00,Marlobobo's Megabear,6.5%,IPA - New England / Hazy,Can 440ml,"€ 19,55 per litre"
SLUSHY XXL Flaming Lizard,"€ 12,00",United States,3.96,450 North Brewing Company,5.3%,Sour - Fruited,473ml,"€ 25,37 per litre"
Slushy XL Rainbow Rush,"€ 12,90",United States,3.82,450 North Brewing Company,5.3%,Sour - Smoothie / Pastry,473ml,"€ 27,27 per litre"
Blueberry Muffin Waffle Cone Crunch Triple Scoop,"€ 10,00",Scotland,4.13,Vault City Brewing,8.3%,Sour - Smoothie / Pastry,Can 440ml,"€ 22,73 per litre"
Mind of God,"€ 6,25",Bulgaria,4.26,Metalhead,12%,Stout - Imperial / Double Milk,Bottle 250ml,"€ 25,00 per litre"
Fear the Reaper,"€ 6,25",Bulgaria,4.09,Metalhead,12%,Stout - Oyster,Bottle 250ml,"€ 25,00 per litre"
World in a World,"€ 7,25",Netherlands,3.98,Folkingebrew,7%,IPA - Sour,Can 440ml,"€ 16,48 per litre"
La Debauche Sacred Heart XI,"€ 16,95",France,4.18,La Débauche,26%,Freeze-Distilled Beer,330ml,"€ 51,36 per litre"
La Debauche Sacred Heart XII,"€ 16,95",France,4.05,La Débauche,26%,Freeze-Distilled Beer,330ml,"€ 51,36 per litre"
Tamera,"€ 3,10",Belgium,3.56,Enigma,9%,Belgian Tripel,330ml,"€ 9,39 per litre"
The Garden Birth,"€ 3,93",Croatia,3.39,The Garden Brewery,0.5%,Non-Alcoholic - IPA,Can 440ml,"€ 8,93 per litre"
Mosh Pit Hazy,"€ 2,69",United States,3.95,Surly Brewing Company,7.2%,IPA - New England / Hazy,Can 440ml,"€ 8,93 per litre"
Mosh Pit Hazy,"€ 9,99",United States,3.95,Surly Brewing Company,7.2%,IPA - New England / Hazy,Can 440ml,"€ 8,93 per litre"
Mosh Pit Hazy,"€ 19,49",United States,3.95,Surly Brewing Company,7.2%,IPA - New England / Hazy,Can 440ml,"€ 8,93 per litre"
Mosh Pit Hazy,"€ 28,49",United States,3.95,Surly Brewing Company,7.2%,IPA - New England / Hazy,Can 440ml,"€ 8,93 per litre"
Mosh Pit Juicy,"€ 2,69",United States,3.69,Surly Brewing Company,5.5%,Pale Ale - American,Can 440ml,"€ 8,93 per litre"
Mosh Pit Juicy,"€ 9,99",United States,3.69,Surly Brewing Company,5.5%,Pale Ale - American,Can 440ml,"€ 8,93 per litre"
Mosh Pit Juicy,"€ 18,49",United States,3.69,Surly Brewing Company,5.5%,Pale Ale - American,Can 440ml,"€ 8,93 per litre"
Mosh Pit Juicy,"€ 27,69",United States,3.69,Surly Brewing Company,5.5%,Pale Ale - American,Can 440ml,"€ 8,93 per litre"
Grapefruit Supreme,"€ 2,99",United States,3.68,Surly Brewing Company,4.5%,Sour - Fruited,Can 440ml,"€ 8,93 per litre"
Grapefruit Supreme,"€ 10,49",United States,3.68,Surly Brewing Company,4.5%,Sour - Fruited,Can 440ml,"€ 8,93 per litre"
Grapefruit Supreme,"€ 20,29",United States,3.68,Surly Brewing Company,4.5%,Sour - Fruited,Can 440ml,"€ 8,93 per litre"
Grapefruit Supreme,"€ 29,99",United States,3.68,Surly Brewing Company,4.5%,Sour - Fruited,Can 440ml,"€ 8,93 per litre"
Oude Geuze Devillé,"€ 8,15",Belgium,3.97,Den Herberg,6.7%,Lambic - Gueuze,Bottle 750ml,"€ 10,87 per litre"
Sporty Geuze Origin-Elle,"€ 8,65",Belgium,3.89,Lambiek Fabriek,6.5%,Lambic - Gueuze,Bottle 750ml,"€ 11,53 per litre"
Juicy & Wild Soleille,"€ 10,87",Belgium,3.84,Lambiek Fabriek,8.7%,Lambic - Fruit,Bottle 750ml,"€ 14,49 per litre"
Random Rules,"€ 7,50",England,4.09,Verdant Brewing Co,6.5%,IPA - New England / Hazy,Can 440ml,"€ 17,05 per litre"
For The Love Of Hops Jade,"€ 4,70",Netherlands,3.69,Brouwerij Frontaal,5.5%,IPA - New Zealand,Can 440ml,"€ 10,68 per litre"
Van Moll / Finback Digital Twins,"€ 3,75",Netherlands,3.65,Van Moll,6%,IPA - New England / Hazy,330ml,"€ 11,36 per litre"
The Goose is Loose,"€ 6,60",Denmark,3.76,To Øl,4.2%,Sour - Fruited Gose,Can 440ml,"€ 15,00 per litre"
In the Ways of the Old Days,"€ 7,20",Denmark,3.69,To Øl,8.2%,IPA - Imperial / Double,Can 440ml,"€ 16,36 per litre"
When Life Gives You Hops 2024,"€ 3,30",Belgium,3.67,FoxTown Beer Crew,7%,IPA - American,Can 440ml,"€ 16,36 per litre"
Berliner Weisse,"€ 2,80",Spain,3.47,Cervesa Espiga,3.5%,Sour - Fruited Berliner Weisse,330ml,"€ 8,48 per litre"
Trombolese,"€ 8,49",England,3.98,Neon Raptor Brewing Co.,8%,IPA - Imperial / Double New England / Hazy,Can 440ml,"€ 19,30 per litre"
Tante Nonneke,"€ 2,10",Belgium,3.20,Klootzakske,0.5%,Non-Alcoholic - Pale Ale,330ml,"€ 6,36 per litre"
Last 10 Seconds,"€ 4,00",Netherlands,3.59,Cockroach Brew,7%,IPA - American,330ml,"€ 12,12 per litre"
Welcome Back,"€ 3,60",Netherlands,3.57,Cockroach Brew,4.5%,Pale Ale - New England / Hazy,330ml,"€ 10,91 per litre"
The Garden / Willibald Hazy IPA,"€ 5,12",United States,3.93,Foreign Objects Beer Company,5.7%,IPA - New England / Hazy,Can 440ml,"€ 11,64 per litre"
The Garden / BBOP Imperial Coffee and Coconut Stout,"€ 5,12",Croatia,3.67,The Garden Brewery,7.1%,Stout - Imperial / Double Coffee,Can 440ml,"€ 11,64 per litre"
"The Garden / Outer Range Florida Weisse: Watermelon, Lime & Mint","€ 4,85",Croatia,3.61,The Garden Brewery,6.2%,Sour - Berliner Weisse,Can 440ml,"€ 11,02 per litre"
"The Garden / Morenos Florida Weisse: Kiwi, Papaya & Lemon","€ 4,85",Croatia,3.50,The Garden Brewery,5.8%,Sour - Berliner Weisse,Can 440ml,"€ 11,02 per litre"
Hit The Silk,"€ 6,95",Brazil,4.14,Spartacus Brewing,9%,IPA - Triple New England / Hazy,Can 440ml,"€ 15,80 per litre"
Biermeisje Barrels Five,"€ 9,50",Netherlands,3.92,Brouwerij Holevoort,9.8%,IPA - Black / Cascadian Dark Ale,Bottle 375ml,"€ 25,33 per litre"
D.O.R.I.S. The Destroyer Double Imperial Stout,"€ 8,00",United States,4.17,Hoppin' Frog Brewery,10.5%,Stout - Imperial / Double Oatmeal,355ml,"€ 22,54 per litre"
B.O.R.I.S. The Crusher Oatmeal-Imperial Stout,"€ 8,00",United States,4.02,Hoppin' Frog Brewery,9.4%,Stout - Russian Imperial,355ml,"€ 22,54 per litre"
Rye Whiskey Barrel Aged Bavarian Bliss,"€ 13,30",United States,4.02,Hoppin' Frog Brewery,7.3%,Märzen,473ml,"€ 28,12 per litre"
Evolutions of B.O.R.I.S. The Crusher - Chocolate-covered Strawberry,"€ 8,00",United States,4.01,Hoppin' Frog Brewery,9.4%,Stout - Russian Imperial,355ml,"€ 22,54 per litre"
Brother Kazoo Mix Dirty Chai Baltic-style Porter,"€ 13,20",United States,3.80,Hoppin' Frog Brewery,9.2%,Porter - Baltic,473ml,"€ 27,91 per litre"
Duvel Tripel Hop,"€ 2,30",Belgium,3.68,Duvel Moortgat,9.5%,IPA - Belgian,330ml,"€ 6,97 per litre"
Langharig Tuig,"€ 3,20",Netherlands,3.54,Van Moll,5.5%,Wheat Beer - Hopfenweisse,Can 330ml,"€ 9,70 per litre"
Coconut,"€ 2,90",Belgium,3.10,Mongozo,3.6%,Fruit Beer,330ml,"€ 8,79 per litre"
"Budels Malty Dark 0,0%","€ 1,75",Netherlands,2.47,Budelse Brouwerij,3.6%,Non-Alcoholic - Lager,300ml,"€ 5,83 per litre"
Block Universe,"€ 6,95",England,3.96,Azvex Brewing Company,6.2%,IPA - New England / Hazy,Can 440ml,"€ 15,80 per litre"
Nectaron,"€ 6,60",Netherlands,3.95,Brouwerij LOST,6.8%,IPA - New England / Hazy,500ml,"€ 13,20 per litre"
Riwaka,"€ 6,60",Netherlands,3.91,Brouwerij LOST,6.8%,IPA - New England / Hazy,500ml,"€ 13,20 per litre"
De Molen Calvados Edition 2024 Quadruple,"€ 6,50",Netherlands,3.84,Brouwerij de Molen,12%,Belgian Quadrupel,330ml,"€ 19,70 per litre"
An Lager Waltz,"€ 3,30",Netherlands,3.31,100 Watt Brewery,5%,Lager - Vienna,330ml,"€ 10,00 per litre"
De Molen Tropic & Phantasm,"€ 3,90",Netherlands,3.17,Brouwerij de Molen,7.5%,IPA - New England / Hazy,330ml,"€ 11,82 per litre"
Acht gemeten,"€ 3,25",Netherlands,3.59,Brouwerij Solaes,8%,IPA - Imperial / Double,330ml,"€ 9,85 per litre"
Dark Engineering,"€ 9,75",Estonia,4.30,Põhjala,14%,Stout - Imperial / Double Oatmeal,330ml,"€ 29,55 per litre"
Until Forever Fades Away IPA,"€ 9,30",England,3.96,Wylam,6.2%,IPA - Other,Can 440ml,"€ 21,14 per litre"
Jakehead IPA,"€ 8,90",England,3.88,Wylam,6.3%,IPA - New England / Hazy,Can 440ml,"€ 20,23 per litre"
Cali Creamin' Peaches & Cream,"€ 2,69",United States,3.81,Mother Earth Brewing Company,5%,Cream Ale,Can 440ml,"€ 20,23 per litre"
Cali Creamin' Peaches & Cream,"€ 9,69",United States,3.81,Mother Earth Brewing Company,5%,Cream Ale,Can 440ml,"€ 20,23 per litre"
Cali Creamin' Peaches & Cream,"€ 18,49",United States,3.81,Mother Earth Brewing Company,5%,Cream Ale,Can 440ml,"€ 20,23 per litre"
Cali Creamin' Peaches & Cream,"€ 27,99",United States,3.81,Mother Earth Brewing Company,5%,Cream Ale,Can 440ml,"€ 20,23 per litre"
Milk Truck,"€ 3,69",United States,3.86,Mother Earth Brewing Company,5.8%,Stout - Milk / Sweet,Can 440ml,"€ 20,23 per litre"
Milk Truck,"€ 13,69",United States,3.86,Mother Earth Brewing Company,5.8%,Stout - Milk / Sweet,Can 440ml,"€ 20,23 per litre"
Milk Truck,"€ 26,69",United States,3.86,Mother Earth Brewing Company,5.8%,Stout - Milk / Sweet,Can 440ml,"€ 20,23 per litre"
Milk Truck,"€ 39,69",United States,3.86,Mother Earth Brewing Company,5.8%,Stout - Milk / Sweet,Can 440ml,"€ 20,23 per litre"
Cali Creamin' Orange Creamsicle,"€ 2,95",United States,3.86,Mother Earth Brewing Company,5%,Cream Ale,Can 440ml,"€ 20,23 per litre"
Cali Creamin' Orange Creamsicle,"€ 10,95",United States,3.86,Mother Earth Brewing Company,5%,Cream Ale,Can 440ml,"€ 20,23 per litre"
Cali Creamin' Orange Creamsicle,"€ 21,35",United States,3.86,Mother Earth Brewing Company,5%,Cream Ale,Can 440ml,"€ 20,23 per litre"
Cali Creamin' Orange Creamsicle,"€ 31,75",United States,3.86,Mother Earth Brewing Company,5%,Cream Ale,Can 440ml,"€ 20,23 per litre"
Cali Creamin' Vanilla Cream,"€ 2,69",United States,3.79,Mother Earth Brewing Company,5%,Cream Ale,Can 440ml,"€ 20,23 per litre"
Cali Creamin' Vanilla Cream,"€ 9,69",United States,3.79,Mother Earth Brewing Company,5%,Cream Ale,Can 440ml,"€ 20,23 per litre"
Cali Creamin' Vanilla Cream,"€ 18,69",United States,3.79,Mother Earth Brewing Company,5%,Cream Ale,Can 440ml,"€ 20,23 per litre"
Cali Creamin' Vanilla Cream,"€ 27,99",United States,3.79,Mother Earth Brewing Company,5%,Cream Ale,Can 440ml,"€ 20,23 per litre"
Boo Koo,"€ 2,99",United States,3.78,Mother Earth Brewing Company,6.5%,IPA - American,355ml,"€ 8,42 per litre"
Boo Koo,"€ 10,49",United States,3.78,Mother Earth Brewing Company,6.5%,IPA - American,355ml,"€ 29,55 per litre"
Boo Koo,"€ 20,29",United States,3.78,Mother Earth Brewing Company,6.5%,IPA - American,355ml,"€ 57,15 per litre"
Boo Koo,"€ 29,99",United States,3.78,Mother Earth Brewing Company,6.5%,IPA - American,355ml,"€ 84,48 per litre"
Heavy Cloud,"€ 2,99",United States,3.78,Mother Earth Brewing Company,6.8%,IPA - New England / Hazy,355ml,"€ 84,48 per litre"
Heavy Cloud,"€ 10,49",United States,3.78,Mother Earth Brewing Company,6.8%,IPA - New England / Hazy,355ml,"€ 84,48 per litre"
Heavy Cloud,"€ 20,29",United States,3.78,Mother Earth Brewing Company,6.8%,IPA - New England / Hazy,355ml,"€ 84,48 per litre"
Heavy Cloud,"€ 29,99",United States,3.78,Mother Earth Brewing Company,6.8%,IPA - New England / Hazy,355ml,"€ 84,48 per litre"
Fuerst Wiacek Don't Get Hit By Lightning DDH IPA (New Batch 24),"€ 6,99",Germany,3.93,FUERST WIACEK,7.6%,IPA - American,Can 440ml,"€ 15,89 per litre"
Empty Temples IPA,"€ 6,29",Germany,3.85,FrauGruber Brewing,6.5%,IPA - New England / Hazy,Can 440ml,"€ 14,30 per litre"
Strawberry Splash Grape Ale,"€ 21,99",Germany,3.27,FrauGruber Brewing,6.5%,Grape Ale - Other,500ml,"€ 43,98 per litre"
Blackout / Propaganda – Sisyphus,"€ 6,90",Romania,3.75,Propaganda Brewery,8.3%,Sour - Flanders Oud Bruin,500ml,"€ 43,98 per litre"
Camera Obscura Imperial Stout,"€ 12,00",United States,3.75,Celestial Beerworks,10%,Stout - Imperial / Double,473ml,"€ 25,37 per litre"
Laager 0 Non-Alcoholic Lager,"€ 3,90",Estonia,2.86,Põhjala,0.5%,Non-Alcoholic - Lager,Can 440ml,"€ 8,86 per litre"
F*ck De Kerstboom Staat In De Fik! Orange & Coffee Oatmeal Stout,"€ 4,35",Netherlands,3.58,Uiltje Brewing Company,10%,Stout - Imperial / Double Oatmeal,330ml,"€ 13,18 per litre"
1758 IPA,"€ 2,30",Belgium,3.49,Brouwerij Martens,6.5%,IPA - Belgian,330ml,"€ 6,97 per litre"
Pony's,"€ 2,50",Belgium,3.30,Eentjevanthuis - Pony's Beer,4%,IPA - Session,330ml,"€ 7,58 per litre"
Septic Thoughts,"€ 3,90",Romania,3.92,Bereta Brewing Co.,6.1%,IPA - New England / Hazy,Can 440ml,"€ 8,86 per litre"
Lervig Sauvignon Blanche,"€ 4,10",Norway,3.52,LERVIG,6.3%,Grape Ale - Other,500ml,"€ 8,20 per litre"
Sweet And Sour Tangerine,"€ 9,40",United States,4.07,Untitled Art,7%,IPA - Fruited,473ml,"€ 19,87 per litre"
Sweets Strawberry Shortcake,"€ 9,40",United States,4.12,Mountains Walking Brewery,8%,Sour - Smoothie / Pastry,473ml,"€ 19,87 per litre"
Crazy Lines,"€ 8,60",Poland,3.79,Browar Nepomucen/ Browar Stu Mostów,7%,IPA - New England / Hazy,500ml,"€ 17,20 per litre"
Dota,"€ 8,95",Spain,4.05,Menno Olivier Brewing,11.3%,Stout - Imperial / Double,330ml,"€ 27,12 per litre"
Sense Pell,"€ 7,50",Spain,3.95,Menno Olivier Brewing,10.9%,Barleywine - Other,330ml,"€ 22,73 per litre"
Falda,"€ 6,75",Spain,3.93,Menno Olivier Brewing,10%,Stout - Imperial / Double,330ml,"€ 20,45 per litre"
Schlenkerla Marzen,"€ 4,60",Germany,3.48,"Schlenkerla (""Heller-Bräu"" Trum)",5.1%,Rauchbier,500ml,"€ 9,20 per litre"
J.R.E.A.M Cake,"€ 7,29",Scotland,4.02,Vault City Brewing,5.8%,Sour - Smoothie / Pastry,Can 440ml,"€ 16,57 per litre"
Bommen & Granaten,"€ 3,89",Netherlands,3.82,Brouwerij de Molen,11.9%,Barleywine - Other,330ml,"€ 11,79 per litre"
Hemelsbruin,"€ 3,99",Netherlands,3.64,Brouwerij De Werf,9%,Belgian Quadrupel,330ml,"€ 12,09 per litre"
Tesselaar Bruuzer,"€ 3,69",Netherlands,3.52,Tesselaar Familiebrouwerij Diks,9%,Belgian Tripel,330ml,"€ 11,18 per litre"
BW24 Cognac Infused,"€ 4,59",Netherlands,3.51,Berging Brouwerij,8.4%,Barleywine - Other,330ml,"€ 13,91 per litre"
De Dochter Van De Burgemeester,"€ 3,39",Netherlands,3.47,Bierbrouwerij De Magistraat,5.9%,Belgian Blonde,330ml,"€ 10,27 per litre"
Zoentje,"€ 3,29",Netherlands,3.40,Breugem Bier,6.8%,Belgian Blonde,330ml,"€ 9,97 per litre"
Blonde Aap,"€ 3,39",Netherlands,3.35,Guilty Monkey Brewery,5.5%,Blonde / Golden Ale - Other,330ml,"€ 10,27 per litre"
Juice Punch 0.5,"€ 2,99",Netherlands,3.27,Brouwerij Frontaal,0.5%,Non-Alcoholic - IPA,330ml,"€ 9,06 per litre"
Be Wise,"€ 2,39",Netherlands,3.18,Brouwerij Kees,0.3%,Non-Alcoholic - Wheat,330ml,"€ 7,24 per litre"
Balcones Edition 2024 Imperial Milkstout,"€ 6,99",Netherlands,3.92,Brouwerij de Molen,9.9%,Stout - Imperial / Double Milk,330ml,"€ 21,18 per litre"
Mudskipper V18,"€ 3,99",Netherlands,3.73,De Kromme Haring,5.5%,IPA - New England / Hazy,330ml,"€ 12,09 per litre"
Engels & Drop,"€ 3,99",Netherlands,3.64,Brouwerij de Molen,9%,Porter - Imperial / Double,330ml,"€ 12,09 per litre"
Ink & Dagger,"€ 5,00",Norway,3.69,Amundsen Brewery,6.5%,IPA - Other,Can 330ml,"€ 15,15 per litre"
Laager,"€ 5,00",Estonia,3.37,Põhjala,4.7%,Pilsner - German,Can 440ml,"€ 11,36 per litre"
Hazelnut Brown Nectar,"€ 3,99",United States,3.79,Rogue Ales,5.6%,Brown Ale - American,355ml,"€ 11,24 per litre"
Hazelnut Brown Nectar,"€ 14,99",United States,3.79,Rogue Ales,5.6%,Brown Ale - American,355ml,"€ 42,23 per litre"
Hazelnut Brown Nectar,"€ 28,99",United States,3.79,Rogue Ales,5.6%,Brown Ale - American,355ml,"€ 81,66 per litre"
Hazelnut Brown Nectar,"€ 42,99",United States,3.79,Rogue Ales,5.6%,Brown Ale - American,355ml,"€ 121,10 per litre"
Batsquatch,"€ 2,99",United States,3.74,Rogue Ales,6.7%,IPA - New England / Hazy,355ml,"€ 8,42 per litre"
Batsquatch,"€ 10,49",United States,3.74,Rogue Ales,6.7%,IPA - New England / Hazy,355ml,"€ 29,55 per litre"
Batsquatch,"€ 20,29",United States,3.74,Rogue Ales,6.7%,IPA - New England / Hazy,355ml,"€ 57,15 per litre"
Batsquatch,"€ 29,99",United States,3.74,Rogue Ales,6.7%,IPA - New England / Hazy,355ml,"€ 84,48 per litre"
Dead Guy IPA,"€ 2,99",United States,3.71,Rogue Ales,7%,IPA - American,355ml,"€ 84,48 per litre"
Dead Guy IPA,"€ 10,49",United States,3.71,Rogue Ales,7%,IPA - American,355ml,"€ 84,48 per litre"
Dead Guy IPA,"€ 20,29",United States,3.71,Rogue Ales,7%,IPA - American,355ml,"€ 84,48 per litre"
Dead Guy IPA,"€ 29,99",United States,3.71,Rogue Ales,7%,IPA - American,355ml,"€ 84,48 per litre"
Dead Guy Ale,"€ 2,99",United States,3.71,Rogue Ales,6.8%,Bock - Hell / Maibock / Lentebock,355ml,"€ 84,48 per litre"
Dead Guy Ale,"€ 10,49",United States,3.71,Rogue Ales,6.8%,Bock - Hell / Maibock / Lentebock,355ml,"€ 84,48 per litre"
Dead Guy Ale,"€ 20,29",United States,3.71,Rogue Ales,6.8%,Bock - Hell / Maibock / Lentebock,355ml,"€ 84,48 per litre"
Dead Guy Ale,"€ 29,99",United States,3.71,Rogue Ales,6.8%,Bock - Hell / Maibock / Lentebock,355ml,"€ 84,48 per litre"
Dead Guy Pale Ale,"€ 2,49",United States,3.69,Rogue Ales,5.5%,Pale Ale - American,355ml,"€ 84,48 per litre"
Dead Guy Pale Ale,"€ 8,49",United States,3.69,Rogue Ales,5.5%,Pale Ale - American,355ml,"€ 84,48 per litre"
Dead Guy Pale Ale,"€ 16,49",United States,3.69,Rogue Ales,5.5%,Pale Ale - American,355ml,"€ 84,48 per litre"
Dead Guy Pale Ale,"€ 24,29",United States,3.69,Rogue Ales,5.5%,Pale Ale - American,355ml,"€ 84,48 per litre"
Newport Daze,"€ 3,99",United States,3.69,Rogue Ales,5.5%,Pale Ale - New England / Hazy,355ml,"€ 84,48 per litre"
Newport Daze,"€ 14,99",United States,3.69,Rogue Ales,5.5%,Pale Ale - New England / Hazy,,
Newport Daze,"€ 28,99",United States,3.69,Rogue Ales,5.5%,Pale Ale - New England / Hazy,,
Newport Daze,"€ 42,99",United States,3.69,Rogue Ales,5.5%,Pale Ale - New England / Hazy,,
Honey Kölsch,"€ 2,99",United States,3.61,Rogue Ales,5%,Kölsch,,
Honey Kölsch,"€ 10,49",United States,3.61,Rogue Ales,5%,Kölsch,,
Honey Kölsch,"€ 20,29",United States,3.61,Rogue Ales,5%,Kölsch,,
Honey Kölsch,"€ 29,99",United States,3.61,Rogue Ales,5%,Kölsch,,
DON'T QUOTE ME,"€ 6,29",Spain,4.06,SOMA Beer,6%,IPA - New England / Hazy,Can 440ml,"€ 14,30 per litre"
Kushuns,"€ 10,20",England,4.16,Beak Brewery,8%,IPA - Imperial / Double New England / Hazy,Can 440ml,"€ 23,18 per litre"
Overdrive,"€ 5,80",Netherlands,3.95,Brouwerij LOST,7.1%,IPA - New England / Hazy,500ml,"€ 11,60 per litre"
vandeStreek Hazy Weekend,"€ 3,10",Netherlands,3.62,vandeStreek bier,6.6%,IPA - New England / Hazy,Can 330ml,"€ 9,39 per litre"
Bird of Prey 0.2 IPA,"€ 3,19",Netherlands,3.30,Uiltje Brewing Company,0.2%,Non-Alcoholic - IPA,330ml,"€ 9,67 per litre"
Sin & Remorse,"€ 15,00",Netherlands,3.95,Brouwerij de Molen/ Jopen,10%,Stout - Imperial / Double,Bottle 750ml,"€ 20,00 per litre"
ROTT.bliss,"€ 3,99",Netherlands,3.73,ROTT. Brouwers,5.5%,IPA - New England / Hazy,330ml,"€ 12,09 per litre"
Six One Nine,"€ 8,49",Germany,3.91,Sudden Death Brewing Co.,5.1%,Sour - Fruited,Can 440ml,"€ 19,30 per litre"
Grisette #1,"€ 3,80",France,3.81,Brasserie La Malpolon,4.5%,Farmhouse Ale - Grisette,330ml,"€ 11,52 per litre"
Torsion,"€ 6,00",Netherlands,3.85,Moersleutel Craft Brewery,8%,IPA - New England / Hazy,Can 440ml,"€ 13,64 per litre"
Rotation,"€ 5,50",Netherlands,3.83,Moersleutel Craft Brewery,6.5%,IPA - New England / Hazy,Can 440ml,"€ 12,50 per litre"
Craft Beer – Mama Whipa,"€ 5,19",France,3.77,Les Intenables - Craft Beer -,6%,IPA - White / Wheat,Can 440ml,"€ 11,80 per litre"
Craft Beer – Méga Trip,"€ 4,99",France,3.65,Les Intenables - Craft Beer -,7.5%,Belgian Tripel,Can 440ml,"€ 11,34 per litre"
Unchained Sin Blood Orange,"€ 3,75",Spain,3.29,La Pirata Brewing,0.5%,Non-Alcoholic - IPA,330ml,"€ 11,36 per litre"
Nyami,"€ 4,80",England,3.85,DMC Brewery,3.2%,Hard Ginger Beer,Can 440ml,"€ 10,91 per litre"
Nectaron Hornet,"€ 6,29",Germany,3.93,FrauGruber Brewing,8%,IPA - Imperial / Double New England / Hazy,Can 440ml,"€ 14,30 per litre"
Phantom Collage,"€ 5,79",Germany,3.87,FrauGruber Brewing,8.5%,IPA - Imperial / Double New England / Hazy,Can 440ml,"€ 13,16 per litre"
Citra,"€ 5,79",Germany,3.85,FrauGruber Brewing,6.8%,IPA - New England / Hazy,Can 440ml,"€ 13,16 per litre"
Empty Temples,"€ 5,79",Germany,3.85,FrauGruber Brewing,6.5%,IPA - New England / Hazy,Can 440ml,"€ 13,16 per litre"
Hellstar,"€ 17,50",Hungary,3.89,Mead Scientist,15%,Mead - Other,Bottle 375ml,"€ 46,67 per litre"
Fano Bryghus Red Wedding 2024,"€ 15,55",Denmark,4.15,Fanø Bryghus,13.5%,Stout - Imperial / Double,500ml,"€ 31,10 per litre"
Fano Bryghus White Wedding 2024,"€ 15,55",Denmark,4.13,Fanø Bryghus,13.5%,Stout - Imperial / Double,500ml,"€ 31,10 per litre"
Fano Bryghus Dagmar of Bohemia,"€ 10,45",Denmark,3.47,Fanø Bryghus,7.8%,Pilsner - Imperial / Double,500ml,"€ 20,90 per litre"
Whale Sharks,"€ 9,70",England,4.21,Verdant Brewing Co,8.4%,IPA - Imperial / Double New England / Hazy,Can 440ml,"€ 22,05 per litre"
Even Sharks Need Water (ESNW),"€ 6,55",England,4.08,Verdant Brewing Co,6.5%,IPA - New England / Hazy,Can 440ml,"€ 14,89 per litre"
Big Bob,"€ 3,50",Netherlands,3.29,Oersoep,0.3%,Non-Alcoholic - IPA,330ml,"€ 10,61 per litre"
J.R.E.A.M Cake,"€ 7,55",Scotland,4.02,Vault City Brewing,5.8%,Sour - Smoothie / Pastry,Can 440ml,"€ 17,16 per litre"
Concerto Pour Citra,"€ 5,65",France,3.99,The Piggy Brewing Company,6%,IPA - New England / Hazy,Can 440ml,"€ 12,84 per litre"
Fano Bryghus Sweyn Forkbeard,"€ 10,45",Denmark,3.60,Fanø Bryghus,10.9%,Barleywine - American,500ml,"€ 20,90 per litre"
Beauty - Mango & Lemongrass,"€ 6,29",Poland,3.91,Magic Road,5%,Sour - Other,500ml,"€ 12,58 per litre"
"Wonders - Lychee, Guava & Ube Yam","€ 6,49",Poland,3.88,Magic Road,5%,Sour - Smoothie / Pastry,500ml,"€ 12,98 per litre"
Pretty - Blackcurrant & Coconut,"€ 6,29",Poland,3.86,Magic Road,5%,Sour - Fruited,500ml,"€ 12,58 per litre"
Fifty / Fifty - Peach & Apricot,"€ 6,29",Poland,3.70,Magic Road,5%,Fruit Beer,500ml,"€ 12,58 per litre"
SIGMA,"€ 5,79",Poland,3.69,Magic Road,5.8%,IPA - Other,500ml,"€ 11,58 per litre"
Pretty – Blackcurrant & Coconut,"€ 4,99",Poland,3.86,Magic Road,5%,Sour - Fruited,500ml,"€ 9,98 per litre"
Fifty / Fifty – Peach & Apricot,"€ 4,99",Poland,3.70,Magic Road,5%,Fruit Beer,500ml,"€ 9,98 per litre"
Landlord,"€ 4,00",England,3.52,Timothy Taylor's Brewery,4.1%,Pale Ale - English,500ml,"€ 8,00 per litre"
Lager,"€ 3,99",Poland,3.51,Browar Nepomucen,4.9%,Lager - Dortmunder / Export,500ml,"€ 7,98 per litre"
Even Sharks Need Water,"€ 5,99",England,4.08,Verdant Brewing Co,6.5%,IPA - New England / Hazy,Can 440ml,"€ 13,61 per litre"
Never Eat Another Man's Applause,"€ 5,99",England,4.07,Verdant Brewing Co,6.5%,IPA - New England / Hazy,Can 440ml,"€ 13,61 per litre"
World in a World,"€ 5,99",Netherlands,3.98,Folkingebrew,7%,IPA - Sour,Can 440ml,"€ 13,61 per litre"
PATRONS PROJECT 46.01 // DAN MUMFORD // LIVERPOOL // AZVEX BREWING // DDH IPA,"€ 5,99",England,3.81,Northern Monk,7%,IPA - New England / Hazy,Can 440ml,"€ 13,61 per litre"
Juice Punch,"€ 2,62",Netherlands,3.68,Brouwerij Frontaal,5.8%,IPA - New England / Hazy,330ml,"€ 7,94 per litre"
Boltmaker (Bitter Best),"€ 4,50",England,3.55,Timothy Taylor's Brewery,4.2%,Bitter - Best,500ml,"€ 9,00 per litre"
Golden Champion,"€ 3,50",England,3.45,Badger Beers (Hall & Woodhouse),4.5%,Blonde / Golden Ale - English,500ml,"€ 7,00 per litre"
Furst Ferret (Bitter Session Ordinary),"€ 3,75",England,3.39,Badger Beers (Hall & Woodhouse),4.4%,Bitter - Session / Ordinary,500ml,"€ 7,50 per litre"
Becher Kräußen Pils,"€ 2,00",Germany,3.35,Becher Bräu,4.7%,Pilsner - German,500ml,"€ 4,00 per litre"
Dunkles Hefeweizen Alkoholfrei,"€ 2,30",Germany,3.32,Brauerei Gutmann,0.5%,Non-Alcoholic - Wheat,500ml,"€ 4,60 per litre"
Pils,"€ 2,00",Germany,3.29,Glenk,4.8%,Pilsner - German,500ml,"€ 4,00 per litre"
Siren Viva Patron (Project Barista),"€ 6,00",England,3.79,Siren Craft Brew,8%,Dark Ale,Can 440ml,"€ 13,64 per litre"
Siren Stompin Grounds (Project Barista),"€ 5,50",England,3.66,Siren Craft Brew,6.3%,Red Ale - Other,Can 440ml,"€ 12,50 per litre"
De Smokkelaar / Brouwersnös Loerdraaier,"€ 5,50",Netherlands,3.43,Brouwerij de Smokkelaar,8.2%,Belgian Tripel,Can 440ml,"€ 12,50 per litre"
Gorm the Old Rum Cask 2023,"€ 12,50",Denmark,4.27,Fanø Bryghus,12.5%,Stout - Imperial / Double Pastry,500ml,"€ 25,00 per litre"
Whisky & Rye,"€ 15,00",Denmark,4.08,Fanø Bryghus,14%,Porter - Imperial / Double,500ml,"€ 30,00 per litre"
Gorm The Old,"€ 10,00",Denmark,3.96,Fanø Bryghus,10.1%,Stout - Imperial / Double Milk,500ml,"€ 20,00 per litre"
Canute The Great,"€ 10,00",Denmark,3.88,Fanø Bryghus,11.6%,Stout - Russian Imperial,500ml,"€ 20,00 per litre"
Red Wedding 2024,"€ 15,00",Denmark,4.15,Fanø Bryghus,13.5%,Stout - Imperial / Double,500ml,"€ 30,00 per litre"
White Wedding 2024,"€ 15,00",Denmark,4.13,Fanø Bryghus,13.5%,Stout - Imperial / Double,500ml,"€ 30,00 per litre"
Saison Du Chai 2023,"€ 14,00",France,3.94,Brasserie La Malpolon,6.2%,Farmhouse Ale - Saison,Bottle 750ml,"€ 18,67 per litre"
Oude Mure 2022/2023,"€ 8,00",Belgium,4.02,Gueuzerie Tilquin,6%,Lambic - Fruit,Bottle 375ml,"€ 21,33 per litre"
Encounter,"€ 5,30",England,3.90,Phantom Brewing Co.,5.5%,IPA - New England / Hazy,Can 440ml,"€ 12,05 per litre"
Double Stout,"€ 4,50",Netherlands,3.81,Rock City Brewing,11%,Stout - Imperial / Double,330ml,"€ 13,64 per litre"
Second Date,"€ 3,75",Netherlands,3.76,Rock City Brewing,8%,IPA - American,330ml,"€ 11,36 per litre"
Hold My Sword,"€ 6,30",England,3.87,Baron Brewing,4%,Pale Ale - New England / Hazy,Can 500ml,"€ 12,60 per litre"
Dusk And Her Embrace,"€ 6,25",Bulgaria,4.19,Metalhead,11%,Stout - Imperial / Double Pastry,Bottle 250ml,"€ 25,00 per litre"
Even Sharks Need Water,"€ 7,00",England,4.08,Verdant Brewing Co,6.5%,IPA - New England / Hazy,Can 440ml,"€ 15,91 per litre"
Baby Sharks,"€ 5,50",England,3.93,Verdant Brewing Co,4.8%,Pale Ale - New England / Hazy,Can 440ml,"€ 12,50 per litre"
Rhubarb Cheesecake,"€ 7,29",England,4.00,Yonder Brewing & Blending,6.5%,Sour - Smoothie / Pastry,Can 440ml,"€ 16,57 per litre"
Lost In the Dream,"€ 9,29",Scotland,3.97,Overtone Brewing Co,7.8%,IPA - Imperial / Double New England / Hazy,Can 440ml,"€ 21,11 per litre"
Loop - Gooseberry & Elderflower,"€ 8,29",England,3.94,Yonder Brewing & Blending,4.5%,Wild Ale - Other,330ml,"€ 25,12 per litre"
Freak Shake: Blueberry Cinder Toffee,"€ 7,49",England,3.89,Yonder Brewing & Blending,8.4%,Sour - Smoothie / Pastry,Can 440ml,"€ 17,02 per litre"
Idea Machine,"€ 6,49",England,3.86,Siren Craft Brew,6.5%,IPA - New England / Hazy,Can 440ml,"€ 14,75 per litre"
Viva Patron (Project Barista 24),"€ 6,29",England,3.79,Siren Craft Brew,8%,Dark Ale,Can 440ml,"€ 14,30 per litre"
Boozy Smoothee,"€ 6,99",England,3.66,Yonder Brewing & Blending,6%,Sour - Smoothie / Pastry,Can 440ml,"€ 15,89 per litre"
Dry Bones (Project Barista 24),"€ 5,99",England,3.63,Siren Craft Brew,6.6%,IPA - Brut,Can 440ml,"€ 13,61 per litre"
The Piña Colada Beer,"€ 6,29",England,3.61,Siren Craft Brew,6%,Sour - Fruited,Can 440ml,"€ 14,30 per litre"
Second Serve,"€ 5,79",England,3.51,Siren Craft Brew,5%,Sour - Fruited,Can 440ml,"€ 13,16 per litre"
Soulfly,"€ 3,99",Netherlands,3.51,X-brewing,5.5%,IPA - American,Can 440ml,"€ 9,07 per litre"
Weird Weather Non Alc Hazy IPA,"€ 4,10",Denmark,3.31,Mikkeller,0.3%,Non-Alcoholic - IPA,330ml,"€ 12,42 per litre"
Drink'in the Sun Wheat Ale,"€ 3,90",Denmark,3.24,Mikkeller,0.3%,Non-Alcoholic - Wheat,330ml,"€ 11,82 per litre"
Juicy & Wild Blue-Belle,"€ 10,87",Belgium,3.85,Lambiek Fabriek,8%,Lambic - Fruit,Bottle 750ml,"€ 14,49 per litre"
Peckham Session,"€ 3,90",England,3.62,Brick Brewery,4.2%,IPA - Session,Can 330ml,"€ 11,82 per litre"
Cucooler Than You Think,"€ 4,10",Poland,3.69,Browar Stu Mostów,5.7%,Stout - Milk / Sweet,Can 440ml,"€ 9,32 per litre"
Delight is Right,"€ 4,60",Poland,3.50,Browar Stu Mostów,5.6%,Cream Ale,Can 440ml,"€ 10,45 per litre"
Tundra Tørst,"€ 3,80",Netherlands,3.54,vandeStreek bier,5%,IPA - Farmhouse,330ml,"€ 11,52 per litre"
Goudale Ambrée,"€ 2,00",France,3.41,Brasserie Goudale - Les Brasseurs de Gayant,7.2%,Farmhouse Ale - Bière de Garde,330ml,"€ 6,06 per litre"
Foreign Export Stout,"€ 4,28",England,3.62,Ridgeway Brewing,8%,Stout - Foreign / Export,500ml,"€ 8,56 per litre"
La Rulles Estivale,"€ 8,58",Belgium,3.52,Brasserie Artisanale de Rulles,5.2%,Farmhouse Ale - Saison,Bottle 750ml,"€ 11,44 per litre"
Oxfordshire Blue,"€ 3,87",England,3.39,Ridgeway Brewing,4.8%,Pale Ale - English,500ml,"€ 7,74 per litre"
IPA,"€ 3,97",England,3.28,Ridgeway Brewing,5.5%,IPA - English,500ml,"€ 7,94 per litre"
Bitter Gluten Free,"€ 3,77",England,3.18,Ridgeway Brewing,4%,Gluten-Free,500ml,"€ 7,54 per litre"
Biolegére,"€ 2,08",Belgium,3.02,Brasserie Dupont,3.5%,Farmhouse Ale - Saison,Bottle 250ml,"€ 8,32 per litre"
Maiden 2021,"€ 9,95",England,4.01,Siren Craft Brew,10%,Barleywine - American,330ml,"€ 30,15 per litre"
Garnatxa De L'Orio (Grape Ale),"€ 16,00",Spain,3.95,Cyclic Beer Farm,6.5%,Grape Ale - Other,Bottle 750ml,"€ 21,33 per litre"
Jazzmina,"€ 15,00",Spain,3.91,Cyclic Beer Farm,5.1%,Sour - Fruited Berliner Weisse,Bottle 750ml,"€ 20,00 per litre"
Moscatell dels Bardissots,"€ 16,00",Spain,3.79,Cyclic Beer Farm,6%,Farmhouse Ale - Other,Bottle 750ml,"€ 21,33 per litre"
Elder,"€ 14,00",Spain,3.69,Cyclic Beer Farm,4.5%,Farmhouse Ale - Saison,Bottle 750ml,"€ 18,67 per litre"
De Molen Calvados Edition 2024 - Quadruple,"€ 5,80",Netherlands,3.84,Brouwerij de Molen,12%,Belgian Quadrupel,330ml,"€ 17,58 per litre"
Beer Sirtakiss édition 2024,"€ 5,40",France,3.76,Mogwaï Beer Company,4.9%,Sour - Tomato / Vegetable Gose,Can 440ml,"€ 12,27 per litre"
Track x Everywhere Streetside,"€ 10,80",England,4.18,Track Brewing Company,8.2%,IPA - Imperial / Double New England / Hazy,Can 440ml,"€ 24,55 per litre"
Dreaming Of...DDH Citra IPA,"€ 8,10",England,4.05,Track Brewing Company,7%,IPA - New England / Hazy,Can 440ml,"€ 18,41 per litre"
Moxee,"€ 5,60",England,3.76,Track Brewing Company,4.8%,Lager - Helles,Can 440ml,"€ 12,73 per litre"
2014 - 10 Years of Brewski,"€ 4,79",Sweden,3.88,Brewski,6%,Sour - Fruited Berliner Weisse,Can 330ml,"€ 14,52 per litre"
Brewski / Monkish - I´m Monk-Ish,"€ 4,15",Sweden,3.85,Brewski,6.5%,IPA - New England / Hazy,Can 330ml,"€ 12,58 per litre"
Mangofeber DIPA,"€ 3,49",Sweden,3.79,Brewski,8%,IPA - Imperial / Double,Can 330ml,"€ 10,58 per litre"
Mangofeber IPA,"€ 2,53",Sweden,3.79,Brewski,4.2%,IPA - Imperial / Double,Can 330ml,"€ 7,67 per litre"
Brewski / Other Half - Other Hans,"€ 4,04",Sweden,3.79,Brewski,6.9%,IPA - New England / Hazy,Can 330ml,"€ 12,24 per litre"
Strawberry Pie,"€ 2,81",Sweden,3.77,Brewski,4%,Sour - Smoothie / Pastry,Can 330ml,"€ 8,52 per litre"
Matador,"€ 3,57",Sweden,3.73,Brewski,4.7%,Sour - Fruited Berliner Weisse,Can 330ml,"€ 10,82 per litre"
Mango Colada,"€ 3,43",Sweden,3.67,Brewski,4%,Sour - Fruited Berliner Weisse,Can 330ml,"€ 10,39 per litre"
Pango IPA,"€ 3,23",Sweden,3.52,Brewski,5.9%,IPA - Fruited,Can 330ml,"€ 9,79 per litre"
Uffe,"€ 3,06",Sweden,3.51,Brewski,5.9%,IPA - American,Can 330ml,"€ 9,27 per litre"
Black Hero,"€ 3,00",Slovakia,3.11,Nilio Brewery,0.5%,Non-Alcoholic - Porter / Stout,330ml,"€ 9,09 per litre"
Aradia,"€ 5,10",England,3.95,DMC Brewery,4.5%,Hard Ginger Beer,Can 440ml,"€ 11,59 per litre"
Apes And the Bunny Roll,"€ 3,99",Netherlands,3.31,X-brewing,5.4%,Wheat Beer - American Pale Wheat,Can 440ml,"€ 9,07 per litre"
Barrel Aged Yeti,"€ 16,99",United States,4.16,Great Divide Brewing Company,12.5%,Stout - Imperial / Double,Can 440ml,"€ 9,07 per litre"
Red Wedding (2024),"€ 15,99",Denmark,4.15,Fanø Bryghus,13.5%,Stout - Imperial / Double,500ml,"€ 31,98 per litre"
Low Tide,"€ 6,99",Finland,4.07,Factory Brewing,8%,IPA - Imperial / Double New England / Hazy,Can 440ml,"€ 15,89 per litre"
Rum BA Very Big Flapjack,"€ 4,99",England,4.03,Brew York/ Fierce Beer,10%,Barleywine - Other,330ml,"€ 15,12 per litre"
Yummy Raspberry Blackberry & Vanilla,"€ 6,88",Czech Republic,4.08,Sibeeria,6.1%,Sour - Smoothie / Pastry,Can 500ml,"€ 13,76 per litre"
Sibeeria / Beak - Beakbeat,"€ 6,52",Czech Republic,3.99,Sibeeria,6.3%,IPA - New England / Hazy,Can 500ml,"€ 13,04 per litre"
Cotopaxi,"€ 5,82",Czech Republic,3.99,Sibeeria,7.3%,IPA - New England / Hazy,Can 500ml,"€ 11,64 per litre"
Sibeeria I Love The Smell Of HBC 1019 In The Morning,"€ 5,66",Czech Republic,3.98,Sibeeria,8.3%,IPA - Imperial / Double New England / Hazy,Can 500ml,"€ 11,32 per litre"
Sibeeria I Love The Smell Of Idaho 7 In The Morning,"€ 5,99",Czech Republic,3.95,Sibeeria,7.1%,IPA - New England / Hazy,Can 500ml,"€ 11,98 per litre"
Sibeeria / Dell´ Eremo - FranCeco,"€ 5,34",Czech Republic,3.80,Sibeeria,4.2%,IPA - New England / Hazy,Can 500ml,"€ 10,68 per litre"
Sibeeria I Love The Smell Of Strata In The Morning,"€ 5,41",Czech Republic,3.79,Sibeeria,6.4%,IPA - American,Can 500ml,"€ 10,82 per litre"
Léto 2024,"€ 4,77",Czech Republic,3.79,Sibeeria,4.1%,IPA - Session,Can 500ml,"€ 9,54 per litre"
Sibeeria / Twisted Cat - Hypnokitten,"€ 5,65",Czech Republic,3.77,Sibeeria,8%,IPA - Imperial / Double,Can 500ml,"€ 11,30 per litre"
Blood Orange Gose,"€ 5,35",Czech Republic,3.74,Sibeeria,4.8%,Sour - Fruited Gose,Can 500ml,"€ 10,70 per litre"
Echoes of Childhood,"€ 5,30",Czech Republic,3.74,Sibeeria,3.5%,IPA - New England / Hazy,Can 500ml,"€ 10,60 per litre"
Mini IPA,"€ 3,84",Czech Republic,3.72,Sibeeria,3.8%,IPA - Session,Can 500ml,"€ 7,68 per litre"
Shark Attack,"€ 4,60",Czech Republic,3.72,Sibeeria,4.6%,IPA - Session,Can 500ml,"€ 9,20 per litre"
Wai-iti Beach Sunset,"€ 3,81",Czech Republic,3.61,Sibeeria,3.1%,Pilsner - New Zealand,Can 500ml,"€ 7,62 per litre"
Cherry x Raspberry x Apricot Smoothie Sour Ale,"€ 5,79",Latvia,4.15,Ārpus Brewing Co.,4%,Sour - Smoothie / Pastry,Can 440ml,"€ 13,16 per litre"
Helicopter Chainsaw,"€ 6,79",England,4.12,Azvex Brewing Company,8.3%,IPA - Imperial / Double,Can 440ml,"€ 15,43 per litre"
Double Impala,"€ 7,29",Finland,4.06,Factory Brewing,8%,IPA - Imperial / Double New England / Hazy,Can 440ml,"€ 16,57 per litre"
"MANA – Strawberry, Banana & Coconut","€ 6,39",England,4.04,Azvex Brewing Company,6%,Sour - Smoothie / Pastry,Can 440ml,"€ 14,52 per litre"
Block Universe,"€ 5,99",England,3.96,Azvex Brewing Company,6.2%,IPA - New England / Hazy,Can 440ml,"€ 13,61 per litre"
AORAKI,"€ 5,35",Latvia,3.95,Hopalaa,6.7%,IPA - New England / Hazy,Can 440ml,"€ 12,16 per litre"
Kveik Culture: Alesmith,"€ 3,99",Norway,3.70,LERVIG,6.5%,IPA - American,330ml,"€ 12,09 per litre"
Bayreuther Urstoff,"€ 2,10",Germany,3.54,Bayreuther Bierbrauerei,5.6%,Lager - Dortmunder / Export,500ml,"€ 4,20 per litre"
Weiherer Rauchbock,"€ 2,70",Brazil,3.50,Bamberg Bier/ Brauerei Kundmüller,7%,Rauchbier,500ml,"€ 5,40 per litre"
Doldensud,"€ 2,30",Germany,3.50,Brauerei Püttner,4.7%,Lager - Helles,500ml,"€ 4,60 per litre"
Krug Lager - 5 Liter Fass,"€ 17,00",Germany,3.36,Krug-Bräu,5%,Lager - Munich Dunkel,5000ml,"€ 3,40 per litre"
Weiherer Zwickerla Alkoholfrei,"€ 2,00",Germany,2.75,Brauerei Kundmüller,0.4%,Non-Alcoholic - Lager,500ml,"€ 4,00 per litre"
Oude Kriek Bio (22|23) Blend #40 75cl Bottle,"€ 27,50",Belgium,4.31,Brouwerij 3 Fonteinen,6.7%,Lambic - Kriek,Bottle 750ml,"€ 36,67 per litre"
Oude Geuze Cuvée Armand & Gaston (21|22) Blend #81 75cl Bottle,"€ 28,10",Belgium,4.24,Brouwerij 3 Fonteinen,6.5%,Lambic - Gueuze,Bottle 750ml,"€ 37,47 per litre"
"Oude Kriek (22|23) Blend #92 37,5cl Bottle","€ 15,50",Belgium,4.16,Brouwerij 3 Fonteinen,6.8%,Lambic - Kriek,Bottle 375ml,"€ 41,33 per litre"
Oude Geuze (22|23) Blend #13 75cl Bottle,"€ 21,40",Belgium,4.07,Brouwerij 3 Fonteinen,6%,Lambic - Gueuze,Bottle 750ml,"€ 28,53 per litre"
Oude Geuze (22|23) Blend #51 37.5cl Bottle,"€ 12,00",Belgium,3.98,Brouwerij 3 Fonteinen,6%,Lambic - Gueuze,Bottle 375ml,"€ 32,00 per litre"
Cuvée Armand & Gaston (22|23) Blend #5 37.5cl Bottle,"€ 14,70",Belgium,3.96,Brouwerij 3 Fonteinen,7.2%,Lambic - Gueuze,Bottle 375ml,"€ 39,20 per litre"
Coconut Concrete Jungle Juice Sour,"€ 7,60",Scotland,3.82,Vault City Brewing,6.6%,Sour - Fruited,Can 440ml,"€ 17,27 per litre"
FRUIT SALAD,"€ 6,45",Spain,4.16,SOMA Beer,8%,IPA - Imperial / Double,Can 440ml,"€ 14,66 per litre"
CHILLIN,"€ 6,29",Spain,4.09,SOMA Beer,6%,IPA - English,Can 440ml,"€ 14,30 per litre"
Hear the Cadence,"€ 4,90",Ireland,3.86,Whiplash,7.2%,IPA - New England / Hazy,Can 440ml,"€ 11,14 per litre"
Key Master,"€ 3,20",Wales,3.79,Tiny Rebel Brewing Co,6%,Stout - Pastry,330ml,"€ 9,70 per litre"
Gate Keeper,"€ 3,20",Wales,3.77,Tiny Rebel Brewing Co,6%,Stout - Milk / Sweet,330ml,"€ 9,70 per litre"
Elvis Juice IPA Berlin,"€ 2,69",Scotland,3.69,BrewDog,6.5%,IPA - Fruited,Can 330ml,"€ 8,15 per litre"
Black Heart Draught Stout,"€ 4,39",Scotland,3.47,BrewDog,4.1%,Stout - Irish Dry,Can 440ml,"€ 9,98 per litre"
Hooglander #CaVaBien,"€ 5,20",Netherlands,4.03,Hooglander Bier,10%,Stout - Imperial / Double Pastry,330ml,"€ 15,76 per litre"
Ridgeback,"€ 3,79",Netherlands,3.80,Brouwerij Frontaal,10%,Barleywine - American,330ml,"€ 11,48 per litre"
Wheat Dreams,"€ 5,30",Netherlands,3.46,Brouwerij Kees,5.2%,Wheat Beer - Hopfenweisse,Can 440ml,"€ 12,05 per litre"
Walhalla Pekko,"€ 3,90",Netherlands,3.43,Walhalla Brouwerij & Proeflokaal,5%,Sour - Fruited,330ml,"€ 11,82 per litre"
Funky White,"€ 3,95",Netherlands,3.43,Brouwerij Fusie,6.2%,Wheat Beer - Witbier / Blanche,330ml,"€ 11,97 per litre"
Zeefruit,"€ 3,90",Netherlands,3.39,Brouwerij Homeland,4.7%,Sour - Fruited Gose,330ml,"€ 11,82 per litre"
Siren YULU Can,"€ 3,30",England,3.46,Siren Craft Brew,3.6%,Pale Ale - Other,330ml,"€ 10,00 per litre"
BASED,"€ 6,45",Spain,4.15,SOMA Beer,8%,IPA - Imperial / Double New England / Hazy,Can 440ml,"€ 14,66 per litre"
WHOOP,"€ 6,45",Spain,4.13,SOMA Beer,8%,IPA - Imperial / Double New England / Hazy,Can 440ml,"€ 14,66 per litre"
CLOUT,"€ 6,29",Spain,4.05,SOMA Beer,6%,IPA - New England / Hazy,Can 440ml,"€ 14,30 per litre"
Oude Gueuze Pure,"€ 28,32",Belgium,3.97,Brouwerij Lindemans,7%,Lambic - Gueuze,Bottle 750ml,"€ 37,76 per litre"
Ocean Drift,"€ 7,40",Netherlands,4.01,Folkingebrew,7%,IPA - New England / Hazy,Can 440ml,"€ 16,82 per litre"
For the Love of Hops 'Jade',"€ 5,50",Netherlands,3.69,Brouwerij Frontaal,5.5%,IPA - New Zealand,Can 440ml,"€ 12,50 per litre"
Saison du Meyboom (2024),"€ 4,00",Belgium,3.67,Brasserie de la Senne,5.2%,Farmhouse Ale - Saison,330ml,"€ 12,12 per litre"
Portal (FLOWER GRUIT),"€ 4,70",Belgium,3.66,La Source Beer Co.,6.9%,Historical Beer - Gruit / Ancient Herbed Ale,330ml,"€ 14,24 per litre"
Barking White,"€ 4,00",Belgium,3.41,Belgian Balance,0.5%,Non-Alcoholic - IPA,330ml,"€ 12,12 per litre"
St. Bernardus Tokyo,"€ 2,80",Belgium,3.48,Brouwerij St.Bernardus,6%,Wheat Beer - Witbier / Blanche,330ml,"€ 8,48 per litre"
Statues Crumbling,"€ 5,40",England,3.69,Phantom Brewing Co.,4.2%,Pale Ale - New England / Hazy,Can 440ml,"€ 12,27 per litre"
All Citra Everything,"€ 8,50",United States,4.36,Other Half Brewing Co.,8.5%,IPA - Imperial / Double New England / Hazy,Can 440ml,"€ 12,27 per litre"
lACEd in Space,"€ 11,00",United States,4.29,Other Half Brewing Co.,8.5%,IPA - Imperial / Double New England / Hazy,Can 440ml,"€ 12,27 per litre"
Broccoli,"€ 8,50",United States,4.26,Other Half Brewing Co.,7.9%,IPA - Imperial / Double,Can 440ml,"€ 12,27 per litre"
Green Power,"€ 10,50",United States,4.25,Other Half Brewing Co.,8%,IPA - Imperial / Double New England / Hazy,473ml,"€ 22,20 per litre"
Extra Tall Kiwi,"€ 10,50",United States,4.24,Other Half Brewing Co.,8.5%,IPA - Imperial / Double New England / Hazy,473ml,"€ 22,20 per litre"
Knockout Juice,"€ 10,00",United States,4.20,Other Half Brewing Co.,8%,IPA - Imperial / Double New England / Hazy,473ml,"€ 21,14 per litre"
Comfort Hops,"€ 10,50",United States,4.19,Other Half Brewing Co.,8.5%,IPA - Imperial / Double New England / Hazy,473ml,"€ 21,14 per litre"
47th Street,"€ 10,00",United States,4.16,Other Half Brewing Co.,8%,IPA - Imperial / Double New England / Hazy,473ml,"€ 21,14 per litre"
Green City,"€ 7,50",United States,4.15,Other Half Brewing Co.,7%,IPA - New England / Hazy,473ml,"€ 15,86 per litre"
Have A Juicy Day,"€ 9,50",United States,4.15,Other Half Brewing Co.,7%,IPA - New England / Hazy,473ml,"€ 15,86 per litre"
Crab Dust,"€ 9,50",United States,4.01,Other Half Brewing Co.,6.5%,IPA - New England / Hazy,473ml,"€ 15,86 per litre"
Forever Ever,"€ 6,00",United States,3.94,Other Half Brewing Co.,4.7%,IPA - Session,473ml,"€ 15,86 per litre"
Chasing Ghosts,"€ 6,79",United States,3.96,"Epic Brewing Co. (Utah, Colorado)",10.3%,IPA - Imperial / Double New England / Hazy,473ml,"€ 14,36 per litre"
Yeti,"€ 6,99",United States,3.90,Great Divide Brewing Company,9.5%,Stout - Imperial / Double,355ml,"€ 19,69 per litre"
Hazy IPA,"€ 6,49",United States,3.85,Great Divide Brewing Company,6.2%,IPA - New England / Hazy,355ml,"€ 18,28 per litre"
Citralush,"€ 5,49",United States,3.84,"Epic Brewing Co. (Utah, Colorado)",7%,IPA - New England / Hazy,355ml,"€ 15,46 per litre"
Mountain Man,"€ 4,99",United States,3.83,Jeremiah Johnson Brewing Co.,6.5%,Scotch Ale / Wee Heavy,355ml,"€ 15,46 per litre"
Hercules,"€ 10,99",United States,3.82,Great Divide Brewing Company,10%,IPA - Imperial / Double,355ml,"€ 15,46 per litre"
The Hazy,"€ 4,49",United States,3.78,Ska Brewing,6.5%,IPA - New England / Hazy,355ml,"€ 15,46 per litre"
Modus Hoperandi,"€ 4,49",United States,3.74,Ska Brewing,6.8%,IPA - American,355ml,"€ 12,65 per litre"
Strawberry Rhubarb,"€ 6,49",United States,3.73,Great Divide Brewing Company,6.4%,Sour - Fruited,355ml,"€ 12,65 per litre"
Tart 'n Juicy,"€ 4,99",United States,3.73,"Epic Brewing Co. (Utah, Colorado)",5.1%,IPA - Sour,355ml,"€ 14,06 per litre"
Hazy IPA,"€ 4,99",United States,3.72,Jeremiah Johnson Brewing Co.,7.3%,IPA - New England / Hazy,355ml,"€ 14,06 per litre"
Hazy Pale Ale,"€ 4,99",United States,3.68,Jeremiah Johnson Brewing Co.,5%,Pale Ale - New England / Hazy,355ml,"€ 14,06 per litre"
Tropical Hazy,"€ 4,49",United States,3.67,Ska Brewing,6%,IPA - New England / Hazy,355ml,"€ 12,65 per litre"
Modus Mandarina,"€ 4,49",United States,3.66,Ska Brewing,6.8%,IPA - Fruited,355ml,"€ 12,65 per litre"
Escape to Colorado,"€ 4,49",United States,3.66,"Epic Brewing Co. (Utah, Colorado)",6.2%,IPA - American,355ml,"€ 12,65 per litre"
Car Camper,"€ 4,99",United States,3.66,Great Divide Brewing Company,5%,Pale Ale - New England / Hazy,355ml,"€ 12,65 per litre"
Margarita Gose,"€ 6,49",United States,3.66,Great Divide Brewing Company,5.8%,Sour - Fruited Gose,355ml,"€ 12,65 per litre"
Titan,"€ 4,99",United States,3.64,Great Divide Brewing Company,7.1%,IPA - American,355ml,"€ 14,06 per litre"
Citra IPA,"€ 4,99",United States,3.61,Jeremiah Johnson Brewing Co.,6.5%,IPA - American,355ml,"€ 14,06 per litre"
Colette,"€ 4,99",United States,3.60,Great Divide Brewing Company,6.5%,Farmhouse Ale - Saison,355ml,"€ 14,06 per litre"
Space Debris,"€ 4,49",United States,3.59,"Epic Brewing Co. (Utah, Colorado)",6.5%,IPA - American,355ml,"€ 12,65 per litre"
Blonde Ale,"€ 4,99",United States,3.57,Jeremiah Johnson Brewing Co.,5.4%,Blonde / Golden Ale - Other,355ml,"€ 12,65 per litre"
Love & Lemons,"€ 4,99",United States,3.55,Great Divide Brewing Company,5.5%,Fruit Beer,355ml,"€ 14,06 per litre"
Double Dry Hop Pseudo Sue,"€ 13,92",United States,4.31,Toppling Goliath Brewing Co.,5.8%,Pale Ale - New England / Hazy,473ml,"€ 29,43 per litre"
Api Yzah,"€ 5,08",Sweden,3.72,Stigbergets Bryggeri,5.9%,IPA - New England / Hazy,330ml,"€ 15,39 per litre"
Nosferatu,"€ 7,10",Spain,3.56,La Calavera,7.6%,Stout - Pastry,Can 440ml,"€ 16,14 per litre"
Double Impala,"€ 8,50",Finland,4.06,Factory Brewing,8%,IPA - Imperial / Double New England / Hazy,Can 440ml,"€ 19,32 per litre"
Trombolese,"€ 6,55",England,3.98,Neon Raptor Brewing Co.,8%,IPA - Imperial / Double New England / Hazy,Can 440ml,"€ 14,89 per litre"
Crimson,"€ 6,60",Spain,3.71,Menno Olivier Brewing,7.8%,IPA - Imperial / Double,Can 440ml,"€ 15,00 per litre"
St. Bernardus Pater 6,"€ 1,60",Belgium,3.55,Brouwerij St.Bernardus,6.7%,Belgian Dubbel,330ml,"€ 4,85 per litre"
Kriek Max,"€ 1,55",Belgium,3.49,Omer Vander Ghinste,3.5%,Lambic - Kriek,Bottle 250ml,"€ 6,20 per litre"
Poch's Graduat!,"€ 5,70",Spain,3.92,Poch's Cervesa Artesana,8.5%,IPA - Imperial / Double,330ml,"€ 17,27 per litre"
Singularity,"€ 8,95",Estonia,4.23,Lehe Pruulikoda,18%,Stout - Imperial / Double,330ml,"€ 27,12 per litre"
Fireside Brewing Barkbecue,"€ 10,95",Netherlands,3.82,Mister Hop,10%,Belgian Quadrupel,Bottle 750ml,"€ 14,60 per litre"
Dark Season,"€ 3,79",Bulgaria,3.79,Sofia Electric Brewing,8.5%,Porter - English,330ml,"€ 11,48 per litre"
For the Love of Hops Cyan,"€ 5,99",Netherlands,3.66,Brouwerij Frontaal,5.5%,IPA - New England / Hazy,Can 440ml,"€ 13,61 per litre"
150 Blonde Forte,"€ 3,25",Belgium,3.75,Bières de Chimay,10%,Belgian Strong Golden Ale,Can 440ml,"€ 13,61 per litre"
Saison Dupont Cuvée Dry Hopping,"€ 2,45",Belgium,3.67,Brasserie Dupont,6.5%,Farmhouse Ale - Saison,Can 440ml,"€ 13,61 per litre"
Delirium Argentum,"€ 2,80",Belgium,3.60,Delirium - Huyghe Brewery,7%,IPA - Belgian,330ml,"€ 8,48 per litre"
Pauwel Kwak Rouge,"€ 3,14",Belgium,3.34,Brouwerij Bosteels,8%,Fruit Beer,330ml,"€ 8,48 per litre"
Erdinger Alcoholvrij,"€ 1,90",Germany,2.90,Erdinger Weissbräu,0.4%,Non-Alcoholic - Wheat,500ml,"€ 3,80 per litre"
Pan IPAni Double Urodzinowe,"€ 6,99",Poland,4.03,Trzech Kumpli,6.7%,IPA - Imperial / Double,500ml,"€ 13,98 per litre"
Piña Colada Pleasure,"€ 6,99",Poland,3.84,Moczybroda,8.8%,Sour - Smoothie / Pastry,500ml,"€ 13,98 per litre"
Pan IPAni,"€ 5,29",Poland,3.82,Trzech Kumpli,6%,IPA - White / Wheat,500ml,"€ 10,58 per litre"
Mystic Trails,"€ 5,49",Poland,3.66,Moczybroda,5.5%,IPA - New England / Hazy,500ml,"€ 10,98 per litre"
Og True Skawka,"€ 5,99",Poland,3.41,Moczybroda,8%,IPA - Sour,500ml,"€ 11,98 per litre"
Stig Noir,"€ 4,88",Sweden,3.50,Stigbergets Bryggeri,6.5%,IPA - Black / Cascadian Dark Ale,330ml,"€ 14,79 per litre"
Publitasting / De Circus Go Wild Mango Edition,"€ 29,74",Belgium,4.15,Publitasting,7%,Brett Beer,Bottle 750ml,"€ 39,65 per litre"
Publitasting / Straete Go Wild Blond Melisse,"€ 29,74",Belgium,4.10,Publitasting,7%,Brett Beer,Bottle 750ml,"€ 39,65 per litre"
Grieks Hooi Geuze,"€ 39,85",Belgium,?,Publitasting,6%,Lambic - Gueuze,Bottle 750ml,"€ 53,13 per litre"
Meggyes sör,"€ 3,20",Hungary,3.34,Szent András Sörfőzde,3.7%,Fruit Beer,500ml,"€ 6,40 per litre"
Primator Premium Lager Dobozos,"€ 2,10",Czech Republic,3.16,Primátor,5%,Pilsner - Czech / Bohemian,500ml,"€ 4,20 per litre"
Stacked Azacca,"€ 6,50",Wales,3.91,Polly's Brew Co.,5.7%,Pale Ale - New England / Hazy,Can 440ml,"€ 14,77 per litre"
Flora Theory,"€ 6,50",Wales,3.80,Polly's Brew Co.,5.5%,Pale Ale - New England / Hazy,Can 440ml,"€ 14,77 per litre"
Constructing Crimson,"€ 6,40",Wales,3.70,Polly's Brew Co.,5.4%,Red Ale - Other,Can 440ml,"€ 14,55 per litre"
DOK Pomona Lisa,"€ 3,39",Belgium,3.74,Dok Brewing Company,6.7%,IPA - New England / Hazy,330ml,"€ 10,27 per litre"
DOK Heidi Aus Terpeen,"€ 3,81",Belgium,3.54,Dok Brewing Company,6.7%,IPA - American,330ml,"€ 11,55 per litre"
Phantom Collage,"€ 5,50",Germany,3.87,FrauGruber Brewing,8.5%,IPA - Imperial / Double New England / Hazy,Can 440ml,"€ 12,50 per litre"
Hazy Queen,"€ 3,64",Hungary,3.79,HORIZONT Brewing,6%,IPA - New England / Hazy,330ml,"€ 11,03 per litre"
Falda,"€ 6,30",Spain,3.93,Menno Olivier Brewing,10%,Stout - Imperial / Double,330ml,"€ 19,09 per litre"
Crimson,"€ 5,95",Spain,3.71,Menno Olivier Brewing,7.8%,IPA - Imperial / Double,330ml,"€ 18,03 per litre"
Eruption,"€ 6,30",Spain,3.63,Menno Olivier Brewing,9.7%,IPA - Triple,330ml,"€ 19,09 per litre"
Saison,"€ 5,85",Spain,3.82,Menno Olivier Brewing,9.4%,Farmhouse Ale - Saison,330ml,"€ 17,73 per litre"
Whisky Oak Infused,"€ 16,95",Belgium,3.75,Ter Dolen,8.5%,Belgian Tripel,Bottle 750ml,"€ 22,60 per litre"
Perfect Citra Galaxy,"€ 6,79",Italy,3.90,CRAK Brewery,6.5%,IPA - New England / Hazy,330ml,"€ 20,58 per litre"
Giant Step,"€ 5,49",Italy,3.83,CRAK Brewery,7.5%,IPA - American,330ml,"€ 16,64 per litre"
Guerrilla,"€ 5,49",Italy,3.72,CRAK Brewery,5.8%,IPA - American,330ml,"€ 16,64 per litre"
Pizzapils,"€ 3,99",Italy,3.57,CRAK Brewery,5%,Pilsner - Other,330ml,"€ 12,09 per litre"
Petite Framboise,"€ 5,00",England,3.71,Burning Sky Brewery,3.5%,Farmhouse Ale - Saison,Can 440ml,"€ 11,36 per litre"
Sour Station Raspberry,"€ 3,10",Czech Republic,3.54,Axiom Brewery,4.5%,Sour - Fruited Berliner Weisse,Can 330ml,"€ 9,39 per litre"
Soft Landings Breakfast Stout,"€ 6,80",Denmark,3.61,Dry & Bitter Brewing Company,6.5%,Stout - Coffee,Can 440ml,"€ 15,45 per litre"
Organic Chocolate Stout BIO,"€ 4,25",England,4.04,Samuel Smith,5%,Stout - Other,355ml,"€ 11,97 per litre"
Green Bullet IPA,"€ 3,55",Netherlands,3.53,Two Chefs Brewing,6.5%,IPA - American,Can 330ml,"€ 10,76 per litre"
Extra White,"€ 2,00",Belgium,3.51,Duvel Moortgat,4.7%,Wheat Beer - Witbier / Blanche,330ml,"€ 6,06 per litre"
Blond Vleugje Vlierbloesem,"€ 2,10",Netherlands,3.49,Gulpener Bierbrouwerij,6%,Blonde / Golden Ale - Other,300ml,"€ 7,00 per litre"
Hefe Weissbier,"€ 2,25",Germany,3.67,Paulaner Brauerei,5.5%,Wheat Beer - Hefeweizen,500ml,"€ 4,50 per litre"
Kriek,"€ 2,05",Belgium,3.50,Brouwerij Mort Subite,4.3%,Lambic - Kriek,Bottle 250ml,"€ 8,20 per litre"
Barley Wine,"€ 2,90",Poland,3.75,Browar Fortuna,12%,Barleywine - English,Bottle 500ml,"€ 5,80 per litre"
American IPA,"€ 3,30",Poland,3.62,Browar Stu Mostów,6.8%,IPA - American,Bottle 500ml,"€ 6,60 per litre"
Pilzner,"€ 1,90",Poland,3.15,Browar Fortuna,5.4%,Pilsner - Other,Bottle 500ml,"€ 3,80 per litre"
Wywar Mango Milkshake IPA,"€ 6,02",Slovakia,3.55,Holíčsky pivovar Wywar,6%,IPA - Milkshake,Bottle 750ml,"€ 8,03 per litre"
West Coast Highway,"€ 4,20",Poland,3.76,Browar Trójmiejski Lubrow,7%,IPA - American,Can 500ml,"€ 8,40 per litre"
Tropical Twist,"€ 3,10",Poland,3.56,Browar Trójmiejski Lubrow,5.2%,Sour - Fruited,Can 330ml,"€ 9,39 per litre"
Cinnamon Roll Stout,"€ 8,60",United States,3.88,Untitled Art,8%,Stout - White / Golden,355ml,"€ 24,23 per litre"
Paradise Plumes,"€ 7,95",Germany,4.12,Sudden Death Brewing Co.,5%,Sour - Smoothie / Pastry,Can 440ml,"€ 18,07 per litre"
J.R.E.A.M Cake,"€ 8,75",Scotland,4.02,Vault City Brewing,5.8%,Sour - Smoothie / Pastry,Can 440ml,"€ 19,89 per litre"
Hoppudō,"€ 7,00",France,3.86,Prizm Brewing Co.,8%,IPA - Imperial / Double Milkshake,Can 440ml,"€ 15,91 per litre"
Tropik Mango DIPA,"€ 4,40",Poland,3.61,Browar Cztery Ściany,6.2%,IPA - American,Bottle 500ml,"€ 8,80 per litre"
Rudolf (Cellar Series),"€ 8,10",Estonia,4.16,Põhjala,12%,Rye Wine,330ml,"€ 24,55 per litre"
TDH Riwaka X Kohia Motueka SubZero Hop Kief DIPA,"€ 6,75",Latvia,4.03,Ārpus Brewing Co.,8%,IPA - Imperial / Double New England / Hazy,Can 440ml,"€ 15,34 per litre"
Time Moves Slow,"€ 7,75",France,3.76,La Débauche,10%,Stout - Imperial / Double,330ml,"€ 23,48 per litre"
Au Baron / Pays Flamand Saison des Beaux Jours,"€ 7,55",France,4.10,Brasserie au Baron,5.5%,Farmhouse Ale - Saison,Bottle 750ml,"€ 10,07 per litre"
Au Baron / Cantina Errante Saison Vagabonda,"€ 7,55",France,3.86,Brasserie au Baron,5.5%,Farmhouse Ale - Saison,Bottle 750ml,"€ 10,07 per litre"
Ghost Proton 2024,"€ 37,50",United States,4.40,Bottle Logic Brewing,14%,Stout - Imperial / Double Pastry,500ml,"€ 75,00 per litre"
Barrel Aged Equilibrim = Mostra Coffee Cuvée,"€ 35,00",United States,4.27,Equilibrium Brewery,17%,Stout - Imperial / Double,500ml,"€ 70,00 per litre"
Kryptos,"€ 37,50",United States,4.23,Bottle Logic Brewing,12.4%,Barleywine - English,500ml,"€ 75,00 per litre"
Black Gold,"€ 11,25",United States,4.17,The Drowned Lands Brewery,10.5%,Stout - Imperial / Double,473ml,"€ 23,78 per litre"
Waves Coconut Vanilla,"€ 12,75",United States,4.11,Barclay Brewing Co.,13%,Stout - Imperial / Double,473ml,"€ 26,96 per litre"
Patersbier,"€ 7,99",United States,3.84,Grimm Artisanal Ales,4.9%,Belgian Enkel / Patersbier,473ml,"€ 16,89 per litre"
Camoufleur,"€ 7,99",United States,3.74,Grimm Artisanal Ales,6%,Farmhouse Ale - Saison,473ml,"€ 16,89 per litre"
Black Tropical Beach,"€ 5,10",Netherlands,3.19,Dutch Bargain,8%,Stout - Other,330ml,"€ 15,45 per litre"
Ad Arma! 2024,"€ 23,50",United States,4.51,Brujos Brewing,10%,IPA - Triple New England / Hazy,473ml,"€ 49,68 per litre"
Prince of Barkness,"€ 35,00",United States,4.39,Transient Artisan Ales,14.5%,Stout - Imperial / Double Coffee,500ml,"€ 70,00 per litre"
Typhon Coconut,"€ 12,00",United States,4.36,Mortalis Brewing Company,6%,Sour - Smoothie / Pastry,473ml,"€ 25,37 per litre"
Thrice the Daily Serving: Tropical Punch (Freaky Friday Edition),"€ 11,75",United States,4.32,The Veil Brewing Co.,8%,Sour - Fruited Berliner Weisse,473ml,"€ 24,84 per litre"
Twilight Whispers,"€ 32,00",United States,4.29,Sante Adairius Rustic Ales,12.3%,Belgian Quadrupel,500ml,"€ 64,00 per litre"
Konkey Dong 2024,"€ 9,75",United States,4.27,Hoof Hearted Brewing,8%,IPA - Imperial / Double New England / Hazy,473ml,"€ 20,61 per litre"
Konkey Dong 4Up Evolution Aquatic Ape Theory,"€ 9,99",United States,4.27,Hoof Hearted Brewing,9.5%,IPA - Triple,473ml,"€ 21,12 per litre"
Sixes,"€ 18,50",United States,4.19,Brujos Brewing,6.6%,IPA - American,473ml,"€ 39,11 per litre"
The Staff (Pilsner New Zealand),"€ 15,99",United States,4.13,Brujos Brewing,5.5%,Pilsner - New Zealand,473ml,"€ 33,81 per litre"
Cuernitos,"€ 15,99",United States,4.11,Brujos Brewing,5%,Pale Ale - American,473ml,"€ 33,81 per litre"
Vienen Las Brujas,"€ 15,99",United States,4.09,Brujos Brewing,5.1%,Lager - Pale,473ml,"€ 33,81 per litre"
French Toast by Campfire,"€ 7,75",United States,4.03,Timber Ales,6%,Stout - Coffee,355ml,"€ 21,83 per litre"
Speedway Stout Horchata Edition,"€ 9,75",United States,3.85,AleSmith Brewing Company,12%,Stout - Imperial / Double Coffee,473ml,"€ 20,61 per litre"
Good Mr. Postman (Lager American Light),"€ 6,75",United States,3.76,Perennial Artisan Ales,4.2%,Lager - American Light,473ml,"€ 14,27 per litre"
Marabout,"€ 24,50",Canada,4.42,Brasserie du Bas-Canada,10.5%,Stout - Imperial / Double Milk,Bottle 375ml,"€ 65,33 per litre"
Agence Spatiale,"€ 25,00",Canada,4.35,Nano Cinco,11.9%,Stout - Imperial / Double Pastry,500ml,"€ 50,00 per litre"
Commodus,"€ 11,00",Canada,4.33,Brasserie du Bas-Canada,8.2%,IPA - Imperial / Double,473ml,"€ 23,26 per litre"
Hypa #6,"€ 9,99",Canada,4.29,Brasserie du Bas-Canada,6.5%,IPA - American,473ml,"€ 21,12 per litre"
Florallusion,"€ 9,99",Canada,4.26,Brasserie du Bas-Canada,5.5%,Pale Ale - American,473ml,"€ 21,12 per litre"
Hypa #7,"€ 9,99",Canada,4.24,Brasserie du Bas-Canada,6.5%,IPA - American,473ml,"€ 21,12 per litre"
Midday Snack (Freakshake),"€ 9,00",United States,4.20,Abomination Brewing Company,7.7%,Stout - Pastry,473ml,"€ 19,03 per litre"
Biere Extra-Forte / Extra Strong Beer,"€ 11,50",Canada,4.20,Brasserie du Bas-Canada,8.6%,IPA - Imperial / Double,473ml,"€ 24,31 per litre"
Röthen (Kellerbier / Zwickelbier),"€ 8,60",Canada,3.90,Nano Cinco,5.4%,Kellerbier / Zwickelbier,473ml,"€ 18,18 per litre"
Quokka (Australian Sparkling Ale),"€ 18,75",Canada,3.89,Nano Cinco,5.3%,Australian Sparkling Ale,Bottle 750ml,"€ 25,00 per litre"
Cinco Export (Pilsner Other),"€ 8,60",Canada,3.82,Nano Cinco,4.6%,Pilsner - Other,473ml,"€ 18,18 per litre"
Full Circle (Kölsch),"€ 6,99",Canada,3.68,Counterpart Brewing,4.5%,Kölsch,355ml,"€ 19,69 per litre"
#SELECT (BBA),"€ 30,00",Canada,4.23,Badlands Brewing Company,11.9%,Stout - Imperial / Double,500ml,"€ 60,00 per litre"
Oaked Stout,"€ 2,90",Netherlands,3.39,Lindeboom,7.5%,Stout - American,500ml,"€ 60,00 per litre"
Keller Pils Cans,"€ 4,00",England,3.47,Lost and Grounded Brewers,4.8%,Kellerbier / Zwickelbier,Can 440ml,"€ 9,09 per litre"
Eight Times Helles,"€ 3,50",Romania,3.61,Bereta Brewing Co.,5.5%,Lager - Helles,Can 440ml,"€ 7,95 per litre"
Hay Joe,"€ 3,30",Greece,3.59,Strange Brew,5.2%,Farmhouse Ale - Saison,Can 440ml,"€ 7,95 per litre"
Fanatical Origin,"€ 19,95",United States,4.24,Electric Brewing Company,8.5%,IPA - Imperial / Double,Can 440ml,"€ 7,95 per litre"
Lost in the Mail,"€ 24,95",United States,4.14,El Segundo Brewing Company,13.2%,IPA - Quadruple,Can 440ml,"€ 7,95 per litre"
Raspberry Strawberry Coconut Ripple,"€ 6,10",Scotland,3.81,Vault City Brewing,6%,Sour - Smoothie / Pastry,Can 440ml,"€ 13,86 per litre"
Common Sense,"€ 4,13",Czech Republic,3.58,Axiom Brewery,5.5%,Pale Ale - American,Can 500ml,"€ 8,26 per litre"
Tusk Hunter,"€ 7,30",Greece,3.92,Alea Brewing Co.,7.2%,IPA - Rye,Can 500ml,"€ 14,60 per litre"
Mayday NEIPA,"€ 6,99",France,4.09,La Superbe,6.1%,IPA - New England / Hazy,Can 440ml,"€ 15,89 per litre"
Hazy Dreams DDH IPA,"€ 6,99",France,3.96,La Superbe,6.5%,IPA - New England / Hazy,Can 440ml,"€ 15,89 per litre"
Purple Rain Triple Fruited Gose,"€ 8,49",France,3.91,La Superbe,6%,Sour - Fruited Gose,Can 440ml,"€ 19,30 per litre"
Brewing x Finback Free-Float DIPA,"€ 9,99",Denmark,3.88,Gamma Brewing Company,8%,IPA - Imperial / Double New England / Hazy,Can 440ml,"€ 22,70 per litre"
Brewing Keep Near Until Done West Coast Pale Ale,"€ 8,99",Denmark,3.40,Gamma Brewing Company,5%,Pale Ale - American,Can 440ml,"€ 20,43 per litre"
Land Van De Meester (Alvinne collab),"€ 5,50",Belgium,3.84,Brewery De Meester,11%,Belgian Strong Dark Ale,330ml,"€ 16,67 per litre"
Framboos,"€ 24,24",Belgium,4.38,Brouwerij 3 Fonteinen,6%,Lambic - Framboise,Bottle 750ml,"€ 32,32 per litre"
Oude Geuze Cuvée Armand en Gaston,"€ 7,87",Belgium,4.32,Brouwerij 3 Fonteinen,5.5%,Lambic - Gueuze,Bottle 375ml,"€ 20,99 per litre"
Wijnbergperzik,"€ 20,94",Belgium,4.25,Brouwerij 3 Fonteinen,5%,Lambic - Fruit,Bottle 750ml,"€ 27,92 per litre"
Gulden Draak Classic Tripel,"€ 7,95",Belgium,3.77,Brouwerij Van Steenberge,10.5%,Belgian Strong Dark Ale,Bottle 750ml,"€ 10,60 per litre"
Funky Falcon Pale Ale,"€ 3,90",Netherlands,3.50,Two Chefs Brewing,5.2%,Pale Ale - American,Can 330ml,"€ 11,82 per litre"
Juice Punch 0.5 New England IPA,"€ 3,35",Netherlands,3.27,Brouwerij Frontaal,0.5%,Non-Alcoholic - IPA,Can 330ml,"€ 10,15 per litre"
FRUIT SALAD,"€ 7,50",Spain,4.16,SOMA Beer,8%,IPA - Imperial / Double,Can 440ml,"€ 17,05 per litre"
To Do List,"€ 7,00",Spain,4.09,SOMA Beer,7%,IPA - New England / Hazy,Can 440ml,"€ 15,91 per litre"
DOUBLE WAI-ITI DRIP,"€ 7,50",Spain,4.06,SOMA Beer,8%,IPA - Imperial / Double New England / Hazy,Can 440ml,"€ 17,05 per litre"
DON&apos;T QUOTE ME,"€ 7,00",Spain,4.06,SOMA Beer,6%,IPA - New England / Hazy,Can 440ml,"€ 15,91 per litre"
Good Morning Mademoiselle!,"€ 24,99",Italy,3.90,Brasseria Della Fonte,8.4%,Stout - Coffee,500ml,"€ 49,98 per litre"
Assassin 2019,"€ 279,95",United States,4.76,Toppling Goliath Brewing Co.,12%,Stout - Imperial / Double,500ml,"€ 49,98 per litre"
Assassin 2018,"€ 279,95",United States,4.52,Toppling Goliath Brewing Co.,12%,Stout - Imperial / Double,500ml,"€ 49,98 per litre"
STRIPFIRE,"€ 6,99",Spain,4.15,Garage Beer Co.,9.5%,IPA - Triple New England / Hazy,Can 440ml,"€ 15,89 per litre"
GORGONIAS,"€ 5,99",Spain,3.97,Garage Beer Co.,7%,IPA - New England / Hazy,Can 440ml,"€ 13,61 per litre"
BLUE LIFE,"€ 5,99",Spain,3.86,Garage Beer Co.,6.5%,IPA - New England / Hazy,Can 440ml,"€ 13,61 per litre"
CYCT Torsion,"€ 5,50",Netherlands,3.85,Moersleutel Craft Brewery,8%,IPA - New England / Hazy,Can 440ml,"€ 12,50 per litre"
CYCT Rotation,"€ 4,90",Netherlands,3.83,Moersleutel Craft Brewery,6.5%,IPA - New England / Hazy,Can 440ml,"€ 11,14 per litre"
STOP WHALING,"€ 6,75",Spain,4.05,Garage Beer Co.,7%,IPA - Imperial / Double New England / Hazy,Can 440ml,"€ 15,34 per litre"
Parklife (2024),"€ 5,85",Germany,3.94,FUERST WIACEK,6.8%,IPA - New England / Hazy,Can 440ml,"€ 13,30 per litre"
Amedee,"€ 24,99",United States,4.18,Tree House Brewing Company,12.2%,Belgian Strong Dark Ale,355ml,"€ 70,39 per litre"
Dusky Sour Session IPA,"€ 3,65",Netherlands,3.50,De Kromme Haring,4%,IPA - Sour,Can 330ml,"€ 11,06 per litre"
Karel On Steroids – #400 Limited Flowable Edition (2024),"€ 2,99",Netherlands,3.73,Kaapse Brouwers,8.4%,IPA - Imperial / Double,Can 330ml,"€ 11,06 per litre"
Mancuerda,"€ 14,00",United States,4.14,Nightmare Brewing Company,10.2%,IPA - Imperial / Double,Can 330ml,"€ 11,06 per litre"
Nikl Lagerbier Zwickl,"€ 2,10",Germany,3.53,Nikl-Bräu Pretzfeld,5.1%,Kellerbier / Zwickelbier,500ml,"€ 4,20 per litre"
Bayreuther Hell,"€ 2,00",Germany,3.52,Bayreuther Bierbrauerei,4.9%,Lager - Helles,500ml,"€ 4,00 per litre"
Gorilla Unfiltered Pleasure Hazy Pale Ale,"€ 4,99",Germany,3.79,Gorilla Cervecería Berlin,6.2%,Pale Ale - New England / Hazy,330ml,"€ 15,12 per litre"
Gorilla Poor Harry American IPA,"€ 4,99",Germany,3.69,Gorilla Cervecería Berlin,6.6%,IPA - American,330ml,"€ 15,12 per litre"
Gorilla Adiós Amigos Stout,"€ 5,29",Germany,3.53,Gorilla Cervecería Berlin,6.5%,Stout - Other,330ml,"€ 16,03 per litre"
Cider Rose,"€ 2,59",Germany,3.46,BRLO,4.5%,Cider - Rosé,330ml,"€ 7,85 per litre"
Sensei 2020 - SHOP ONLY,"€ 37,80",Denmark,4.32,Insight Cellars,25%,Wild Ale - Other,Bottle 750ml,"€ 50,40 per litre"
Congruity: Cuvée 2022 - SHOP ONLY,"€ 37,80",Denmark,4.32,Insight Cellars,7.2%,Wild Ale - Other,Bottle 750ml,"€ 50,40 per litre"
"Goodmorning, Mademoiselle!","€ 15,60",Italy,3.90,Brasseria Della Fonte,12.3%,Stout - Coffee,500ml,"€ 31,20 per litre"
Lesser,"€ 3,79",Netherlands,3.52,ROTT. Brouwers,6.5%,Farmhouse Ale - Saison,330ml,"€ 11,48 per litre"
Enology,"€ 12,00",Poland,3.98,PINTA Barrel Brewing,7.5%,Wild Ale - Other,Bottle 375ml,"€ 32,00 per litre"
Proper DIPA: Luminosa Edition,"€ 8,11",England,4.13,Cloudwater Brew Co.,8%,IPA - Imperial / Double New England / Hazy,Can 440ml,"€ 18,43 per litre"
Ordered State,"€ 7,60",England,3.87,Cloudwater Brew Co.,7%,IPA - New England / Hazy,Can 440ml,"€ 17,27 per litre"
Headband Pale Ale,"€ 5,80",England,3.87,Verdant Brewing Co,5.5%,Pale Ale - New England / Hazy,Can 440ml,"€ 13,18 per litre"
Bliss,"€ 3,99",Netherlands,3.73,ROTT. Brouwers,5.5%,IPA - New England / Hazy,330ml,"€ 12,09 per litre"
Birthday 2020 Old Forester,"€ 139,50",United States,4.58,Goose Island Beer Co.,14.6%,Stout - Imperial / Double,330ml,"€ 12,09 per litre"
Continuance (Blend #5),"€ 179,99",United States,4.53,Side Project Brewing,14%,Barleywine - English,330ml,"€ 12,09 per litre"
A Long Time Ago,"€ 129,99",United States,4.31,Side Project Brewing,11%,Historical Beer - Adambier,330ml,"€ 12,09 per litre"
DDH Technicolor Splendor (Simcoe),"€ 9,29",United States,4.23,Tired Hands Brewing Company,8%,IPA - Imperial / Double,330ml,"€ 12,09 per litre"
Burning Love: Peach Cobbler,"€ 8,99",United States,4.19,Branch and Blade Brewing,7%,Sour - Other,330ml,"€ 12,09 per litre"
Hidden Gem,"€ 8,99",United States,4.18,Little Willow Brewing Company,7%,IPA - New England / Hazy,330ml,"€ 12,09 per litre"
Thrill Seeker,"€ 8,99",United States,4.17,Little Willow Brewing Company,8%,IPA - Imperial / Double New England / Hazy,330ml,"€ 12,09 per litre"
Beachcomber,"€ 8,99",United States,4.15,Little Willow Brewing Company,7%,IPA - New England / Hazy,330ml,"€ 12,09 per litre"
Milkshake IPA (Piña Colada),"€ 9,89",United States,4.15,Tired Hands Brewing Company,7.2%,IPA - Milkshake,330ml,"€ 12,09 per litre"
"Mango, Peach, And Passionfruit Fruited Sour Ale","€ 7,99",United States,3.72,Little Willow Brewing Company,7%,Sour - Fruited,330ml,"€ 12,09 per litre"
Bruin 12,"€ 3,25",Belgium,3.53,Brouwerij Malheur,12%,Belgian Strong Dark Ale,330ml,"€ 9,85 per litre"
White Chocolate Stout,"€ 3,30",Netherlands,3.41,Naastbos Brouwerij,6.7%,Stout - Oatmeal,330ml,"€ 10,00 per litre"
Petrus Blond,"€ 2,15",Belgium,3.35,Brouwerij De Brabandere,6.5%,Belgian Blonde,330ml,"€ 6,52 per litre"
Fruitesse,"€ 2,49",Belgium,3.37,Brouwerij Liefmans,3.8%,Fruit Beer,Bottle 250ml,"€ 9,96 per litre"
Floccus,"€ 3,50",Poland,3.96,Browar Stu Mostów,5.6%,IPA - Sour,Can 440ml,"€ 7,95 per litre"
Old Engine Oil,"€ 3,70",Scotland,3.73,Harviestoun Brewery,6%,Porter - English,330ml,"€ 11,21 per litre"
St. Austell Mena Dhu,"€ 3,95",England,3.69,St Austell Brewery,6%,Stout - English,500ml,"€ 7,90 per litre"
De Smokkelaar Queen Bee,"€ 3,50",Netherlands,3.55,Brouwerij de Smokkelaar,7.8%,Belgian Tripel,330ml,"€ 10,61 per litre"
Piranha Tripel,"€ 2,45",Netherlands,3.53,Stadshaven Brouwerij,8.5%,Belgian Tripel,330ml,"€ 7,42 per litre"
Ice Breaker,"€ 2,35",Netherlands,3.47,Stadshaven Brouwerij,8.5%,Winter Ale,330ml,"€ 7,12 per litre"
Walhalla Chantico,"€ 4,25",Netherlands,3.43,Walhalla Brouwerij & Proeflokaal,6.5%,Sour - Fruited,330ml,"€ 12,88 per litre"
Octopus Blond,"€ 2,29",Netherlands,3.37,Stadshaven Brouwerij,6%,Blonde / Golden Ale - Other,330ml,"€ 6,94 per litre"
Great White,"€ 2,29",Netherlands,3.37,Stadshaven Brouwerij,5.3%,Wheat Beer - Other,330ml,"€ 6,94 per litre"
Walhalla Vali,"€ 4,50",United States,?,CraftRoots Brewing,3.5%,Pilsner - Other,Can 440ml,"€ 10,23 per litre"
"Oude Geuze 0,375L (Season 21|22) Blend No. 98","€ 8,60",Belgium,4.21,Brouwerij 3 Fonteinen,5.9%,Lambic - Gueuze,Bottle 375ml,"€ 22,93 per litre"
New Moon,"€ 106,60",Denmark,3.50,To Øl,5.5%,Porter - American,24-pack,"Total price: € 106,60"
Pomegranate Orange Sour,"€ 34,10",Denmark,3.42,To Øl,4%,Sour - Fruited,6-pack,"Total price: € 34,10"
Pomegranate Orange Sour,"€ 79,80",Denmark,3.42,To Øl,4%,Sour - Fruited,24-pack,"Total price: € 79,80"
Pomegranate Orange Sour,"€ 50,90",Denmark,3.42,To Øl,4%,Sour - Fruited,12-pack,"Total price: € 50,90"
Dora #67,"€ 10,50",Canada,4.13,Badlands Brewing Company,6.5%,IPA - American,Can 475ml,"€ 22,11 per litre"
Woo Alkoholmentes,"€ 4,70",Austria,3.48,Brauhaus Bevog,0.3%,Non-Alcoholic - IPA,330ml,"€ 14,24 per litre"
BLUE LIFE,"€ 6,95",Spain,3.86,Garage Beer Co.,6.5%,IPA - New England / Hazy,Can 440ml,"€ 15,80 per litre"
Lull's Blond,"€ 3,85",Netherlands,3.40,De Grieze,6.9%,Belgian Blonde,330ml,"€ 11,67 per litre"
Zillertal Weißbier Dunkel,"€ 3,00",Austria,3.43,Zillertal Bier,5%,Wheat Beer - Dunkelweizen,500ml,"€ 6,00 per litre"
Extravagant: Vanille,"€ 9,10",Netherlands,4.26,Moersleutel Craft Brewery,12%,Stout - Russian Imperial,Can 440ml,"€ 20,68 per litre"
Almond Ganache Bulldozer,"€ 7,40",Netherlands,4.03,Moersleutel Craft Brewery,11%,Stout - Imperial / Double Pastry,Can 440ml,"€ 16,82 per litre"
Tripel,"€ 2,00",Belgium,3.75,Brouwerij St.Bernardus,8%,Belgian Tripel,330ml,"€ 6,06 per litre"
Modern Classic,"€ 4,20",Netherlands,3.66,Two Chefs Brewing,8%,IPA - Imperial / Double,330ml,"€ 12,73 per litre"
Wit,"€ 1,60",Belgium,3.58,Brouwerij St.Bernardus,5.5%,Wheat Beer - Witbier / Blanche,330ml,"€ 4,85 per litre"
Bourbon Barrel Dark Apparition 2024 Imperial Stout,"€ 27,50",United States,4.34,Jackie O's Brewery,12.5%,Stout - Russian Imperial,Bottle 375ml,"€ 73,33 per litre"
Float Over DIPA,"€ 11,80",England,4.14,Track Brewing Company,8%,IPA - Imperial / Double New England / Hazy,Can 440ml,"€ 26,82 per litre"
Shines Bright West Coast IPA,"€ 10,00",England,3.91,Track Brewing Company,7.2%,IPA - American,Can 440ml,"€ 22,73 per litre"
Ghoul Double IPA,"€ 8,90",Denmark,3.80,Bad Seed Brewing,8%,IPA - Imperial / Double,Can 440ml,"€ 20,23 per litre"
Kladenské Černé 11°,"€ 9,30",Czech Republic,3.57,Pivovar Kladno Kročehlavy,4.8%,Lager - Tmavé (Czech Dark),Bottle 750ml,"€ 12,40 per litre"
Fuzzy Greens Double IPA,"€ 8,90",Denmark,3.98,Bad Seed Brewing,8%,IPA - Imperial / Double New England / Hazy,Can 440ml,"€ 20,23 per litre"
Smash & Grab DIPA,"€ 5,70",England,3.92,Vocation Brewery,8%,IPA - Imperial / Double New England / Hazy,Can 440ml,"€ 12,95 per litre"
Hr. Frederiksen Imperial Stout,"€ 7,60",Denmark,3.91,Amager Bryghus,10.5%,Stout - Imperial / Double,Can 440ml,"€ 17,27 per litre"
Love & Hate IPA,"€ 5,30",England,3.82,Vocation Brewery,7.2%,IPA - New England / Hazy,Can 440ml,"€ 12,05 per litre"
Peach Ice Tea Table Sour,"€ 5,10",Scotland,3.58,Vault City Brewing,3.4%,Table Beer,Can 440ml,"€ 11,59 per litre"
Tanqueray Gin Alcohol Free 0.0,"€ 17,95",Ukraine,3.70,Дідько Brewery,10.1%,Stout - Imperial / Double,700ml,"€ 25,64 per litre"
Brewing Freak Wave IPA,"€ 7,99",Denmark,3.84,Gamma Brewing Company,6.5%,IPA - New England / Hazy,Can 440ml,"€ 18,16 per litre"
Wittorfer Brewcrew Collab. 2024 Golden Summer Ale,"€ 4,19",Germany,3.54,Wittorfer Brauerei Neumünster,6.5%,Blonde / Golden Ale - Other,330ml,"€ 12,70 per litre"
Wittorfer Krabbenkutter IPA,"€ 4,19",Germany,3.49,Wittorfer Brauerei Neumünster,6.5%,IPA - American,330ml,"€ 12,70 per litre"
Hiddenseer Weizen Alkoholfrei,"€ 2,59",Germany,3.11,Rügener Insel-Brauerei,5%,Wheat Beer - Hefeweizen,500ml,"€ 5,18 per litre"
Holzhauser Weissbier Alkoholfrei,"€ 2,49",Germany,2.71,Holzhauser Brauereigasthaus,0.4%,Non-Alcoholic - Wheat,500ml,"€ 4,98 per litre"
The Weak Hour Of The Rooster Wheat Wine x Protokoll,"€ 5,90",Spain,3.67,Cierzo Brewing Co.,9.8%,Wheat Beer - Wheat Wine,330ml,"€ 17,88 per litre"
Crux,"€ 4,99",England,3.68,Thornbridge Brewery,5.4%,IPA - New England / Hazy,Can 440ml,"€ 11,34 per litre"
Quiet Storm Sabro,"€ 4,99",England,3.64,Thornbridge Brewery,5.5%,Pale Ale - American,Can 440ml,"€ 11,34 per litre"
Hayward,"€ 4,99",England,3.54,Thornbridge Brewery,4.2%,Sour - Fruited,Can 440ml,"€ 11,34 per litre"
Europa Wild Ale,"€ 9,30",Denmark,3.89,Observatoriet,5.3%,Wild Ale - Other,Bottle 375ml,"€ 24,80 per litre"
Strawberry Pie Crust,"€ 82,99",United States,4.45,Standard Meadery,11%,Mead - Melomel,Bottle 375ml,"€ 24,80 per litre"
Walk With Me,"€ 82,99",United States,4.43,Standard Meadery,13%,Mead - Bochet,Bottle 375ml,"€ 24,80 per litre"
Birds of the Meadow,"€ 74,99",United States,4.39,Standard Meadery,11%,Mead - Melomel,Bottle 375ml,"€ 24,80 per litre"
Traditions: Meadowfoam Blossom,"€ 69,99",United States,4.30,Standard Meadery,11%,Mead - Traditional,Bottle 375ml,"€ 24,80 per litre"
American IPA - Valley Malt,"€ 19,95",United States,4.06,Tree House Brewing Company,7.4%,IPA - New England / Hazy,Bottle 375ml,"€ 24,80 per litre"
American IPA - Maine Malt House,"€ 19,95",United States,4.05,Tree House Brewing Company,7.4%,IPA - New England / Hazy,Bottle 375ml,"€ 24,80 per litre"
a2c Glass Stout,"€ 7,95",United States,4.05,,7.4%,IPA - New England / Hazy,560ml,"€ 14,20 per litre"
Oude Geuze Cuvée Armand en Gaston,"€ 15,49",Belgium,4.32,Brouwerij 3 Fonteinen,5.5%,Lambic - Gueuze,Bottle 750ml,"€ 20,65 per litre"
Oude Kriek,"€ 14,26",Belgium,4.18,Brouwerij 3 Fonteinen,6%,Lambic - Kriek,Bottle 750ml,"€ 19,01 per litre"
Oude Kriek,"€ 7,77",Belgium,4.18,Brouwerij 3 Fonteinen,6%,Lambic - Kriek,Bottle 375ml,"€ 20,72 per litre"
Oude Geuze VAT 86 Limited Edition,"€ 14,16",Belgium,4.08,Brouwerij Boon,8.5%,Lambic - Gueuze,Bottle 375ml,"€ 37,76 per litre"
Oude Geuze,"€ 5,41",Belgium,4.06,Brouwerij 3 Fonteinen,6%,Lambic - Gueuze,Bottle 375ml,"€ 14,43 per litre"
Devillé Oude Geuze Magnum,"€ 29,01",Belgium,3.97,Den Herberg,6.7%,Lambic - Gueuze,Bottle 1500ml,"€ 19,34 per litre"
Metalworks Wildflower Honey Barleywine,"€ 5,65",Bulgaria,4.03,Metalhead,13%,Barleywine - Other,Bottle 250ml,"€ 22,60 per litre"
Metalworks Barleywine Apricot & Spice,"€ 5,65",Bulgaria,4.14,Metalhead,14%,Barleywine - Other,Bottle 250ml,"€ 22,60 per litre"
"Metalworks Barleywine Figs, Dates & Spice","€ 5,65",Bulgaria,4.08,Metalhead,13%,Barleywine - Other,Bottle 250ml,"€ 22,60 per litre"
Death Morita Doom,"€ 5,75",Bulgaria,3.89,Metalhead,12%,Porter - Imperial / Double,Bottle 250ml,"€ 23,00 per litre"
Siluro,"€ 4,50",Spain,3.88,Cierzo Brewing Co.,10%,Porter - Imperial / Double Baltic,330ml,"€ 13,64 per litre"
LagerLab #15 Red Lager Cherry Wood,"€ 3,50",Netherlands,3.38,Brouwerij Noordt,3.7%,Lager - Other,330ml,"€ 10,61 per litre"
LagerLab #14 Lager de Table French Oak,"€ 3,50",Netherlands,3.19,Brouwerij Noordt,3.2%,Lager - Other,330ml,"€ 10,61 per litre"
Rochefort 8,"€ 3,49",Belgium,3.85,Abbaye Notre-Dame de Saint-Rémy,9.2%,Belgian Strong Dark Ale,330ml,"€ 10,58 per litre"
Kosmos,"€ 3,99",Estonia,3.64,Põhjala,5.5%,IPA - New England / Hazy,Can 330ml,"€ 12,09 per litre"
Zillertal Weißbier Hell,"€ 3,00",Austria,3.55,Zillertal Bier,5%,Wheat Beer - Hefeweizen,500ml,"€ 6,00 per litre"
Störtebeker Roggen-Weizen,"€ 3,50",Germany,3.45,Störtebeker Braumanufaktur,5.4%,Roggenbier,500ml,"€ 7,00 per litre"
Engel Hefeweizen Dunkel,"€ 3,40",Germany,3.38,Biermanufaktur ENGEL,5%,Wheat Beer - Dunkelweizen,500ml,"€ 6,80 per litre"
Piece of Cake #3,"€ 4,90",Netherlands,3.98,Brouwerij Frontaal,10%,Stout - Imperial / Double Pastry,330ml,"€ 14,85 per litre"
For the Love of Hops Cyan,"€ 4,49",Netherlands,3.66,Brouwerij Frontaal,5.5%,IPA - New England / Hazy,Can 440ml,"€ 10,20 per litre"
Golden Brown,"€ 3,60",Netherlands,3.53,Brouwerij Fusie,9.8%,Belgian Strong Golden Ale,Bottle 750ml,"€ 4,80 per litre"
Lorelei Barrel Aged,"€ 11,95",Sweden,4.32,Omnipollo/ Siren Craft Brew,12.5%,Porter - Imperial / Double,330ml,"€ 36,21 per litre"
Juicy Bits IPA,"€ 10,00",United States,4.15,WeldWerks Brewing Co.,6.7%,IPA - New England / Hazy,473ml,"€ 21,14 per litre"
Zenne Y Frontera (season 20/21) blend no. 56,"€ 49,99",Belgium,4.44,Brouwerij 3 Fonteinen,8.1%,Lambic - Traditional,473ml,"€ 21,14 per litre"
Cuvée de Mortagne,"€ 5,53",Belgium,3.90,Brouwerij Alvinne,12.8%,Belgian Quadrupel,330ml,"€ 16,76 per litre"
Sunset Showdown,"€ 6,79",Romania,3.82,Hop Hooligans,6%,Pilsner - Other,500ml,"€ 13,58 per litre"
The Big Crunch,"€ 6,99",Romania,3.78,Hop Hooligans,4%,Sour - Fruited,500ml,"€ 13,98 per litre"
Orca Anders! Pink Boots Blend,"€ 4,79",Germany,3.96,orca brau,6.8%,IPA - Other,330ml,"€ 14,52 per litre"
Orca Goldie,"€ 2,99",Germany,3.66,orca brau,4.8%,Blonde / Golden Ale - Other,330ml,"€ 9,06 per litre"
Orca Guadalupe,"€ 3,69",Germany,3.40,Kraftpaule/ orca brau,4.9%,Lager - Mexican,330ml,"€ 11,18 per litre"
Ambreus Oude Gueuze,"€ 7,79",Belgium,3.99,Stekerij Ambreus,6.5%,Lambic - Gueuze,Bottle 375ml,"€ 20,77 per litre"
Gold Dry Gold Dry Glas,"€ 7,99",Canada,3.54,Last Best Brewing & Distilling,4.5%,Sour - Fruited,Bottle 375ml,"€ 20,77 per litre"
VAT'33 Trailblazer,"€ 6,95",Netherlands,3.99,Vat'33,8%,IPA - Imperial / Double New England / Hazy,Can 440ml,"€ 15,80 per litre"
Vanilla Medianoche 2024 Imperial Stout,"€ 57,00",United States,4.35,WeldWerks Brewing Co.,11.9%,Stout - Imperial / Double,500ml,"€ 114,00 per litre"
ATTIK – VERTIGO,"€ 8,10",Spain,3.85,Attik Brewing,6.4%,IPA - American,500ml,"€ 114,00 per litre"
ATTIK – POMPA,"€ 8,10",Spain,3.90,Attik Brewing,6.4%,IPA - New England / Hazy,500ml,"€ 114,00 per litre"
ATTIK – ANALOG,"€ 8,10",Spain,3.78,Attik Brewing,6.7%,IPA - American,500ml,"€ 114,00 per litre"
Pastore Zuppa,"€ 7,50",England,3.94,Pastore Brewing and Blending,6%,Sour - Smoothie / Pastry,Can 440ml,"€ 17,05 per litre"
Pastore Torta,"€ 7,10",England,3.83,Pastore Brewing and Blending,5%,Sour - Smoothie / Pastry,Can 440ml,"€ 16,14 per litre"
Põhjala x Lindheim The Cherry Of My Eye,"€ 10,30",Estonia,3.82,Põhjala,10%,Sour - Fruited,330ml,"€ 31,21 per litre"
Pohjala Meri,"€ 4,20",Estonia,3.34,Põhjala,4.4%,Sour - Traditional Gose,330ml,"€ 12,73 per litre"
IDUN,"€ 3,80",Netherlands,3.66,Walhalla Brouwerij & Proeflokaal,5.2%,IPA - Sour,330ml,"€ 11,52 per litre"
Chantico,"€ 3,90",Netherlands,3.64,Walhalla Brouwerij & Proeflokaal,6.5%,IPA - American,330ml,"€ 11,82 per litre"
Nabu,"€ 3,75",Netherlands,3.57,Walhalla Brouwerij & Proeflokaal,6%,IPA - Fruited,330ml,"€ 11,36 per litre"
Hazy Connection,"€ 5,99",France,4.08,Les Intenables - Craft Beer -,8%,IPA - Imperial / Double New England / Hazy,Can 440ml,"€ 13,61 per litre"
Vampire Dentures,"€ 5,99",Germany,4.03,Sudden Death Brewing Co.,7.1%,IPA - New England / Hazy,Can 440ml,"€ 13,61 per litre"
Invisible Eyes,"€ 4,99",Germany,4.03,FUERST WIACEK,6.8%,IPA - New England / Hazy,Can 440ml,"€ 11,34 per litre"
Where the Party At,"€ 5,29",Hungary,3.97,Mad Scientist,7.8%,IPA - Imperial / Double New England / Hazy,Can 440ml,"€ 12,02 per litre"
Choco Gringo,"€ 7,69",France,3.97,Les Intenables - Craft Beer -,10.5%,Stout - Imperial / Double,Can 440ml,"€ 17,48 per litre"
Parklife,"€ 4,49",Germany,3.93,FUERST WIACEK,6.8%,IPA - American,Can 440ml,"€ 10,20 per litre"
Memphis Mafia 2023 Double Vanilla,"€ 7,49",Hungary,3.81,Mad Scientist,12.8%,Stout - Imperial / Double,330ml,"€ 22,70 per litre"
Euskal Sagardoa (Premium 2024),"€ 7,49",Spain,3.58,Zapiain Sagardoa,6.7%,Cider - Basque,330ml,"€ 22,70 per litre"
Günther Landbier Dunkel,"€ 1,90",Germany,3.45,Günther-Bräu,5.2%,Lager - Munich Dunkel,500ml,"€ 3,80 per litre"
Becher Vollbier - 5 Liter Fass,"€ 18,50",Germany,3.41,Becher Bräu,5%,Lager - Amber / Red,5000ml,"€ 3,70 per litre"
Vollbier,"€ 2,00",Germany,3.34,Brauerei Meister,4.9%,Lager - Vienna,500ml,"€ 4,00 per litre"
Patt,"€ 3,49",Estonia,3.72,Pühaste Brewery,6.6%,Porter - American,330ml,"€ 10,58 per litre"
The Chosen One DIPA,"€ 10,00",United States,4.29,Tilted Barn Brewery,8%,IPA - Imperial / Double,473ml,"€ 21,14 per litre"
Pujala Laager 0%,"€ 3,60",Estonia,2.86,Põhjala,0.5%,Non-Alcoholic - Lager,Can 440ml,"€ 8,18 per litre"
Detours DDT Hazelnut (Purple Label),"€ 52,00",United States,4.26,Cycle Brewing Company,12.5%,Stout - Imperial / Double Pastry,660ml,"€ 78,79 per litre"
Wednesday (2024),"€ 58,50",United States,4.13,Cycle Brewing Company,12.5%,Stout - Imperial / Double,Bottle 750ml,"€ 78,00 per litre"
Idealista,"€ 5,90",France,4.01,The Piggy Brewing Company,8%,IPA - Imperial / Double New England / Hazy,Can 440ml,"€ 13,41 per litre"
Collab Piggy X Torr Penn,"€ 6,00",France,3.98,The Piggy Brewing Company,8%,IPA - Imperial / Double New England / Hazy,Can 440ml,"€ 13,64 per litre"
Glam Superstar,"€ 5,20",France,3.94,The Piggy Brewing Company,6%,IPA - New Zealand,Can 440ml,"€ 11,82 per litre"
Samba,"€ 5,30",France,3.91,The Piggy Brewing Company,7%,IPA - New England / Hazy,Can 440ml,"€ 11,82 per litre"
Northern Coke V2,"€ 5,20",France,3.90,The Piggy Brewing Company,6%,IPA - New England / Hazy,Can 440ml,"€ 11,82 per litre"
Collab Piggy X Dark Lab,"€ 6,10",Norway,3.70,LERVIG/ The Piggy Brewing Company,8%,IPA - Imperial / Double,Can 440ml,"€ 11,82 per litre"
Even More Piggy,"€ 4,90",France,3.58,The Piggy Brewing Company,6.8%,Smoked Beer,330ml,"€ 14,85 per litre"
Pohjala Berry Good,"€ 5,00",Estonia,3.50,Põhjala,5%,Sour - Fruited,330ml,"€ 15,15 per litre"
Cendra,"€ 8,99",Spain,4.02,Menno Olivier Brewing,11.2%,Stout - Imperial / Double,330ml,"€ 27,24 per litre"
Mosaic Mango Sour,"€ 3,25",Netherlands,3.71,vandeStreek bier,6.5%,Sour - Fruited,330ml,"€ 9,85 per litre"
Liquid Sunshine,"€ 5,99",Netherlands,3.59,Rock City Brewing,5.5%,Pale Ale - American,Can 440ml,"€ 13,61 per litre"
White 12,"€ 6,00",Czech Republic,3.51,Rodinný Pivovar Zichovec,5.2%,Wheat Beer - Witbier / Blanche,500ml,"€ 12,00 per litre"
Pale Ale,"€ 4,29",Belgium,3.56,Brasserie Surréaliste,5.2%,Pale Ale - American,Can 330ml,"€ 13,00 per litre"
Venus Effect,"€ 4,49",Belgium,3.53,Brasserie Surréaliste,4.5%,Sour - Traditional Gose,Can 330ml,"€ 13,61 per litre"
Zeit,"€ 7,50",Estonia,3.91,Põhjala,12%,Wheat Beer - Wheat Wine,330ml,"€ 22,73 per litre"
Rosé de Gambrinus 2024,"€ 16,00",Belgium,4.29,Brasserie Cantillon,5%,Lambic - Framboise,Bottle 750ml,"€ 21,33 per litre"
Gueuze,"€ 7,50",Belgium,4.20,Brasserie Cantillon,5.5%,Lambic - Gueuze,Bottle 375ml,"€ 20,00 per litre"
Do We Live In A Society of Spectacle? – Citra,"€ 7,99",Sweden,4.17,Omnipollo,8%,IPA - Imperial / Double New England / Hazy,Can 440ml,"€ 18,16 per litre"
Piece of Cake,"€ 5,49",Scotland,4.10,Vault City Brewing,4.8%,Sour - Smoothie / Pastry,Can 440ml,"€ 12,48 per litre"
Tropical Jumbo,"€ 5,59",France,4.08,The Piggy Brewing Company,10%,IPA - Triple New England / Hazy,Can 440ml,"€ 12,70 per litre"
Galaxy Tornado,"€ 5,39",France,4.03,The Piggy Brewing Company,8%,IPA - Imperial / Double New England / Hazy,Can 440ml,"€ 12,25 per litre"
Gelato: Neon Green,"€ 5,99",Poland,3.88,Funky Fluid,5.5%,Sour - Smoothie / Pastry,500ml,"€ 11,98 per litre"
NL#08 – Juicy NEIPA,"€ 5,29",France,3.83,Noiseless,6.8%,IPA - New England / Hazy,500ml,"€ 11,98 per litre"
Kung Fu In the Kitchen,"€ 5,29",France,3.75,The Piggy Brewing Company,5.3%,IPA - New England / Hazy,Can 440ml,"€ 12,02 per litre"
NL#09 – White IPA,"€ 5,29",France,3.57,Noiseless,6.3%,IPA - White / Wheat,Can 440ml,"€ 12,02 per litre"
Extra Extra Juicy Bits,"€ 12,00",United States,4.31,WeldWerks Brewing Co.,8.6%,IPA - Imperial / Double New England / Hazy,Can 473ml,"€ 25,37 per litre"
Juicy Bits,"€ 9,60",United States,4.15,WeldWerks Brewing Co.,6.7%,IPA - New England / Hazy,Can 473ml,"€ 20,30 per litre"
Hop Butcher For The World x Gnosis Skyway Sailors,"€ 9,60",United States,4.11,Hop Butcher For The World,6.75%,IPA - New England / Hazy,Can 473ml,"€ 20,30 per litre"
WeldWerks x Cerebral x New Image Three Dimensions,"€ 10,80",United States,4.07,WeldWerks Brewing Co.,8.4%,IPA - Imperial / Double New England / Hazy,Can 473ml,"€ 22,83 per litre"
Mango & Strawberry Cobbler,"€ 10,20",United States,4.01,WeldWerks Brewing Co.,4.5%,Sour - Fruited,Can 473ml,"€ 21,56 per litre"
Grid,"€ 8,40",United States,3.93,Hop Butcher For The World,5.75%,Pale Ale - American,Can 473ml,"€ 17,76 per litre"
Verbena Love Filter,"€ 5,20",France,4.05,Mogwaï Beer Company,1.2%,Sour - Other,Can 440ml,"€ 11,82 per litre"
Pulpe Fiction,"€ 6,20",France,3.84,Mogwaï Beer Company,2.9%,Sour - Fruited Berliner Weisse,Can 440ml,"€ 14,09 per litre"
Ffrwyth! Pineapple And Grapefruit,"€ 6,60",Wales,3.48,Wild Horse Brewing Co,4.4%,Sour - Fruited,Can 440ml,"€ 15,00 per litre"
Blauwe Tram Glutenvrij,"€ 3,40",Netherlands,3.53,Brouwerij Klein Duimpje,8%,Gluten-Free,330ml,"€ 10,30 per litre"
Porno Blond,"€ 3,30",Netherlands,3.48,Brouwerij De Werf,6%,Belgian Blonde,330ml,"€ 10,00 per litre"
Trillende Truus,"€ 3,50",Netherlands,3.29,Brouwerij Barelds & Sabel,8.8%,Belgian Tripel,330ml,"€ 10,61 per litre"
Bollenstreek Ale Glutenvrij,"€ 3,30",Netherlands,3.28,Brouwerij Klein Duimpje,7%,Blonde / Golden Ale - Other,330ml,"€ 10,00 per litre"
La Mule Berliner Weisse Sureau,"€ 3,21",Belgium,3.67,Brasserie de la Mule,3.5%,Sour - Berliner Weisse,330ml,"€ 9,73 per litre"
Venere,"€ 3,71",Belgium,3.64,La Source Beer Co.,4.6%,Sour - Fruited Gose,330ml,"€ 11,24 per litre"
Paon du Jour,"€ 3,87",Belgium,3.78,La Source Beer Co.,5%,Historical Beer - Gruit / Ancient Herbed Ale,330ml,"€ 11,73 per litre"
La Mule L'Ex de Ton Ex,"€ 3,59",Belgium,3.50,Brasserie de la Mule,5.4%,Farmhouse Ale - Saison,330ml,"€ 10,88 per litre"
Belgian Balance / La Source Barking White,"€ 3,35",Belgium,3.41,Belgian Balance,0.5%,Non-Alcoholic - IPA,330ml,"€ 10,15 per litre"
Abstinence Absolue,"€ 2,91",Belgium,3.25,Brasserie Surréaliste,0.5%,Non-Alcoholic - IPA,330ml,"€ 8,82 per litre"
La Chouffe Blonde,"€ 3,29",Belgium,3.82,Brasserie d'Achouffe,8%,Belgian Strong Golden Ale,330ml,"€ 9,97 per litre"
Fuzzy,"€ 4,50",England,3.73,Cloudwater Brew Co.,4.2%,Pale Ale - New England / Hazy,4-pack,"Total price: € 4,50"
Kriek 2024,"€ 16,00",Belgium,4.28,Brasserie Cantillon,5%,Lambic - Kriek,Bottle 750ml,"€ 21,33 per litre"
Gueuze 2024,"€ 12,50",Belgium,4.20,Brasserie Cantillon,5.5%,Lambic - Gueuze,Bottle 750ml,"€ 16,67 per litre"
Flotzinger Hell,"€ 4,10",Germany,3.49,Flötzinger Bräu,5.2%,Lager - Helles,500ml,"€ 8,20 per litre"
Earth,"€ 5,90",England,3.73,Phantom Brewing Co.,4.5%,Pale Ale - New England / Hazy,Can 440ml,"€ 13,41 per litre"
Raindance,"€ 7,49",Finland,4.06,Factory Brewing,8%,IPA - Imperial / Double New England / Hazy,Can 440ml,"€ 17,02 per litre"
BEAKnized,"€ 8,59",Finland,4.01,CoolHead Brew,8%,IPA - Imperial / Double New England / Hazy,Can 440ml,"€ 19,52 per litre"
Freewheelin',"€ 6,99",Finland,3.95,Factory Brewing,7%,IPA - New England / Hazy,Can 440ml,"€ 15,89 per litre"
Tin Foil Hat Series Chemtrails,"€ 7,89",Finland,3.88,CoolHead Brew,7%,IPA - New England / Hazy,Can 440ml,"€ 17,93 per litre"
Dew at Dawn,"€ 7,89",Finland,3.88,CoolHead Brew,6.5%,IPA - New England / Hazy,Can 440ml,"€ 17,93 per litre"
Vibrant Energy,"€ 6,89",Finland,3.84,CoolHead Brew,5%,Pale Ale - New England / Hazy,Can 440ml,"€ 15,66 per litre"
Moment of Clarity,"€ 7,59",Finland,3.70,CoolHead Brew,7%,IPA - American,Can 440ml,"€ 17,25 per litre"
Fluffy Clafoutis,"€ 7,79",France,4.03,Les Intenables - Craft Beer -,8%,Sour - Smoothie / Pastry,Can 440ml,"€ 17,70 per litre"
Round & Round,"€ 4,25",Bulgaria,3.57,Metalhead,4.8%,Lager - Helles,Can 440ml,"€ 9,66 per litre"
Mixed Berry Blend,"€ 6,50",England,3.44,Brew York,5%,Pale Ale - Fruited,Can 440ml,"€ 14,77 per litre"
Violent Hopsification,"€ 5,65",Bulgaria,3.91,Metalhead,6.7%,IPA - New England / Hazy,Can 440ml,"€ 12,84 per litre"
Nie Ma Spalonego,"€ 5,60",Poland,3.87,Browar Artezan,6%,IPA - New England / Hazy,500ml,"€ 11,20 per litre"
Smoothie Beer Sweet Blueberry Banana Red Grape Creme Brulee,"€ 4,99",Poland,3.79,Maryensztadt,4.2%,Sour - Smoothie / Pastry,500ml,"€ 9,98 per litre"
Mystic Trails,"€ 5,40",Poland,3.66,Moczybroda,5.5%,IPA - New England / Hazy,500ml,"€ 10,80 per litre"
Hoppy Daze,"€ 5,40",Poland,3.64,Moczybroda,6.5%,IPA - New England / Hazy,500ml,"€ 10,80 per litre"
Buzz Free,"€ 3,35",Poland,3.50,Moczybroda,0.5%,Non-Alcoholic - Sour,500ml,"€ 6,70 per litre"
LAUGAR – BASATIA,"€ 7,30",Spain,3.75,Laugar Brewery,8%,Stout - Imperial / Double,330ml,"€ 22,12 per litre"
Tarot Noir,"€ 2,00",Belgium,3.55,Brouwerij Lindemans,8%,Fruit Beer,Bottle 250ml,"€ 8,00 per litre"
Bianca Non-Alcoholic Blueberry Maple Pancake Lassi Gose,"€ 7,30",Sweden,3.89,Omnipollo,0.3%,Non-Alcoholic - Sour,330ml,"€ 22,12 per litre"
Double Wai-iti Drip,"€ 7,90",Spain,4.06,SOMA Beer,8%,IPA - Imperial / Double New England / Hazy,Can 440ml,"€ 17,95 per litre"
The House On The Hill,"€ 7,30",Denmark,3.79,Dry & Bitter Brewing Company,6.6%,IPA - New England / Hazy,Can 440ml,"€ 16,59 per litre"
Craft Beer - Crispy Chill,"€ 4,60",France,3.74,Les Intenables - Craft Beer -,4.5%,Lager - American,Can 440ml,"€ 10,45 per litre"
Bush Blonde Triple,"€ 3,20",Belgium,3.62,Brasserie Dubuisson,10.5%,Belgian Strong Golden Ale,330ml,"€ 9,70 per litre"
Dino-Boost,"€ 5,95",Denmark,3.60,Dry & Bitter Brewing Company,6.3%,IPA - New England / Hazy,Can 440ml,"€ 13,52 per litre"
Droef Grape Ale (12/2021),"€ 15,99",Netherlands,4.02,Vandenbroek,7.5%,Grape Ale - Italian,Bottle 750ml,"€ 21,32 per litre"
Keesmann Lager,"€ 2,00",Germany,3.43,Keesmann Bräu,5%,Lager - Amber / Red,500ml,"€ 4,00 per litre"
Egmondse Tripel Biologisch Abdijbier,"€ 8,95",Netherlands,3.54,Brouwerij Egmond,7.5%,Belgian Tripel,Bottle 750ml,"€ 11,93 per litre"
Doerak IPA,"€ 4,10",Netherlands,3.52,Van Moll,6.2%,IPA - American,Can 330ml,"€ 12,42 per litre"
Toewijding Blond Blond,"€ 4,10",Netherlands,3.42,Van Moll,6.5%,Belgian Blonde,Can 330ml,"€ 12,42 per litre"
Weiherer/Fat Head's Grischbeerla Session IPA,"€ 3,49",Germany,3.62,Brauerei Kundmüller,4.5%,IPA - Session,500ml,"€ 6,98 per litre"
Weiherer/Fat Head's Imperial IPA,"€ 5,89",Germany,3.47,Brauerei Kundmüller/ Fat Head's Brewery,9%,IPA - Imperial / Double,500ml,"€ 11,78 per litre"
Saving Lately American Lager,"€ 5,70",Denmark,3.24,Copenhagen Commons,4.7%,Lager - American,Can 440ml,"€ 12,95 per litre"
Piccola Saison X LaTana,"€ 10,50",Italy,4.05,Siemàn,4.5%,Farmhouse Ale - Bière de Coupage,Bottle 750ml,"€ 14,00 per litre"
Gruut Inferno,"€ 3,50",Belgium,3.52,Gentse Gruut Stadsbrouwerij,9%,Historical Beer - Gruit / Ancient Herbed Ale,330ml,"€ 10,61 per litre"
Brune,"€ 3,20",Belgium,3.48,Brasserie Lupulus,8.5%,Brown Ale - Belgian,330ml,"€ 9,70 per litre"
Gruut Amber,"€ 3,20",Belgium,3.33,Gentse Gruut Stadsbrouwerij,6.6%,Historical Beer - Gruit / Ancient Herbed Ale,330ml,"€ 9,70 per litre"
Pauwel Kwak,"€ 3,50",Belgium,3.76,Brouwerij Bosteels,8.4%,Pale Ale - Belgian,330ml,"€ 10,61 per litre"
Zeebonk,"€ 3,20",Netherlands,3.62,Brouwerij Homeland,7.1%,IPA - New England / Hazy,330ml,"€ 9,70 per litre"
Kwak Rouge,"€ 3,50",Belgium,3.34,Brouwerij Bosteels,8%,Fruit Beer,330ml,"€ 10,61 per litre"
Kriek,"€ 3,25",Belgium,2.99,Brouwerij Kompel,3.5%,Fruit Beer,330ml,"€ 9,85 per litre"
Antwerp,"€ 4,10",Belgium,3.92,Galea Craft Beers,14%,Stout - Russian Imperial,330ml,"€ 12,42 per litre"
Amity,"€ 5,10",England,3.55,Wiper And True,3.5%,Table Beer,Can 440ml,"€ 11,59 per litre"
Do We Live In A Society of Spectacle? - Citra,"€ 10,90",Sweden,4.17,Omnipollo,8%,IPA - Imperial / Double New England / Hazy,Can 440ml,"€ 24,77 per litre"
Lambic'ado 2023 Magnum,"€ 49,00",Belgium,4.25,Het Boerenerf Eylenbosch,7%,Lambic - Other,Bottle 1500ml,"€ 32,67 per litre"
Oude Kriek 2023,"€ 7,50",Belgium,4.14,Het Boerenerf Eylenbosch,6.67%,Lambic - Kriek,Bottle 375ml,"€ 20,00 per litre"
Fluweel 2023,"€ 21,00",Belgium,4.14,Het Boerenerf Eylenbosch,6.9%,Lambic - Other,Bottle 750ml,"€ 28,00 per litre"
Mirabelle 2023,"€ 18,50",Belgium,4.09,Het Boerenerf Eylenbosch,7.1%,Lambic - Fruit,Bottle 750ml,"€ 24,67 per litre"
Mirabelle 2023 Magnum,"€ 49,00",Belgium,4.09,Het Boerenerf Eylenbosch,7.1%,Lambic - Fruit,Bottle 1500ml,"€ 32,67 per litre"
Gueuze Cuvée Héritage 2023,"€ 18,50",Belgium,4.07,Het Boerenerf Eylenbosch,6.7%,Lambic - Gueuze,Bottle 750ml,"€ 24,67 per litre"
Charent'euse 2023 Magnum,"€ 49,00",Belgium,4.25,Het Boerenerf Eylenbosch,7.7%,Lambic - Gueuze,Bottle 1500ml,"€ 32,67 per litre"
Gueuze Cuvée Héritage 2023 Magnum,"€ 49,00",Belgium,4.07,Het Boerenerf Eylenbosch,6.7%,Lambic - Gueuze,Bottle 1500ml,"€ 32,67 per litre"
Wit A Twist,"€ 3,25",Netherlands,3.37,Brouwerij Eleven,5.8%,Wheat Beer - Witbier / Blanche,330ml,"€ 9,85 per litre"
Earthbound Astronaut,"€ 19,99",United States,4.12,The Ale Apothecary,7.25%,Wild Ale - Other,330ml,"€ 9,85 per litre"
Puck V5: Lemon Meringue,"€ 2,99",Netherlands,3.45,Kaapse Brouwers,5.5%,Sour - Fruited,330ml,"€ 9,85 per litre"
Crabbies Ginger Beer,"€ 3,15",Scotland,3.46,John Crabbie & Co,4%,Hard Ginger Beer,330ml,"€ 9,55 per litre"
Hum,"€ 5,70",England,3.87,Beak Brewery,4.8%,Pale Ale - New England / Hazy,Can 440ml,"€ 12,95 per litre"
Kasteel Donker,"€ 2,75",Belgium,3.64,Kasteel Brouwerij Vanhonsebrouck,11%,Belgian Quadrupel,330ml,"€ 8,33 per litre"
Brunehaut Triple,"€ 3,14",Belgium,3.32,Brasserie de Brunehaut,8%,Gluten-Free,330ml,"€ 9,52 per litre"
La Trappe Nillis,"€ 2,10",Netherlands,3.04,Bierbrouwerij De Koningshoeven,8%,Non-Alcoholic - Other,330ml,"€ 6,36 per litre"
Imperial Stout Maple & Vanilla,"€ 8,37",Portugal,4.17,Lupum,13.5%,Stout - Imperial / Double Pastry,330ml,"€ 25,36 per litre"
La Mule Berliner Weisse,"€ 3,03",Belgium,3.55,Brasserie de la Mule,3.5%,Sour - Berliner Weisse,330ml,"€ 9,18 per litre"
Arpus Brewing Co. Cherry X Raspberry X Apricot Smoothie Sour Ale,"€ 5,46",Latvia,4.15,Ārpus Brewing Co.,4%,Sour - Smoothie / Pastry,Can 440ml,"€ 12,41 per litre"
Violent Hopfisication,"€ 4,79",Bulgaria,3.91,Metalhead,6.3%,IPA - New England / Hazy,Can 440ml,"€ 10,89 per litre"
Wrong Side of Heaven,"€ 4,79",Bulgaria,3.77,Metalhead,6%,IPA - New England / Hazy,Can 440ml,"€ 10,89 per litre"
Lervig Off The Rack Kentucky Bourbon Barrel 2022 by Rackhouse,"€ 19,99",Norway,4.48,LERVIG,14.2%,Stout - Imperial / Double,Bottle 375ml,"€ 53,31 per litre"
Lervig Kveik Culture: Alesmith,"€ 7,19",Norway,3.70,LERVIG,6.5%,IPA - American,330ml,"€ 21,79 per litre"
Lervig No Worries FYR OPP!,"€ 3,09",Norway,3.17,LERVIG,0.5%,Non-Alcoholic - IPA,330ml,"€ 9,36 per litre"
Lervig No Worries Radler,"€ 3,09",Norway,2.82,LERVIG,0.5%,Non-Alcoholic - Shandy / Radler,330ml,"€ 9,36 per litre"
Straffe Hendrik Wild 2024,"€ 3,65",Belgium,3.56,Brouwerij De Halve Maan,10%,Brett Beer,330ml,"€ 9,36 per litre"
Twilight Cucudile,"€ 4,25",Hungary,3.67,FIRST Craft Beer,4%,Sour - Fruited,Can 440ml,"€ 9,66 per litre"
Piece of Cake ‘Apple Crumble Pie',"€ 3,99",Netherlands,4.02,Brouwerij Frontaal,10%,Stout - Imperial / Double Pastry,330ml,"€ 12,09 per litre"
For the Love of Hops ‘Jade',"€ 4,39",Netherlands,3.69,Brouwerij Frontaal,5.5%,IPA - New Zealand,Can 440ml,"€ 9,98 per litre"
Pils,"€ 2,15",Germany,3.33,Schäffler Bräu,4.9%,Pilsner - German,330ml,"€ 6,52 per litre"
Moana,"€ 6,99",Poland,3.84,Funky Fluid,6.6%,IPA - New England / Hazy,500ml,"€ 13,98 per litre"
Gelato: Mango Blueberry Shake,"€ 5,79",Poland,3.98,Funky Fluid,5.5%,Sour - Smoothie / Pastry,500ml,"€ 11,58 per litre"
"Gelato: Passion Fruit, Mango & Peach","€ 5,19",Poland,3.94,Funky Fluid,5.5%,Sour - Smoothie / Pastry,500ml,"€ 10,38 per litre"
Gelato: Neon Green,"€ 6,29",Poland,3.88,Funky Fluid,5.5%,Sour - Smoothie / Pastry,500ml,"€ 12,58 per litre"
Gelato: Mango Lassi,"€ 5,50",Poland,3.86,Funky Fluid,5.5%,Sour - Smoothie / Pastry,500ml,"€ 11,00 per litre"
Tripel 10,"€ 3,05",Belgium,4.05,Abbaye de Maredsous,10%,Belgian Tripel,330ml,"€ 9,24 per litre"
Cuvée Clarisse Wild Weasel Whiskey Infused,"€ 3,05",Belgium,3.75,Brouwerij Wilderen,10.2%,Belgian Strong Dark Ale,330ml,"€ 9,24 per litre"
Brugse Zot Blond,"€ 2,50",Belgium,3.67,Brouwerij De Halve Maan,6%,Belgian Blonde,330ml,"€ 7,58 per litre"
Cuvée Clarisse Omerta Rum Likeur Infused,"€ 3,30",Belgium,3.66,Brouwerij Wilderen,11.2%,Belgian Strong Dark Ale,330ml,"€ 10,00 per litre"
Dunkel,"€ 2,15",Germany,3.57,Erdinger Weissbräu,5.3%,Wheat Beer - Dunkelweizen,500ml,"€ 4,30 per litre"
Pater Dubbel,"€ 7,45",Belgium,3.54,Brouwerij Corsendonk,7.5%,Belgian Dubbel,Bottle 750ml,"€ 9,93 per litre"
Deugniet Strong Golden Ale  MAGNUM,"€ 21,95",Belgium,3.53,Brasserie du Bocq,7.5%,Belgian Strong Golden Ale,Bottle 1500ml,"€ 14,63 per litre"
Tripel Abt,"€ 2,50",Belgium,3.53,Leroy Breweries,10%,Belgian Tripel,330ml,"€ 7,58 per litre"
Bourgogne Des Flandres Brune,"€ 2,95",Belgium,3.52,Brewery John Martin & Brewery Timmermans,5%,Sour - Flanders Red Ale,330ml,"€ 8,94 per litre"
Inktvis Black IPA,"€ 3,65",Netherlands,3.50,De Kromme Haring,6%,IPA - Black / Cascadian Dark Ale,Can 330ml,"€ 11,06 per litre"
Wit,"€ 3,05",Netherlands,3.50,Uiltje Brewing Company,6%,Wheat Beer - Witbier / Blanche,Can 330ml,"€ 9,24 per litre"
XX Bitter Belgian IPA,"€ 2,60",Belgium,3.47,Brouwerij De Ranke,6%,IPA - Belgian,330ml,"€ 7,88 per litre"
Blanche De Namur Witbier,"€ 1,65",Belgium,3.40,Brasserie du Bocq,4.5%,Wheat Beer - Witbier / Blanche,Bottle 250ml,"€ 6,60 per litre"
Blanche De Namur Witbier MAGNUM,"€ 20,95",Belgium,3.40,Brasserie du Bocq,4.5%,Wheat Beer - Witbier / Blanche,Bottle 1500ml,"€ 13,97 per litre"
Whitebait American Wheat Ale,"€ 3,10",Netherlands,3.31,De Kromme Haring,4.5%,Wheat Beer - American Pale Wheat,Can 330ml,"€ 9,39 per litre"
Weismainer Hell,"€ 1,90",Germany,3.31,Weismainer Püls-Bräu,4.6%,Lager - Helles,500ml,"€ 3,80 per litre"
Cervoise 2020,"€ 7,00",France,3.86,Cervoiserie ARTEMIS,6%,Historical Beer - Gruit / Ancient Herbed Ale,Bottle 375ml,"€ 18,67 per litre"
White Mamba,"€ 3,05",Netherlands,3.43,Two Chefs Brewing,5%,Wheat Beer - Witbier / Blanche,330ml,"€ 9,24 per litre"
Impure Rouge,"€ 19,79",Norway,4.02,Lindheim Ølkompani,7%,Cider - Other Fruit,Bottle 750ml,"€ 26,39 per litre"
Gelato XTREME: Verde,"€ 7,65",Poland,4.19,Funky Fluid,8%,Sour - Smoothie / Pastry,500ml,"€ 15,30 per litre"
Gone Bowling,"€ 5,99",Germany,3.85,FrauGruber Brewing,8.2%,IPA - Imperial / Double New England / Hazy,Can 440ml,"€ 13,61 per litre"
Paradise Cove,"€ 5,85",Germany,3.83,FrauGruber Brewing,6.5%,IPA - New England / Hazy,Can 440ml,"€ 13,30 per litre"
Under the Same Sky,"€ 8,39",England,4.20,Verdant Brewing Co,8.4%,IPA - Imperial / Double New England / Hazy,Can 440ml,"€ 19,07 per litre"
Lightning Struck Itself,"€ 5,99",England,4.08,Verdant Brewing Co,6.5%,IPA - New England / Hazy,Can 440ml,"€ 13,61 per litre"
Wywar Born To Lose,"€ 5,12",Slovakia,3.50,Holíčsky pivovar Wywar,5%,Red Ale - American Amber / Red,Bottle 750ml,"€ 6,83 per litre"
World in a World,"€ 6,99",Netherlands,3.98,Folkingebrew,7%,IPA - Sour,Can 440ml,"€ 15,89 per litre"
California IPA,"€ 3,50",United States,3.47,Sierra Nevada Brewing Co.,4.2%,IPA - Session,350ml,"€ 10,00 per litre"
Dapper Rye,"€ 37,95",United States,4.41,Goose Island Beer Co.,16.5%,Stout - Imperial / Double,350ml,"€ 10,00 per litre"
De la Senne Saison de Meyboom,"€ 2,71",Belgium,3.47,Brasserie de la Senne,5.5%,Farmhouse Ale - Saison,330ml,"€ 8,21 per litre"
Ancient World,"€ 39,95",United States,4.18,Tree House Brewing Company,12%,Scotch Ale / Wee Heavy,330ml,"€ 8,21 per litre"
Fresh Peach,"€ 15,95",United States,4.17,Tree House Brewing Company,6.5%,IPA - New England / Hazy,330ml,"€ 8,21 per litre"
Trail Billy Goat Cascade,"€ 11,95",United States,4.09,Tree House Brewing Company,5.1%,Pilsner - German,330ml,"€ 8,21 per litre"
Wanderer Wakatu,"€ 13,95",United States,4.09,Tree House Brewing Company,5%,Lager - Helles,330ml,"€ 8,21 per litre"
Trail Riwaka,"€ 11,95",United States,4.07,Tree House Brewing Company,5.1%,Pilsner - German,330ml,"€ 8,21 per litre"
Trail Citra,"€ 11,95",United States,4.05,Tree House Brewing Company,5.1%,Pilsner - Other,330ml,"€ 8,21 per litre"
American IPA - Thrall Family Malt,"€ 16,95",United States,4.04,Tree House Brewing Company,6.5%,IPA - American,330ml,"€ 8,21 per litre"
Trail Australian Cascade,"€ 11,95",United States,4.03,Tree House Brewing Company,5.1%,Pilsner - German,330ml,"€ 8,21 per litre"
Eureka (w/ Simcoe),"€ 13,95",United States,4.03,Tree House Brewing Company,4.2%,Blonde / Golden Ale - Other,330ml,"€ 8,21 per litre"
Pamiatka,"€ 12,95",United States,3.99,Tree House Brewing Company,5.1%,Pilsner - Other,330ml,"€ 8,21 per litre"
Trail Simcoe,"€ 11,95",United States,3.94,Tree House Brewing Company,5.1%,Pilsner - German,330ml,"€ 8,21 per litre"
Canada Gold,"€ 10,95",United States,3.81,Tree House Brewing Company,4.3%,Lager - American,330ml,"€ 8,21 per litre"
Canada Gold Sugar Maple,"€ 10,95",United States,3.80,Tree House Brewing Company,4.3%,Lager - American,,
Trail,"€ 9,95",United States,3.78,Tree House Brewing Company,5.1%,Pilsner - German,,
Fagnes Blood Orange,"€ 2,20",Belgium,3.28,Brasserie des Fagnes,7%,Fruit Beer,,
Ripe In the Machine,"€ 11,70",United States,4.31,Parish Brewing Co.,8.5%,IPA - Imperial / Double New England / Hazy,473ml,"€ 24,74 per litre"
Bestowed - Chocolate Covered Strawberry (2024),"€ 14,50",Canada,4.19,Third Moon Brewing Company,11%,Stout - Imperial / Double Pastry,473ml,"€ 24,74 per litre"
Eternal Now,"€ 3,50",United States,4.06,Grimm Artisanal Ales,6%,Sour - Other,473ml,"€ 24,74 per litre"
Black As Your Soul,"€ 10,20",England,?,Faringdon Brewery,3.8%,Mild - Other,473ml,"€ 24,74 per litre"
Fantome Hermine Blanche d'Ici,"€ 8,65",Belgium,3.68,Brasserie Fantôme,4.6%,Wheat Beer - Witbier / Blanche,Bottle 750ml,"€ 11,53 per litre"
BA Blueberry Drip (2023),"€ 26,45",United States,4.31,Finback Brewery,13.1%,Stout - Pastry,500ml,"€ 52,90 per litre"
Rochefort Bierglas - (bokaal),"€ 4,50",Netherlands,3.63,Bierliefhebbers Beverwijk,9%,Belgian Strong Dark Ale,330ml,"€ 13,64 per litre"
Arpus Brewing Co. Cherry X Peach X Vanilla Smoothie Sour Ale,"€ 5,87",United States,3.55,Big Storm Brewing Co.,6.2%,IPA - American,330ml,"€ 13,64 per litre"
Speciale Belge APA,"€ 4,20",Belgium,3.34,Brouwerij De Koninck,5.2%,Pale Ale - Belgian,330ml,"€ 12,73 per litre"
Tin Foil Hat Series Reptilian Elite,"€ 7,29",Finland,3.89,CoolHead Brew,6.5%,IPA - New England / Hazy,Can 440ml,"€ 16,57 per litre"
Hop Shop,"€ 4,29",Denmark,3.57,Mikkeller,4.9%,IPA - New England / Hazy,330ml,"€ 13,00 per litre"
Pils,"€ 2,29",Austria,3.32,Trumer Privatbrauerei,4.9%,Pilsner - German,330ml,"€ 6,94 per litre"
Hot Cakes #5,"€ 8,49",Croatia,4.27,Pulfer Brewery,5.5%,Sour - Smoothie / Pastry,500ml,"€ 16,98 per litre"
Last Dayz,"€ 6,49",Poland,3.87,Browarny Craft Beer,7%,Sour - Smoothie / Pastry,500ml,"€ 12,98 per litre"
Noordt X Cley Ginfused Imperial Wheat Ale,"€ 5,99",Netherlands,3.55,Brouwerij Noordt,8.5%,Wheat Beer - Other,330ml,"€ 18,15 per litre"
Hoppy Morphosis,"€ 5,49",Croatia,3.44,Pulfer Brewery,4.2%,Pilsner - Other,500ml,"€ 10,98 per litre"
Barrel Project India Pale Ale 2024,"€ 4,25",Netherlands,3.70,Brouwerij Kees,6.5%,IPA - Other,330ml,"€ 12,88 per litre"
Wheat Dreams,"€ 3,99",Netherlands,3.46,Brouwerij Kees,5.2%,Wheat Beer - Hopfenweisse,Can 440ml,"€ 9,07 per litre"
Fruitful Haze Smoothie IPA,"€ 3,85",Netherlands,3.14,Brouwerij Kees,4.9%,IPA - Fruited,Can 440ml,"€ 8,75 per litre"
Zig Zag,"€ 8,10",Spain,3.99,MALANDAR Craft Beer,8%,IPA - Imperial / Double New England / Hazy,Can 440ml,"€ 18,41 per litre"
Tripping Haze,"€ 8,10",Sweden,3.92,Fermenterarna,6.1%,IPA - New England / Hazy,Can 440ml,"€ 18,41 per litre"
A Tope!,"€ 7,30",Spain,3.92,Gro Brewers,8%,IPA - Imperial / Double New England / Hazy,Can 440ml,"€ 16,59 per litre"
Funky Saison: Except The Little Fish,"€ 4,90",Netherlands,3.46,De Kromme Haring,3%,Farmhouse Ale - Saison,Bottle 330ml,"€ 14,85 per litre"
For The Love Of Hops,"€ 7,70",Netherlands,3.90,Brouwerij Frontaal,8%,IPA - White / Wheat,Can 440ml,"€ 17,50 per litre"
ROTT.lesser,"€ 4,10",Netherlands,3.52,ROTT. Brouwers,6.5%,Farmhouse Ale - Saison,Can 330ml,"€ 12,42 per litre"
Juicy & Wild Gros-Elle,"€ 14,59",Belgium,3.99,Lambiek Fabriek,7.7%,Lambic - Fruit,Bottle 750ml,"€ 19,45 per litre"
Oude Gueuze Brett-Elle,"€ 12,25",Belgium,3.87,Lambiek Fabriek,5.5%,Lambic - Gueuze,Bottle 750ml,"€ 16,33 per litre"
Vandenbroek: Watergeus Retsina Rosemary 2021,"€ 16,85",Netherlands,4.00,Vandenbroek,6.7%,Lambic - Fruit,Bottle 750ml,"€ 22,47 per litre"
Side Project: Oude du Blé 10 year Anniversary,"€ 58,89",United States,4.36,Side Project Brewing,7%,Farmhouse Ale - Saison,Bottle 750ml,"€ 78,52 per litre"
"3 Fonteinen: Golden Blend Honing 20|21, assemblage 35","€ 32,90",Belgium,4.33,Brouwerij 3 Fonteinen,7.2%,Lambic - Gueuze,Bottle 750ml,"€ 43,87 per litre"
Beer Co: Coolship 2021,"€ 19,50",England,4.03,The Wild Beer Co,5.9%,Wild Ale - Other,Bottle 750ml,"€ 26,00 per litre"
De Feniks: Five A Day 2018,"€ 19,65",Belgium,4.08,Brouwerij De Feniks,8.5%,Sour - Fruited,Bottle 750ml,"€ 26,00 per litre"
Dream Smoojee – Sour Gose with Black Currant and Strawberry,"€ 6,45",Sweden,4.12,Friends Company,4.7%,Sour - Smoothie / Pastry,330ml,"€ 19,55 per litre"
La Trappe Quadrupel,"€ 3,25",Sweden,4.12,Koenishoeven,10%,Quadrupel,330ml,"€ 9,85 per litre"
Reciprocal,"€ 14,00",United States,4.22,Bissell Brothers Brewing Company,7.3%,IPA - New England / Hazy,330ml,"€ 9,85 per litre"
Moley Russel's Wart,"€ 8,30",England,3.61,Bang The Elephant Brewing Co,8%,Stout - Other,Can 440ml,"€ 18,86 per litre"
Schelde Witheer,"€ 2,95",Belgium,3.36,Scheldebrouwerij,5%,Wheat Beer - Witbier / Blanche,330ml,"€ 8,94 per litre"
Oude Geuze,"€ 10,52",Belgium,4.06,Brouwerij 3 Fonteinen,6%,Lambic - Gueuze,Bottle 750ml,"€ 14,03 per litre"
Hagger Blend 04/22,"€ 15,99",Austria,4.29,Brauhaus Bevog,12.2%,Barleywine - American,330ml,"€ 48,45 per litre"
Paix Dieu,"€ 3,35",Belgium,3.77,Brasserie Caulier,10%,Belgian Tripel,330ml,"€ 10,15 per litre"
Pohjala Virmalised,"€ 3,25",Estonia,3.67,Põhjala,6.5%,IPA - American,330ml,"€ 9,85 per litre"
Draught 0.0,"€ 2,75",Ireland,3.20,Guinness,6.5%,Non-Alcoholic - Porter / Stout,Can 440ml,"€ 6,25 per litre"
Pilsener,"€ 1,14",Netherlands,2.90,Lindeboom,5%,Pilsner - Other,Can 440ml,"€ 6,25 per litre"
1818 Quadrupel,"€ 3,95",Netherlands,3.72,Brouwerij Maallust,10%,Belgian Quadrupel,300ml,"€ 13,17 per litre"
Wahoo IPA,"€ 3,90",Netherlands,3.63,De Kromme Haring,6%,IPA - American,Can 330ml,"€ 11,82 per litre"
Wazig New England IPA,"€ 3,15",Netherlands,3.48,Bruut Bier,5%,IPA - New England / Hazy,330ml,"€ 9,55 per litre"
Playground Alcoholvrij IPA,"€ 2,75",Netherlands,3.33,vandeStreek bier,0.5%,Non-Alcoholic - IPA,Can 330ml,"€ 8,33 per litre"
GoGo Grapefruit Session IPA Blik Glutenvrij,"€ 3,90",Netherlands,3.15,Gebrouwen Door Vrouwen,3%,IPA - Session,330ml,"€ 11,82 per litre"
Citrus Blonde 4.0 Glutenvrij,"€ 2,60",Netherlands,3.08,Lowlander Beer,0.3%,Non-Alcoholic - Other,330ml,"€ 7,88 per litre"
Weird Weekend,"€ 5,85",Germany,3.90,FUERST WIACEK,6.2%,IPA - New England / Hazy,Can 440ml,"€ 13,30 per litre"
Maisel & Friends Pale Ale Alkoholfrei,"€ 1,90",Germany,3.43,Brauerei Gebr. Maisel,0.5%,Non-Alcoholic - IPA,330ml,"€ 5,76 per litre"
Stelzer - Zoigl Bier,"€ 2,10",Germany,3.37,Schloßbrauerei Stelzer Fattigau,5%,Historical Beer - Zoigl,500ml,"€ 4,20 per litre"
Cherry x Raspberry x Apricot Smoothie Sour,"€ 6,60",Latvia,4.15,Ārpus Brewing Co.,4%,Sour - Smoothie / Pastry,Can 440ml,"€ 15,00 per litre"
Wheat Dreams,"€ 4,60",Netherlands,3.46,Brouwerij Kees,5.2%,Wheat Beer - Hopfenweisse,Can 440ml,"€ 10,45 per litre"
Fruitful Haze,"€ 4,65",Netherlands,3.14,Brouwerij Kees,4.9%,IPA - Fruited,Can 440ml,"€ 10,57 per litre"
Cuvée Prestige Madeira,"€ 12,99",Belgium,4.01,Brouwerij Van Steenberge,10.5%,Belgian Strong Dark Ale,Bottle 750ml,"€ 17,32 per litre"
Paix Dieu Triple,"€ 8,95",Belgium,3.77,Brasserie Caulier,10%,Belgian Tripel,Bottle 750ml,"€ 11,93 per litre"
Blond,"€ 2,45",Belgium,3.50,Ter Dolen,6.1%,Belgian Blonde,330ml,"€ 7,42 per litre"
De Moersleutel / Northern Monk CYCT Torsion,"€ 5,70",Netherlands,3.85,Moersleutel Craft Brewery,8%,IPA - New England / Hazy,Can 440ml,"€ 12,95 per litre"
Põhjala / Tripping Animals Dreamy Eyes,"€ 6,75",Estonia,3.84,Põhjala,6.7%,IPA - New England / Hazy,Can 440ml,"€ 15,34 per litre"
De Moersleutel CYCT Rotation,"€ 5,95",Netherlands,3.83,Moersleutel Craft Brewery,6.5%,IPA - New England / Hazy,Can 440ml,"€ 13,52 per litre"
Gulden Draak 9000 Quadruple,"€ 2,40",Belgium,3.82,Brouwerij Van Steenberge,10.7%,Belgian Quadrupel,330ml,"€ 7,27 per litre"
Kompaan Moby Dick Re-Revisited,"€ 5,50",Netherlands,3.56,KOMPAAN Dutch Craft Beer Company,6.3%,IPA - White / Wheat,Can 440ml,"€ 12,50 per litre"
Kompaan Backyard Pool,"€ 4,75",Netherlands,3.33,KOMPAAN Dutch Craft Beer Company,4.8%,California Common,Can 440ml,"€ 10,80 per litre"
Draught 0.0,"€ 2,79",Ireland,3.20,Guinness,4.8%,Non-Alcoholic - Porter / Stout,Can 440ml,"€ 6,34 per litre"
Farmageddon Batch 13 (2019),"€ 17,30",Canada,4.12,Bellwoods Brewery,5.8%,Wild Ale - American,500ml,"€ 34,60 per litre"
Sureau à l'ancienne 2021,"€ 12,70",Belgium,4.10,Gueuzerie Tilquin,6.5%,Lambic - Fruit,Bottle 375ml,"€ 33,87 per litre"
Sans Pagaie 2017,"€ 19,90",United States,4.10,The Bruery Terreux,6.5%,Wild Ale - American,Bottle 750ml,"€ 26,53 per litre"
IPA PA PARA PO,"€ 4,20",Poland,3.82,Browar Trójmiejski Lubrow,5.6%,IPA - New England / Hazy,Can 500ml,"€ 8,40 per litre"
Lucky Tonka Walnut Carrot Cake,"€ 7,49",Netherlands,3.99,Moersleutel Craft Brewery,12%,Stout - Imperial / Double Pastry,Can 440ml,"€ 17,02 per litre"
Highway To Jail,"€ 4,00",Poland,3.71,Browar Trójmiejski Lubrow,7%,IPA - American,Can 440ml,"€ 17,02 per litre"
Double Polish IPA,"€ 4,40",Poland,3.64,Browar Trójmiejski Lubrow,7.8%,IPA - Imperial / Double,330ml,"€ 13,33 per litre"
Cambier / Thiriez Juicy Table Beer,"€ 6,99",France,3.81,Brasserie Cambier,3%,Table Beer,Can 440ml,"€ 15,89 per litre"
Hopfenfest,"€ 5,70",England,3.90,Saint Mars Of The Desert,4.5%,Lager - Pale,Can 440ml,"€ 12,95 per litre"
Imperial Sour Apricot Goyave Passion,"€ 8,49",France,4.09,Brasserie Cambier,8%,Sour - Fruited,Can 440ml,"€ 19,30 per litre"
Vermont Triple IPA,"€ 8,49",France,4.05,Brasserie Cambier,9.5%,IPA - Triple,Can 440ml,"€ 19,30 per litre"
Double Citra,"€ 7,99",France,4.05,Brasserie Cambier,8%,IPA - Imperial / Double,Can 440ml,"€ 18,16 per litre"
New French IPA,"€ 6,99",France,3.84,Brasserie Cambier,6.5%,IPA - New England / Hazy,Can 440ml,"€ 15,89 per litre"
K-52 (BBE 12/12/24),"€ 6,30",Spain,3.98,Garage Beer Co.,7%,IPA - New England / Hazy,Can 440ml,"€ 14,32 per litre"
Gorgonias,"€ 8,70",Spain,3.97,Garage Beer Co.,7%,IPA - New England / Hazy,Can 440ml,"€ 19,77 per litre"
Mangonaut,"€ 8,20",Scotland,3.95,Holy Goat Brewing,5.5%,Sour - Fruited,Bottle 375ml,"€ 21,87 per litre"
Blue Life,"€ 8,40",Spain,3.86,Garage Beer Co.,6.5%,IPA - New England / Hazy,Can 440ml,"€ 19,09 per litre"
Living Fjords,"€ 7,80",Spain,3.66,Garage Beer Co.,6.5%,Sour - Fruited Berliner Weisse,Can 440ml,"€ 17,73 per litre"
Colossus,"€ 10,80",Scotland,4.15,Overtone Brewing Co,10%,IPA - Triple New England / Hazy,Can 440ml,"€ 24,55 per litre"
BA Bula Cake,"€ 9,60",England,3.87,Brew York,10%,Stout - Imperial / Double Milk,Can 330ml,"€ 29,09 per litre"
Patrons Project 32.06 Noble Nectar,"€ 5,40",England,3.50,Northern Monk,4%,Pilsner - New Zealand,Can 440ml,"€ 12,27 per litre"
Mixed Berry Blend,"€ 4,80",England,3.44,Brew York,5%,Pale Ale - Fruited,Can 440ml,"€ 10,91 per litre"
Disruption Is Brewing TDH Chaos More Chaos,"€ 6,60",England,4.03,Disruption is Brewing,6%,IPA - New England / Hazy,Can 440ml,"€ 15,00 per litre"
Almond Ganache Bulldozer,"€ 6,99",Netherlands,4.03,Moersleutel Craft Brewery,11%,Stout - Imperial / Double Pastry,Can 440ml,"€ 15,89 per litre"
Afterglow,"€ 4,49",Ireland,3.76,Galway Bay Brewery,6%,IPA - New England / Hazy,500ml,"€ 8,98 per litre"
Caribbean Chocolate Cupcake,"€ 5,25",England,3.80,Siren Craft Brew,5.4%,Stout - Milk / Sweet,330ml,"€ 15,91 per litre"
Schneider Weisse Original,"€ 2,90",Germany,3.66,Schneider Weisse G. Schneider & Sohn,5.4%,Wheat Beer - Hefeweizen,330ml,"€ 8,79 per litre"
Schlenkerla Rauchweizen,"€ 4,30",Germany,3.48,"Schlenkerla (""Heller-Bräu"" Trum)",5.2%,Rauchbier,500ml,"€ 8,60 per litre"
Schlenkerla Unfiltered Helles Lager,"€ 4,30",Germany,3.45,"Schlenkerla (""Heller-Bräu"" Trum)",4.3%,Lager - Helles,500ml,"€ 8,60 per litre"
Alien Jam #2,"€ 5,50",Greece,3.93,Seven Island Brewery,5.5%,Sour - Fruited Gose,Can 440ml,"€ 12,50 per litre"
Citra Crush,"€ 5,65",Greece,3.83,Seven Island Brewery,6.5%,IPA - New England / Hazy,Can 440ml,"€ 12,84 per litre"
Messie,"€ 5,50",Poland,4.14,Browar Stu Mostów,6%,Sour - Smoothie / Pastry,Can 440ml,"€ 12,50 per litre"
Becher Vollbier,"€ 2,00",Germany,3.26,Becher Bräu,4.7%,Kellerbier / Zwickelbier,500ml,"€ 4,00 per litre"
Djúpalónssandur Snæfelsnesi (2023),"€ 28,90",Iceland,3.96,Grugg & Makk,6.5%,Wild Ale - Other,Bottle 750ml,"€ 38,53 per litre"
Svörtuloft Snæfelsnesi (2023),"€ 28,90",Iceland,3.46,Grugg & Makk,6.5%,Wild Ale - Other,Bottle 750ml,"€ 38,53 per litre"
Non(netje) Non Alcoholic IPA,"€ 2,85",Netherlands,3.10,Jopen,0.3%,Non-Alcoholic - IPA,330ml,"€ 8,64 per litre"
Organic IPA,"€ 106,20",Denmark,3.32,To Øl,4.7%,Pilsner - Other,24-pack,"Total price: € 106,20"
ArcyIPA,"€ 2,10",Poland,3.48,Browar Fortuna,4.2%,IPA - Session,Bottle 500ml,"€ 4,20 per litre"
Kwaśna Pigwa,"€ 2,20",Poland,3.17,Browar Fortuna,5.6%,Fruit Beer,Bottle 500ml,"€ 4,40 per litre"
Blurry Vision Hazy IPA,"€ 3,69",Germany,3.72,BRLO,6.5%,IPA - New England / Hazy,Can 330ml,"€ 11,18 per litre"
Summerfest Lager,"€ 3,89",United States,3.49,Sierra Nevada Brewing Co.,5%,Pilsner - German,355ml,"€ 10,96 per litre"
Hertl Schwiegermutter's Rache Alkoholfreies Weizen,"€ 3,49",Germany,3.12,Braumanufaktur Hertl,0.5%,Non-Alcoholic - Wheat,500ml,"€ 6,98 per litre"
Whisky Infused,"€ 10,00",Belgium,4.00,Brouwerij Het Anker,11.7%,Belgian Strong Dark Ale,330ml,"€ 30,30 per litre"
Wahoo,"€ 3,45",Netherlands,3.63,De Kromme Haring,6%,IPA - American,330ml,"€ 10,45 per litre"
The Original Smokey,"€ 3,45",Netherlands,3.62,De Kromme Haring,8.5%,Porter - Smoked,330ml,"€ 10,45 per litre"
Les Perles du Homard,"€ 3,10",Netherlands,3.54,De Kromme Haring,8%,Farmhouse Ale - Saison,330ml,"€ 9,39 per litre"
Inktvis,"€ 3,45",Netherlands,3.50,De Kromme Haring,6%,IPA - Black / Cascadian Dark Ale,330ml,"€ 10,45 per litre"
Siren All Night Long,"€ 10,61",England,4.14,Siren Craft Brew,10.2%,Stout - Imperial / Double Milk,Bottle 375ml,"€ 28,29 per litre"
Siren Project Barista 2024 - Mucha Mora Mocha,"€ 6,11",England,4.06,Siren Craft Brew,9%,Stout - Imperial / Double Coffee,Can 440ml,"€ 13,89 per litre"
Siren Project Barista 2024 - Viva Patron,"€ 5,42",England,3.79,Siren Craft Brew,8%,Dark Ale,Can 440ml,"€ 12,32 per litre"
Siren Just Because,"€ 5,33",England,3.76,Siren Craft Brew,7%,IPA - American,Can 440ml,"€ 12,11 per litre"
Siren Marshmellow Mountain,"€ 5,88",England,3.69,Siren Craft Brew,5.1%,Porter - Other,Can 440ml,"€ 13,36 per litre"
Siren Project Barista 2024 - Stomping Grounds,"€ 4,91",England,3.66,Siren Craft Brew,6.3%,Red Ale - Other,Can 440ml,"€ 11,16 per litre"
Siren Project Barista 2024 - Dry Bones,"€ 5,19",England,3.63,Siren Craft Brew,6.6%,IPA - Brut,Can 440ml,"€ 11,80 per litre"
Siren The Piña Colada Beer,"€ 5,19",England,3.61,Siren Craft Brew,6%,Sour - Fruited,Can 440ml,"€ 11,80 per litre"
Siren The Flying Circus,"€ 4,44",England,3.60,Siren Craft Brew,4.5%,Pale Ale - American,Can 440ml,"€ 10,09 per litre"
Timmermans Oude Schaarbeekse Kriek Griotteke Bourbon,"€ 19,12",Belgium,3.72,Brewery John Martin & Brewery Timmermans,6.7%,Lambic - Kriek,Bottle 750ml,"€ 25,49 per litre"
De Cort Oude Pajotse Jenever,"€ 38,35",Belgium,3.71,Brouwerij Mort Subite,8%,Lambic - Kriek,700ml,"€ 54,79 per litre"
Timmermans Elderflower Lambicus,"€ 19,12",Belgium,3.71,Brewery John Martin & Brewery Timmermans,6.7%,Lambic - Other,Bottle 750ml,"€ 25,49 per litre"
Cows More Cows,"€ 7,70",England,3.89,Disruption is Brewing,7.4%,Stout - Milk / Sweet,Can 440ml,"€ 17,50 per litre"
Liverpool X Azvex,"€ 5,80",England,3.81,Northern Monk,7%,IPA - New England / Hazy,Can 440ml,"€ 13,18 per litre"
CYCT Torsion,"€ 5,49",Netherlands,3.85,Moersleutel Craft Brewery,8%,IPA - New England / Hazy,Can 440ml,"€ 12,48 per litre"
Off the Rack Kentucky Bourbon 2022 By Rackhouse,"€ 18,65",Norway,4.48,LERVIG,14.2%,Stout - Imperial / Double,Bottle 375ml,"€ 49,73 per litre"
Alcubierre Drive,"€ 6,95",England,4.12,Azvex Brewing Company,7%,IPA - New England / Hazy,Can 440ml,"€ 15,80 per litre"
Sacred Heart XII,"€ 16,65",France,4.05,La Débauche,26%,Freeze-Distilled Beer,330ml,"€ 50,45 per litre"
TDH Riwaka X Kohia Motueka SubZero Hop Kief DIPA,"€ 6,45",Latvia,4.03,Ārpus Brewing Co.,8%,IPA - Imperial / Double New England / Hazy,Can 440ml,"€ 14,66 per litre"
Almond Ganache Bulldozer,"€ 7,95",Netherlands,4.03,Moersleutel Craft Brewery,11%,Stout - Imperial / Double Pastry,Can 440ml,"€ 18,07 per litre"
Puzzled,"€ 6,50",Spain,3.97,SOMA Beer,8%,IPA - Imperial / Double New England / Hazy,Can 440ml,"€ 14,77 per litre"
TDH Mosaic X Citra X Galaxy DIPA,"€ 6,45",Latvia,3.96,Ārpus Brewing Co.,8%,IPA - Imperial / Double New England / Hazy,Can 440ml,"€ 14,66 per litre"
Freewheelin',"€ 6,50",Finland,3.95,Factory Brewing,7%,IPA - New England / Hazy,Can 440ml,"€ 14,77 per litre"
TDH Nelson X Vic Secret IPA,"€ 5,95",Latvia,3.92,Ārpus Brewing Co.,6.5%,IPA - American,Can 440ml,"€ 13,52 per litre"
Sacred Heart XI,"€ 16,65",France,4.18,La Débauche,26%,Freeze-Distilled Beer,330ml,"€ 50,45 per litre"
Time Moves Slow,"€ 7,65",France,3.76,La Débauche,10%,Stout - Imperial / Double,330ml,"€ 23,18 per litre"
Juice Punch,"€ 3,99",Netherlands,3.68,Brouwerij Frontaal,5.8%,IPA - New England / Hazy,330ml,"€ 12,09 per litre"
De Weldoener,"€ 3,49",Netherlands,3.47,Brouwerij Maallust,6.5%,Blonde / Golden Ale - Other,330ml,"€ 10,58 per litre"
White Mamba,"€ 2,99",Netherlands,3.43,Two Chefs Brewing,5%,Wheat Beer - Witbier / Blanche,330ml,"€ 9,06 per litre"
Dorps Leven,"€ 3,49",Netherlands,3.36,Hert Bier,6.5%,Belgian Blonde,330ml,"€ 10,58 per litre"
Heffy,"€ 2,99",Netherlands,3.28,Rock City Brewing,5.5%,Wheat Beer - Hefeweizen,330ml,"€ 10,58 per litre"
Capitaines Mitch & Rich,"€ 9,30",Canada,4.33,Le Ketch,8%,IPA - Imperial / Double New England / Hazy,473ml,"€ 19,66 per litre"
Dock 77,"€ 8,85",Canada,4.30,Le Ketch,6.5%,IPA - New England / Hazy,473ml,"€ 18,71 per litre"
Capitaine Dulong,"€ 9,30",Canada,4.29,Le Ketch,8%,IPA - Imperial / Double New England / Hazy,473ml,"€ 19,66 per litre"
Axes And Ducks,"€ 9,05",United States,4.23,Vitamin Sea Brewing,8%,IPA - Imperial / Double New England / Hazy,473ml,"€ 19,13 per litre"
Special Export,"€ 3,95",Ireland,3.51,Guinness,8%,Stout - Foreign / Export,330ml,"€ 11,97 per litre"
Troubadour Blond,"€ 2,50",Belgium,3.48,Brouwerij The Musketeers,6.5%,Belgian Blonde,330ml,"€ 7,58 per litre"
Joosy,"€ 5,30",England,3.79,UnBarred Brewery,5.1%,Pale Ale - New England / Hazy,Can 440ml,"€ 12,05 per litre"
1818,"€ 3,70",Netherlands,3.72,Brouwerij Maallust,10%,Belgian Quadrupel,Bottle 300ml,"€ 12,33 per litre"
Session IPA,"€ 2,26",Sweden,3.48,Poppels Bryggeri,4.2%,IPA - Session,330ml,"€ 6,85 per litre"
WILD#26 Saturn Peach & Vanilla,"€ 9,10",Poland,3.99,Browar Stu Mostów,7%,Wild Ale - Other,Bottle 375ml,"€ 24,27 per litre"
Fish Transistor,"€ 6,10",Germany,3.97,FUERST WIACEK,6.8%,IPA - New England / Hazy,Can 440ml,"€ 13,86 per litre"
Element: Electricity,"€ 3,49",Netherlands,3.66,Morebeer Brewing,6.5%,IPA - American,Can 440ml,"€ 13,86 per litre"
Infinite Scroll,"€ 6,79",Spain,4.07,Gross,7%,IPA - Other,Can 440ml,"€ 15,43 per litre"
Super Clue,"€ 6,79",Spain,4.00,Gross,7%,IPA - New England / Hazy,Can 440ml,"€ 15,43 per litre"
Bandwagon 430,"€ 6,49",Netherlands,3.96,Baxbier,7.5%,IPA - New England / Hazy,Can 440ml,"€ 14,75 per litre"
Tecktonik,"€ 6,49",Spain,3.91,Gross,6.3%,IPA - New England / Hazy,Can 440ml,"€ 14,75 per litre"
"OK, Let's Go!","€ 6,49",Spain,3.88,Gross,6%,IPA - New England / Hazy,Can 440ml,"€ 14,75 per litre"
Dragma,"€ 4,99",Spain,3.70,Gross,4.5%,Pilsner - Other,Can 440ml,"€ 11,34 per litre"
Pinta Modern Drinking,"€ 3,46",Poland,3.66,Browar PINTA,6.5%,IPA - American,500ml,"€ 6,92 per litre"
Pinta Hazy Morning,"€ 3,07",Poland,3.60,Browar PINTA,4.4%,Pale Ale - New England / Hazy,500ml,"€ 6,14 per litre"
Pinta Pierwsza Pomoc,"€ 2,89",Poland,3.24,Browar PINTA,4.3%,Pilsner - Other,500ml,"€ 5,78 per litre"
Fruitful Haze,"€ 4,95",Netherlands,3.14,Brouwerij Kees,4.9%,IPA - Fruited,Can 440ml,"€ 11,25 per litre"
Apple,"€ 2,99",Belgium,3.49,Brouwerij Lindemans,3.5%,Lambic - Fruit,Bottle 250ml,"€ 11,96 per litre"
Roman Rendez-Brew,"€ 3,95",Netherlands,3.10,Uiltje Brewing Company,5.9%,Grape Ale - Other,330ml,"€ 11,97 per litre"
Action Directe,"€ 5,00",Germany,3.81,FUERST WIACEK,7.2%,IPA - American,Can 440ml,"€ 11,36 per litre"
The Fish Needs A Suzuki (Lager American Light),"€ 4,00",Germany,3.37,FUERST WIACEK,4.2%,Lager - American Light,Can 440ml,"€ 9,09 per litre"
Fruit Bomb New England DIPA,"€ 5,60",Netherlands,3.81,Moersleutel Craft Brewery,8%,IPA - Imperial / Double New England / Hazy,Can 440ml,"€ 12,73 per litre"
Mannenliefde Saison,"€ 9,95",Netherlands,3.46,Oedipus Brewing,6%,Farmhouse Ale - Saison,Bottle 750ml,"€ 13,27 per litre"
Shringa Vera Session Ale Ginger Bergamot,"€ 3,25",Netherlands,3.39,Briljant Brouwhuis,4%,Spiced / Herbed Beer,330ml,"€ 9,85 per litre"
Zwaanzinnig White Ale,"€ 2,00",Netherlands,3.37,Bird Brewery,4.5%,Wheat Beer - Witbier / Blanche,330ml,"€ 6,06 per litre"
Marker Maagd White Ale BIO,"€ 3,40",Netherlands,3.33,Waterland Brewery,5%,Wheat Beer - Witbier / Blanche,Can 330ml,"€ 10,30 per litre"
Historical Society,"€ 13,00",United States,4.17,Root + Branch Brewing,10%,Porter - Imperial / Double Baltic,Can 330ml,"€ 10,30 per litre"
Mosaic DDH Juicy Bits,"€ 8,55",United States,4.27,WeldWerks Brewing Co.,6.7%,IPA - New England / Hazy,473ml,"€ 18,08 per litre"
Fuerst Wiacek Crowdsurfer IPA,"€ 6,49",Germany,3.85,FUERST WIACEK,6.2%,IPA - New England / Hazy,Can 440ml,"€ 14,75 per litre"
Sunny Disposition Extra Pale Ale,"€ 5,19",Sweden,3.63,Hyllie Bryggeri,5.7%,Pale Ale - XPA (Extra Pale),Can 330ml,"€ 15,73 per litre"
Hyllipan West Coast IPA,"€ 7,19",Sweden,3.60,Hyllie Bryggeri,6.5%,IPA - American,Can 440ml,"€ 16,34 per litre"
Yankee & Kraut x Brewage Strand Heisl New England Pale Ale,"€ 5,49",Austria,4.01,Brew Age/ Yankee & Kraut,10.1%,IPA - Triple New England / Hazy,Can 440ml,"€ 12,48 per litre"
Hyllie x Malmö Brewing Malmö I Love You 2024 Sour Ale,"€ 6,49",Sweden,3.81,Malmö Brewing Co.,8.2%,IPA - Imperial / Double,330ml,"€ 19,67 per litre"
Lowlands Hazy IPA,"€ 6,49",Sweden,3.66,Hyllie Bryggeri,6.5%,IPA - New England / Hazy,330ml,"€ 19,67 per litre"
Hyllie x Tuju Demo Tape #1 India Pale Lager,"€ 6,49",Sweden,3.54,Hyllie Bryggeri,6%,Lager - IPL (India Pale Lager),330ml,"€ 19,67 per litre"
Meadows Gose,"€ 6,49",Sweden,3.46,Hyllie Bryggeri,4.7%,Sour - Fruited Gose,330ml,"€ 19,67 per litre"
Weiherer - Grischbeerla,"€ 2,60",Germany,3.62,Brauerei Kundmüller,4.5%,IPA - Session,500ml,"€ 5,20 per litre"
Eichhorn Kellerbier,"€ 2,10",Germany,3.56,Brauerei Eichhorn Dörfleins,5%,Kellerbier / Zwickelbier,500ml,"€ 4,20 per litre"
Weiherer Kellerbier - 5 Liter Fass,"€ 17,50",Germany,3.46,Brauerei Kundmüller,4.9%,Kellerbier / Zwickelbier,5000ml,"€ 3,50 per litre"
Schmoojee Puffsicle Raspberry Double Marshmallow,"€ 10,99",United States,4.28,Imprint Beer Co.,6.5%,Sour - Smoothie / Pastry,473ml,"€ 23,23 per litre"
Gone Camping,"€ 8,55",United States,4.23,Little Willow Brewing Company,8%,IPA - Imperial / Double New England / Hazy,473ml,"€ 18,08 per litre"
I Want the Beef,"€ 9,75",United States,4.12,Hop Butcher For The World,8%,IPA - Imperial / Double New England / Hazy,473ml,"€ 20,61 per litre"
Moving Through the World of Other,"€ 7,10",England,4.10,Verdant Brewing Co,6.5%,IPA - New England / Hazy,Can 440ml,"€ 16,14 per litre"
The Half-Life of Magic,"€ 7,10",England,4.08,Verdant Brewing Co,6.5%,IPA - New England / Hazy,Can 440ml,"€ 16,14 per litre"
Tilquin: Meerts au Riesling 2022,"€ 6,49",Belgium,4.01,Gueuzerie Tilquin,5.8%,Lambic - Fruit,Bottle 375ml,"€ 17,31 per litre"
Tenth Hour,"€ 14,99",United States,4.33,Electric Brewing Company,10%,IPA - Triple New England / Hazy,500ml,"€ 29,98 per litre"
Decade of Allegations,"€ 14,79",United States,4.24,Electric Brewing Company,8.5%,IPA - Imperial / Double New England / Hazy,500ml,"€ 29,58 per litre"
Echolocation,"€ 10,49",United States,4.06,Equilibrium Brewery,8%,IPA - Imperial / Double New England / Hazy,473ml,"€ 22,18 per litre"
MoksaMarga (Batch 3),"€ 10,29",United States,4.03,Equilibrium Brewery,8.5%,IPA - Imperial / Double,473ml,"€ 21,75 per litre"
Impossible Capture,"€ 11,79",United States,3.80,Electric Brewing Company,6.2%,IPA - American,500ml,"€ 23,58 per litre"
Up In Arms,"€ 14,99",United States,4.33,Electric Brewing Company,10%,IPA - Triple New England / Hazy,500ml,"€ 29,98 per litre"
Gnomies,"€ 10,99",United States,4.17,Celestial Beerworks,8%,IPA - Imperial / Double New England / Hazy,500ml,"€ 21,98 per litre"
Rogue Star,"€ 10,99",United States,4.11,Celestial Beerworks,8%,IPA - Imperial / Double New England / Hazy,500ml,"€ 21,98 per litre"
All I See Is Carrion (Ghost CARRION),"€ 9,99",United States,4.12,Adroit Theory,11.5%,Belgian Quadrupel,473ml,"€ 21,12 per litre"
EBK [Down To Die] (Ghost EBK),"€ 9,79",United States,4.10,Adroit Theory,8%,IPA - Imperial / Double New England / Hazy,473ml,"€ 20,70 per litre"
Dia De Los Muertos (Ghost: MUERTOS),"€ 12,49",United States,4.09,Adroit Theory,13.7%,Stout - Russian Imperial,473ml,"€ 26,41 per litre"
Angel's Trumpet (Ghost 1581),"€ 8,32",United States,3.91,Adroit Theory,8%,IPA - Fruited,473ml,"€ 17,59 per litre"
Maiden of Pain (Ghost Maiden of Pain),"€ 8,32",United States,3.84,Adroit Theory,7.5%,IPA - Rye,473ml,"€ 17,59 per litre"
Rebel (Ghost REBEL),"€ 9,89",United States,4.18,Adroit Theory,10%,IPA - Triple New England / Hazy,473ml,"€ 20,91 per litre"
Dead + Gone (Ghost DEAD + GONE),"€ 8,99",United States,4.15,Adroit Theory,10%,IPA - Triple New England / Hazy,473ml,"€ 19,01 per litre"
Annihilation (GHOST: ANNIHILATION),"€ 8,99",United States,4.15,Adroit Theory,7.5%,IPA - Imperial / Double New England / Hazy,473ml,"€ 19,01 per litre"
Quadrupel,"€ 4,70",Netherlands,3.68,Sion Kloosterbier,10%,Belgian Quadrupel,330ml,"€ 14,24 per litre"
Saison,"€ 4,20",Netherlands,3.50,Sion Kloosterbier,6%,Farmhouse Ale - Saison,330ml,"€ 12,73 per litre"
Witbier,"€ 4,20",Netherlands,3.46,Sion Kloosterbier,4.8%,Wheat Beer - Witbier / Blanche,330ml,"€ 12,73 per litre"
Stay Classy,"€ 11,79",Canada,4.19,Wood Brothers Brewing Co.,8%,IPA - Imperial / Double,473ml,"€ 24,93 per litre"
Our Private Idaho,"€ 11,79",Canada,4.13,Wood Brothers Brewing Co.,8.2%,IPA - Imperial / Double,473ml,"€ 24,93 per litre"
To Ol Mochaccino Messiah,"€ 4,21",Denmark,3.69,To Øl,7%,Brown Ale - American,330ml,"€ 12,76 per litre"
Ray Of Hop,"€ 4,07",Czech Republic,3.76,Axiom Brewery,6%,IPA - American,Can 500ml,"€ 8,14 per litre"
Dreamy Eyes,"€ 6,70",Estonia,3.84,Põhjala,6.7%,IPA - New England / Hazy,Can 440ml,"€ 15,23 per litre"
Nostalgia Collection “Locomotief”,"€ 3,80",Belgium,3.59,Brouwerij Kompel,7%,Bitter - Best,330ml,"€ 11,52 per litre"
Hop To Be Square,"€ 4,30",Netherlands,3.55,Jopen,6%,IPA - Cold,330ml,"€ 13,03 per litre"
Bourbon County Brand Coffee Stout 2022,"€ 49,99",United States,4.32,Goose Island Beer Co.,13.2%,Stout - Imperial / Double Coffee,500ml,"€ 99,98 per litre"
Bourbon County Brand Biscotti Stout 2022,"€ 49,99",United States,4.17,Goose Island Beer Co.,14.3%,Stout - Imperial / Double Pastry,500ml,"€ 99,98 per litre"
Bourbon County Brand Kentucky Fog Stout 2020,"€ 49,99",United States,4.09,Goose Island Beer Co.,14.1%,Stout - Imperial / Double,500ml,"€ 99,98 per litre"
Extravagant Vanilla Stout,"€ 8,75",Netherlands,4.26,Moersleutel Craft Brewery,12%,Stout - Russian Imperial,Can 440ml,"€ 19,89 per litre"
Nebula Burst,"€ 6,45",Germany,4.15,Sudden Death Brewing Co.,7.1%,IPA - New England / Hazy,Can 440ml,"€ 14,66 per litre"
Paradise Plumes,"€ 7,50",Germany,4.12,Sudden Death Brewing Co.,5%,Sour - Smoothie / Pastry,Can 440ml,"€ 17,05 per litre"
Hazy Connection,"€ 6,99",France,4.08,Les Intenables - Craft Beer -,8%,IPA - Imperial / Double New England / Hazy,Can 440ml,"€ 15,89 per litre"
Survival Kit,"€ 6,80",Germany,4.05,Sudden Death Brewing Co.,9.2%,IPA - Imperial / Double New England / Hazy,Can 440ml,"€ 15,45 per litre"
Vampire Dentures,"€ 6,45",Germany,4.03,Sudden Death Brewing Co.,7.1%,IPA - New England / Hazy,Can 440ml,"€ 14,66 per litre"
Fluffy Clafoutis,"€ 7,50",France,4.03,Les Intenables - Craft Beer -,8%,Sour - Smoothie / Pastry,Can 440ml,"€ 17,05 per litre"
Almond Ganache Bulldozer,"€ 7,25",Netherlands,4.03,Moersleutel Craft Brewery,11%,Stout - Imperial / Double Pastry,Can 440ml,"€ 16,48 per litre"
Dragon Colada,"€ 7,99",Netherlands,4.01,Brouwerij LOST,6%,Sour - Smoothie / Pastry,500ml,"€ 15,98 per litre"
Strut,"€ 6,99",Sweden,3.68,Stigbergets Bryggeri,5%,Pale Ale - American,Can 440ml,"€ 15,89 per litre"
Oude Gueuze Tilquin à l'Ancienne Cuvée Arthur (2022/2023),"€ 27,60",Belgium,4.15,Gueuzerie Tilquin,7%,Lambic - Gueuze,Bottle 750ml,"€ 36,80 per litre"
Oude Gueuze Tilquin à l'Ancienne Abricot (2023/2024),"€ 27,60",Belgium,4.00,Gueuzerie Tilquin,6.3%,Lambic - Gueuze,Bottle 750ml,"€ 36,80 per litre"
Verdant x Green Cheek Cheeky Westy,"€ 8,70",England,4.01,Verdant Brewing Co,7%,IPA - American,Can 440ml,"€ 19,77 per litre"
Siren Project Barista 2024 | Viva Patron,"€ 6,00",England,3.79,Siren Craft Brew,8%,Dark Ale,Can 440ml,"€ 13,64 per litre"
Siren Project Barista 2024 | Dry Bones,"€ 5,70",England,3.63,Siren Craft Brew,6.6%,IPA - Brut,Can 440ml,"€ 12,95 per litre"
Siren Project Barista 2024 | Stomping Grounds,"€ 5,70",England,3.35,Siren Craft Brew,6.3%,IPA - Brut,Can 440ml,"€ 12,95 per litre"
Almond Ganache Bulldozer,"€ 7,99",Netherlands,4.03,Moersleutel Craft Brewery,11%,Stout - Imperial / Double Pastry,Can 440ml,"€ 18,16 per litre"
Pantheon,"€ 8,99",England,4.02,Tartarus Beers,8%,IPA - Imperial / Double New England / Hazy,Can 440ml,"€ 20,43 per litre"
Beyond Galaxies,"€ 7,29",Netherlands,4.00,White Dog Brewery,7%,IPA - New England / Hazy,Can 440ml,"€ 16,57 per litre"
Rising Wind,"€ 5,29",Ireland,3.72,Lough Gill Brewery,6.2%,IPA - New England / Hazy,Can 440ml,"€ 12,02 per litre"
Barrel Project India Pale Ale 2024,"€ 4,99",Netherlands,3.70,Brouwerij Kees,6.5%,IPA - Other,330ml,"€ 15,12 per litre"
Better Than I,"€ 5,79",Netherlands,3.70,Brouwerij Poesiat & Kater,5.7%,IPA - New England / Hazy,Can 440ml,"€ 13,16 per litre"
Battle Royale - Tropical Target Practice,"€ 5,49",Netherlands,3.60,KOMPAAN Dutch Craft Beer Company,5.5%,IPA - Fruited,Can 440ml,"€ 12,48 per litre"
Down Under,"€ 4,79",Netherlands,3.51,KOMPAAN Dutch Craft Beer Company,5.4%,Pilsner - New Zealand,Can 440ml,"€ 10,89 per litre"
Wheat Dreams,"€ 4,79",Netherlands,3.46,Brouwerij Kees,5.2%,Wheat Beer - Hopfenweisse,Can 440ml,"€ 10,89 per litre"
Unchained Sin,"€ 3,49",Spain,3.29,La Pirata Brewing,0.5%,Non-Alcoholic - IPA,330ml,"€ 10,58 per litre"
Fruitful Haze,"€ 4,79",Netherlands,3.14,Brouwerij Kees,4.9%,IPA - Fruited,Can 440ml,"€ 10,89 per litre"
Oude Gueuze Cuvée Francisca 200th Anniversary,"€ 17,95",Belgium,4.07,Brouwerij Lindemans,8%,Lambic - Gueuze,Bottle 750ml,"€ 23,93 per litre"
Everlasting Embers,"€ 9,60",England,4.14,Left Handed Giant Brewing,8%,IPA - Imperial / Double New England / Hazy,Can 440ml,"€ 21,82 per litre"
Nebula Burst,"€ 8,40",Germany,4.15,Sudden Death Brewing Co.,7.1%,IPA - New England / Hazy,Can 440ml,"€ 19,09 per litre"
Survival Kit,"€ 10,80",Germany,4.05,Sudden Death Brewing Co.,9.2%,IPA - Imperial / Double New England / Hazy,Can 440ml,"€ 24,55 per litre"
Vampire Denture,"€ 8,40",Germany,4.03,Sudden Death Brewing Co.,7.1%,IPA - New England / Hazy,Can 440ml,"€ 19,09 per litre"
Pannepot Special Reserva (2021),"€ 8,40",Belgium,4.00,De Struise Brouwers,10%,Belgian Strong Dark Ale,Bottle 330ml,"€ 25,45 per litre"
XXX Bourbon BA Rye Triple Reserva (2022),"€ 8,40",Belgium,3.99,De Struise Brouwers,10%,Rye Beer,Bottle 330ml,"€ 25,45 per litre"
Lübi Premium,"€ 7,20",Germany,3.80,Sudden Death Brewing Co.,5.5%,Pale Ale - XPA (Extra Pale),Can 440ml,"€ 16,36 per litre"
De Struise x 3 Floyds Shark Pants,"€ 8,40",United States,3.63,3 Floyds Brewing/ De Struise Brouwers,9%,IPA - Imperial / Double,Bottle 330ml,"€ 25,45 per litre"
Wells,"€ 9,90",England,4.19,Beak Brewery,11%,Stout - Imperial / Double,Can 440ml,"€ 22,50 per litre"
Hop To Be Square,"€ 3,99",Netherlands,3.55,Jopen,6%,IPA - Cold,330ml,"€ 12,09 per litre"
Wheat Dreams,"€ 4,50",Netherlands,3.46,Brouwerij Kees,5.2%,Wheat Beer - Hopfenweisse,Can 440ml,"€ 10,23 per litre"
Fruitful Haze,"€ 4,75",Netherlands,3.14,Brouwerij Kees,4.9%,IPA - Fruited,Can 440ml,"€ 10,80 per litre"
Arpus Brewing Co. Tdh Nelson X Vic Secret Ipa,"€ 5,03",Latvia,3.99,Ārpus Brewing Co.,6.5%,IPA - New England / Hazy,Can 440ml,"€ 10,80 per litre"
Arpus Brewing Co. Tdh Riwaka X Kohia Motueka Subzero Hop Kief Dipa,"€ 5,03",Latvia,3.99,Ārpus Brewing Co.,6.5%,IPA - New England / Hazy,Can 440ml,"€ 10,80 per litre"
Hot Cakes 5,"€ 9,20",Croatia,4.27,Pulfer Brewery,5.5%,Sour - Smoothie / Pastry,500ml,"€ 18,40 per litre"
Hoppy Morphosis,"€ 4,95",Croatia,3.44,Pulfer Brewery,4.2%,Pilsner - Other,500ml,"€ 9,90 per litre"
La Pell,"€ 14,40",Spain,4.12,Menno Olivier Brewing,11.1%,Barleywine - Other,Bottle 330ml,"€ 43,64 per litre"
Dota,"€ 14,40",Spain,4.05,Menno Olivier Brewing,11.3%,Stout - Imperial / Double,Bottle 330ml,"€ 43,64 per litre"
Bombo,"€ 14,40",Spain,4.01,Menno Olivier Brewing,11.5%,Strong Ale - Other,Bottle 330ml,"€ 43,64 per litre"
Sense Pell,"€ 11,40",Spain,3.95,Menno Olivier Brewing,10.9%,Barleywine - Other,Bottle 330ml,"€ 34,55 per litre"
The Kernel Bière de Saison | Sabro,"€ 4,80",England,3.93,The Kernel Brewery,5.8%,Farmhouse Ale - Saison,Bottle 330ml,"€ 14,55 per litre"
Falda,"€ 10,50",Spain,3.93,Menno Olivier Brewing,10%,Stout - Imperial / Double,Bottle 330ml,"€ 31,82 per litre"
Earthquake,"€ 10,40",Spain,3.87,Menno Olivier Brewing,9.8%,Stout - Imperial / Double,Bottle 330ml,"€ 31,52 per litre"
The Kernel Bière de Saison | Damson,"€ 6,00",England,3.84,The Kernel Brewery,4.8%,Farmhouse Ale - Saison,Bottle 330ml,"€ 18,18 per litre"
Saison,"€ 9,60",Spain,3.82,Menno Olivier Brewing,9.4%,Farmhouse Ale - Saison,Bottle 330ml,"€ 29,09 per litre"
The Kernel Export Stout | Sour Cherry,"€ 6,30",England,3.75,The Kernel Brewery,7.4%,Stout - Foreign / Export,Bottle 330ml,"€ 19,09 per litre"
Land Van Mortagne,"€ 4,95",Belgium,3.60,Brouwerij Alvinne,12.8%,Belgian Quadrupel,330ml,"€ 15,00 per litre"
Belgian Witbier,"€ 3,75",Sweden,3.27,Poppels Bryggeri,4.7%,Wheat Beer - Witbier / Blanche,330ml,"€ 11,36 per litre"
Arpus Brewing Co. Tdh Nz Cascade X Rakau X Citra Ipa,"€ 5,03",Latvia,3.99,Ārpus Brewing Co.,6.5%,IPA - New England / Hazy,330ml,"€ 11,36 per litre"
Miami Feelings IPA,"€ 8,80",Wales,3.76,Polly's Brew Co.,6.5%,IPA - American,Can 440ml,"€ 20,00 per litre"
Mac Ivors Session Cider,"€ 3,99",Northern Ireland,3.53,Mac Ivors Cider Company,4.2%,Cider - Traditional / Apfelwein,330ml,"€ 12,09 per litre"
Mac Ivors Alcohol Free Irish Cider,"€ 3,49",Northern Ireland,3.28,Mac Ivors Cider Company,0.5%,Non-Alcoholic - Cider / Perry,330ml,"€ 10,58 per litre"
Straffe Hendrik Brugs Quadrupel Bier,"€ 3,50",Belgium,4.04,Brouwerij De Halve Maan,11%,Belgian Quadrupel,330ml,"€ 10,61 per litre"
Kutbier,"€ 3,40",Netherlands,3.36,Brouwerij Boegbeeld,6.3%,Belgian Blonde,330ml,"€ 10,30 per litre"
La Trappe Epos,"€ 2,40",Netherlands,3.18,Bierbrouwerij De Koningshoeven,6.3%,Non-Alcoholic - Pale Ale,330ml,"€ 7,27 per litre"
Weismainer Flechterla Zwick'l,"€ 1,90",Germany,3.35,Weismainer Püls-Bräu,5%,Kellerbier / Zwickelbier,500ml,"€ 3,80 per litre"
St. Bernardus Abt 12,"€ 2,96",Belgium,4.00,Brouwerij St.Bernardus,10%,Belgian Quadrupel,330ml,"€ 8,97 per litre"
Salty Lemon,"€ 3,14",Sweden,3.74,Brewski,4.7%,Sour - Fruited Berliner Weisse,Can 330ml,"€ 9,52 per litre"
Sour Fruit Ale Mango Passion,"€ 3,35",Sweden,3.65,Poppels Bryggeri,6%,Sour - Fruited,Can 330ml,"€ 10,15 per litre"
Granda Sweet Blanche Blond,"€ 4,29",United States,3.98,Vault Brewing Company,9%,Pumpkin / Yam Beer,330ml,"€ 13,00 per litre"
Granda Alter Native Juicy IPA,"€ 4,69",Italy,3.58,Birrificio della Granda,6.7%,IPA - American,330ml,"€ 14,21 per litre"
Granda Looking Glass West Coast IPA,"€ 4,69",Italy,3.55,Birrificio della Granda,7%,IPA - American,330ml,"€ 14,21 per litre"
Störtebeker BIO Baltik Lager,"€ 1,97",Germany,3.33,Störtebeker Braumanufaktur,5.5%,Märzen,500ml,"€ 3,94 per litre"
Shake Your Booty Barrel Aged Stout,"€ 17,30",Spain,3.86,Cierzo Brewing Co.,11%,Stout - Imperial / Double Milk,Bottle 750ml,"€ 23,07 per litre"
Arpus Brewing Co. Ddh Peacharine X Riwaka Nelson Pale Ale,"€ 4,62",Latvia,4.01,Ārpus Brewing Co.,6.5%,IPA - New England / Hazy,,
Maglia Rosa Berliner Weisse,"€ 5,30",Spain,3.65,Cierzo Brewing Co.,3%,Sour - Fruited Berliner Weisse,Can 440ml,"€ 12,05 per litre"
Eha,"€ 15,60",Belgium,4.23,Het Boerenerf Eylenbosch,8%,Lambic - Other,Bottle 750ml,"€ 20,80 per litre"
Gertrud,"€ 15,80",Belgium,4.04,Het Boerenerf Eylenbosch,8%,Lambic - Fruit,Bottle 750ml,"€ 21,07 per litre"
Albert,"€ 15,80",Estonia,3.79,Pühaste Brewery,8%,Wild Ale - Other,Bottle 750ml,"€ 21,07 per litre"
Blonde,"€ 1,51",Belgium,3.58,Abbaye de Leffe,6.6%,Belgian Blonde,330ml,"€ 4,58 per litre"
Framboise 25cl,"€ 2,60",Belgium,3.77,Brouwerij Lindemans,2.5%,Lambic - Framboise,Bottle 250ml,"€ 10,40 per litre"
Raindance,"€ 7,29",Finland,4.06,Factory Brewing,8.3%,IPA - Imperial / Double New England / Hazy,Can 440ml,"€ 16,57 per litre"
Aetheria Cognac BA (Silver Series),"€ 9,95",Estonia,4.20,Pühaste Brewery,13.9%,Stout - Imperial / Double,330ml,"€ 30,15 per litre"
Young Cardinals,"€ 7,75",Ireland,4.10,Galway Bay Brewery,10%,IPA - Triple New England / Hazy,Can 440ml,"€ 17,61 per litre"
GROSS- Infinite Scroll,"€ 5,75",Spain,4.07,Gross,7%,IPA - Other,Can 440ml,"€ 13,07 per litre"
Blood Goat,"€ 8,35",Scotland,4.03,Holy Goat Brewing,6.66%,Sour - Flanders Red Ale,Bottle 375ml,"€ 22,27 per litre"
Super Glue,"€ 5,75",Spain,4.00,Gross,7%,IPA - New England / Hazy,Can 440ml,"€ 13,07 per litre"
Triple Drop,"€ 5,65",Estonia,3.99,Pühaste Brewery,11%,IPA - Triple New England / Hazy,330ml,"€ 17,12 per litre"
Pure Oude Gueuze,"€ 22,95",Belgium,3.97,Brouwerij Lindemans,7%,Lambic - Gueuze,Bottle 750ml,"€ 30,60 per litre"
Unicorn Wizard,"€ 8,15",Scotland,3.93,Holy Goat Brewing,7.2%,Sour - Fruited,Bottle 375ml,"€ 21,73 per litre"
Grande Reserve Limeted Edition (2024),"€ 11,95",Belgium,3.90,Bières de Chimay,9%,Belgian Strong Dark Ale,Bottle 750ml,"€ 15,93 per litre"
Double Ditzy,"€ 4,35",Sweden,3.81,Brewski,8%,IPA - Imperial / Double,330ml,"€ 13,18 per litre"
Afterglow,"€ 4,95",Ireland,3.76,Galway Bay Brewery,6%,IPA - New England / Hazy,Can 440ml,"€ 11,25 per litre"
Sloth IPA,"€ 4,35",Sweden,3.63,Brewski,6%,IPA - New England / Hazy,330ml,"€ 13,18 per litre"
Kriek,"€ 2,20",Belgium,3.57,Brouwerij Lindemans,3.5%,Lambic - Kriek,Bottle 250ml,"€ 8,80 per litre"
Colossus,"€ 10,10",Scotland,4.15,Overtone Brewing Co,10%,IPA - Triple New England / Hazy,Can 440ml,"€ 22,95 per litre"
Catching Rays,"€ 6,35",Norway,4.05,Salikatt Bryggeri,8%,IPA - Imperial / Double New England / Hazy,Can 440ml,"€ 14,43 per litre"
Lush,"€ 5,99",Finland,4.09,Revenant Brewing Project,7.5%,IPA - New England / Hazy,Can 440ml,"€ 13,61 per litre"
DANK ‘ N ‘ JUICY,"€ 5,65",Latvia,3.97,Hopalaa,6.8%,IPA - New England / Hazy,Can 440ml,"€ 12,84 per litre"
The Coolest S,"€ 5,59",England,3.97,Sureshot Brewing,6.5%,IPA - New England / Hazy,Can 440ml,"€ 12,70 per litre"
CLOWNS ARE US,"€ 5,85",Latvia,3.92,Hopalaa,8.5%,IPA - Imperial / Double New England / Hazy,Can 440ml,"€ 13,30 per litre"
A Crossover Episode,"€ 5,59",England,3.87,Sureshot Brewing,6%,IPA - New England / Hazy,Can 440ml,"€ 12,70 per litre"
LOLLIPOP / GUAVA & STRAWBERRY & PINEAPPLE,"€ 5,59",Latvia,3.74,Hopalaa,8%,Sour - Fruited Berliner Weisse,Can 440ml,"€ 12,70 per litre"
WHEAT ME UP!,"€ 4,39",Latvia,3.65,Hopalaa,4.7%,IPA - White / Wheat,Can 440ml,"€ 9,98 per litre"
Brasserie D'achouffe La Chouffe,"€ 6,50",Belgium,3.82,Brasserie d'Achouffe,8%,Belgian Strong Golden Ale,Bottle 750ml,"€ 8,67 per litre"
Schneider Weisse Hopfen Weisse Tap 5,"€ 2,55",United States,3.78,Brooklyn Brewery/ Schneider Weisse G. Schneider & Sohn,8.2%,Wheat Beer - Hopfenweisse,Bottle 750ml,"€ 8,67 per litre"
Achel Superior Blond,"€ 9,90",Belgium,3.78,Brouwerij der Sint-Benedictusabdij De Achelse Kluis,9.5%,Belgian Strong Golden Ale,Bottle 750ml,"€ 13,20 per litre"
Orval Trappist,"€ 3,00",Belgium,3.68,Brasserie d'Orval,6.2%,Pale Ale - Belgian,330ml,"€ 9,09 per litre"
Achel Bruin,"€ 2,55",Belgium,3.67,Brouwerij der Sint-Benedictusabdij De Achelse Kluis,8%,Belgian Dubbel,330ml,"€ 7,73 per litre"
St. Louis Premium Kriek,"€ 1,95",Belgium,3.40,Kasteel Brouwerij Vanhonsebrouck,4%,Lambic - Kriek,330ml,"€ 5,91 per litre"
brunch.,"€ 9,20",Canada,4.09,Trial & Ale Brewing Company,7.1%,Sour - Fruited,Can 473ml,"€ 19,45 per litre"
Helios,"€ 8,10",Sweden,3.84,Apex Brewing Company,6.5%,IPA - New England / Hazy,Can 440ml,"€ 18,41 per litre"
Black And White Movie,"€ 7,80",England,3.78,Rivington Brewing Co,5.4%,Pale Ale - New England / Hazy,Can 500ml,"€ 15,60 per litre"
Sweet & Sour Cherry,"€ 12,70",England,3.76,Little Earth Project,8.3%,Sour - Fruited,Bottle 375ml,"€ 33,87 per litre"
Chaotic Chardonnay,"€ 22,80",United States,3.76,Turkey Forrest Brewing,12.5%,Sour - Fruited,Bottle 750ml,"€ 30,40 per litre"
Ceres,"€ 8,60",Norway,3.74,Monkey Brew,6%,Pale Ale - American,Can 440ml,"€ 19,55 per litre"
Baba Yaga,"€ 10,60",Norway,3.67,Monkey Brew,6.5%,Sour - Fruited,Can 440ml,"€ 24,09 per litre"
Baba Yaga,"€ 31,20",Brazil,?,Barba Rala,12%,IPA - American,Bottle 750ml,"€ 41,60 per litre"
Super Stare #3,"€ 36,00",Canada,?,Nita Beer Company,12.5%,Stout - Imperial / Double,Bottle 750ml,"€ 48,00 per litre"
St. Bernardus Prior 8,"€ 2,00",Belgium,3.70,Brouwerij St.Bernardus,8%,Belgian Dubbel,330ml,"€ 6,06 per litre"
St. Bernardus Wit,"€ 1,55",Belgium,3.58,Brouwerij St.Bernardus,5.5%,Wheat Beer - Witbier / Blanche,330ml,"€ 4,70 per litre"
Averbode,"€ 2,55",Belgium,3.57,Huisbrouwerij Averbode,7.5%,Belgian Strong Golden Ale,330ml,"€ 4,70 per litre"
Tempelier Strong Amber,"€ 2,25",Belgium,3.51,Brouwerij Corsendonk,7.5%,Pale Ale - Belgian,330ml,"€ 6,82 per litre"
Witheer,"€ 2,10",Belgium,3.36,Scheldebrouwerij,5%,Wheat Beer - Witbier / Blanche,330ml,"€ 6,36 per litre"
Siren Soundwave,"€ 2,74",England,3.72,Siren Craft Brew,5.6%,IPA - American,Bottle 330ml,"€ 8,30 per litre"
Tartarus  - Atropos... Belgian Quadruple,"€ 8,40",England,3.92,Tartarus Beers,10%,Belgian Quadrupel,Can 440ml,"€ 19,09 per litre"
Brewery  - Mourning Light... NEIPA,"€ 7,20",England,3.91,Black Iris Brewery,6%,IPA - New England / Hazy,Can 440ml,"€ 16,36 per litre"
Go Loko,"€ 4,66",Hungary,3.79,Mad Scientist,5.8%,Sour - Fruited,330ml,"€ 14,12 per litre"
Writers Blanc,"€ 8,70",Canada,3.95,Trial & Ale Brewing Company,6%,Sour - Other,Can 473ml,"€ 18,39 per litre"
Dirty Horse Blonde,"€ 7,20",Belgium,3.93,De Struise Brouwers,7%,Sour - Other,Bottle 330ml,"€ 21,82 per litre"
Dirty Horse Kriek,"€ 33,00",Belgium,3.71,De Struise Brouwers,7%,Sour - Fruited,Bottle 750ml,"€ 44,00 per litre"
De Struise / 3 Floyds - Shark Pants,"€ 9,30",United States,3.63,3 Floyds Brewing/ De Struise Brouwers,9%,IPA - Imperial / Double,Bottle 330ml,"€ 28,18 per litre"
Sour Series - Tipsy Dreamin',"€ 4,76",Hungary,3.59,HORIZONT Brewing,4.5%,Sour - Fruited,Can 440ml,"€ 10,82 per litre"
Ghost Note,"€ 4,79",Hungary,3.77,Mad Scientist,8.4%,Sour - Other,330ml,"€ 14,52 per litre"
Uborkasaláta & Funk,"€ 15,26",Hungary,3.73,MadX,4.2%,Farmhouse Ale - Other,Bottle 750ml,"€ 20,35 per litre"
Mango Bay,"€ 4,25",Hungary,3.66,Mad Scientist,5.2%,Pale Ale - Milkshake,Can 440ml,"€ 9,66 per litre"
Arpus -TDH Peacharine x Riwaka x NZ Cascade IPA,"€ 6,00",Latvia,3.84,Ārpus Brewing Co.,6.5%,Pale Ale - New England / Hazy,Can 440ml,"€ 13,64 per litre"
Acid Valley,"€ 10,95",Spain,3.82,La Calavera,6.8%,Farmhouse Ale - Saison,Bottle 375ml,"€ 29,20 per litre"
Dorn Hell,"€ 2,00",Germany,3.44,Dorn-Bräu Inh. Karl Dorn,5%,Lager - Helles,500ml,"€ 4,00 per litre"
Herkenrode Abbey Cister,"€ 3,10",Belgium,3.41,Brouwerij Cornelissen,6.5%,Belgian Blonde,330ml,"€ 9,39 per litre"
Little Green Man,"€ 7,89",Croatia,4.14,Pulfer Brewery,5%,Sour - Fruited,500ml,"€ 15,78 per litre"
Indigo Cyclone,"€ 5,29",Croatia,3.85,Pulfer Brewery,6%,IPA - New England / Hazy,500ml,"€ 10,58 per litre"
Barbarian Fishing V19,"€ 3,85",Netherlands,3.92,De Kromme Haring,8%,IPA - Other,330ml,"€ 11,67 per litre"
Oude Kriek (season 17|18) Blend No. 82,"€ 19,95",Belgium,4.28,Brouwerij 3 Fonteinen,6.3%,Lambic - Kriek,Bottle 375ml,"€ 53,20 per litre"
Westmalle Dubbel,"€ 3,90",Belgium,3.69,Brouwerij der Trappisten van Westmalle,7%,Belgian Dubbel,330ml,"€ 11,82 per litre"
Tripel,"€ 3,19",Belgium,3.81,Brouwerij der Trappisten van Westmalle,9.5%,Belgian Tripel,330ml,"€ 9,67 per litre"
Rochefort 6,"€ 2,59",Belgium,3.71,Abbaye Notre-Dame de Saint-Rémy,7.5%,Belgian Dubbel,330ml,"€ 7,85 per litre"
Dorée (Gold),"€ 2,95",Belgium,3.55,Bières de Chimay,10%,Belgian Enkel / Patersbier,330ml,"€ 8,94 per litre"
SchuppenBoer Tripel,"€ 3,25",Belgium,3.53,Brouwerij Het Nest,8%,Belgian Tripel,330ml,"€ 9,85 per litre"
Oude Geuze Cuvée Armand & Gaston  – (season 20|21) Blend No. 92,"€ 19,95",Belgium,4.27,Brouwerij 3 Fonteinen,6.8%,Lambic - Gueuze,Bottle 750ml,"€ 26,60 per litre"
Energibajer,"€ 3,99",Denmark,3.28,Mikkeller,0.3%,Non-Alcoholic - Lager,330ml,"€ 12,09 per litre"
Energibajer Lemon,"€ 3,99",Denmark,3.17,Mikkeller,0.3%,Non-Alcoholic - Lager,330ml,"€ 12,09 per litre"
Facettes,"€ 42,33",Canada,4.28,Brasserie du Bas-Canada,11.9%,Stout - Imperial / Double,Bottle 750ml,"€ 56,44 per litre"
Terra Gallia,"€ 29,98",Canada,4.17,Brasserie du Bas-Canada,6%,Farmhouse Ale - Saison,Bottle 750ml,"€ 39,97 per litre"
Wywar IPA,"€ 2,86",Slovakia,3.58,Holíčsky pivovar Wywar,5.8%,IPA - American,330ml,"€ 8,67 per litre"
Goodmorning Mademoiselle!,"€ 15,91",Italy,3.90,Brasseria Della Fonte,8.4%,Stout - Coffee,500ml,"€ 31,82 per litre"
Wywar Cascade APA,"€ 5,12",Slovakia,3.44,Holíčsky pivovar Wywar,5.2%,Pale Ale - American,Bottle 750ml,"€ 6,83 per litre"
To Ol Mash Test Yummies,"€ 11,89",Denmark,4.19,To Øl,13.6%,Stout - Imperial / Double Pastry,Bottle 375ml,"€ 31,71 per litre"
Pohjala Sun City,"€ 5,57",Estonia,3.53,Põhjala,5%,Sour - Fruited Berliner Weisse,Can 440ml,"€ 12,66 per litre"
SPEEDWAY Sparta Wrocław Pale Ale,"€ 3,50",Poland,3.63,Browar Stu Mostów,5.1%,Pale Ale - American,Bottle 500ml,"€ 7,00 per litre"
Rothaus Tannenzäpfle Pils,"€ 2,09",Germany,3.47,Badische Staatsbrauerei Rothaus,5.1%,Pilsner - German,330ml,"€ 6,33 per litre"
Gaffel Kölsch,"€ 2,29",Germany,3.35,Privatbrauerei Gaffel Becker,4.8%,Kölsch,500ml,"€ 4,58 per litre"
ORANGE CREAM,"€ 10,00",United States,4.38,Smooj,5%,Hard Seltzer,355ml,"€ 28,17 per litre"
Apple Brandy Dark Apparition (2024),"€ 19,75",United States,4.32,Jackie O's Brewery,13.5%,Stout - Russian Imperial,Bottle 375ml,"€ 52,67 per litre"
Toblerale,"€ 14,95",Australia,4.32,Bacchus Brewing Co.,14%,Barleywine - Other,Bottle 375ml,"€ 39,87 per litre"
Bianca Miami Madness,"€ 17,50",Sweden,4.30,Omnipollo,6%,Sour - Smoothie / Pastry,Can 440ml,"€ 39,77 per litre"
PSEUDOSCIENCE,"€ 10,50",United States,4.23,BlackStack Brewing,8.4%,IPA - Imperial / Double New England / Hazy,473ml,"€ 22,20 per litre"
Ola Dubh 18 Year Special Reserve,"€ 7,49",Scotland,4.07,Harviestoun Brewery,10.5%,Porter - Imperial / Double,330ml,"€ 22,70 per litre"
Ola Dubh 16 Year Special Reserve,"€ 6,99",Scotland,4.04,Harviestoun Brewery,10.5%,Porter - Imperial / Double,330ml,"€ 21,18 per litre"
Ola Dubh 12 Year Special Reserve,"€ 6,49",Scotland,3.95,Harviestoun Brewery,10.5%,Porter - Imperial / Double,330ml,"€ 19,67 per litre"
Duvel,"€ 2,82",Belgium,3.72,Duvel Moortgat,8.5%,Belgian Strong Golden Ale,330ml,"€ 8,55 per litre"
Hempy Koa,"€ 4,00",Slovakia,3.12,Nilio Brewery,0.5%,Spiced / Herbed Beer,330ml,"€ 12,12 per litre"
Pseudo Church,"€ 9,95",Sweden,4.08,Omnipollo,8.1%,IPA - Imperial / Double New England / Hazy,Can 440ml,"€ 22,61 per litre"
Gelato: Mango Blueberry Shake,"€ 6,75",Poland,3.98,Funky Fluid,5.5%,Sour - Smoothie / Pastry,500ml,"€ 13,50 per litre"
Hazy Discovery Milton,"€ 6,50",Poland,3.94,Browar PINTA,6.5%,IPA - New England / Hazy,500ml,"€ 13,00 per litre"
Free Gelato: Blue Velvet,"€ 5,50",Poland,3.74,Funky Fluid,0.5%,Non-Alcoholic - Sour,500ml,"€ 11,00 per litre"
Ambreus: Oude Geuze 2023,"€ 14,50",Belgium,4.00,Stekerij Ambreus,6.9%,Lambic - Gueuze,Bottle 750ml,"€ 19,33 per litre"
Ambreus: Oude Geuze 2023,"€ 7,49",Belgium,4.00,Stekerij Ambreus,6.9%,Lambic - Gueuze,Bottle 375ml,"€ 19,97 per litre"
Kestemont: Oude Geuze 2023,"€ 13,00",Belgium,3.75,Brouwerij Kestemont,6%,Lambic - Gueuze,Bottle 750ml,"€ 17,33 per litre"
Kestemont: Bloedappelsien 2024,"€ 19,50",Belgium,3.75,Brouwerij Kestemont,6%,Lambic - Fruit,Bottle 750ml,"€ 26,00 per litre"
Kestemont: Bloedappelsien 2024,"€ 11,50",Belgium,3.75,Brouwerij Kestemont,6%,Lambic - Fruit,Bottle 375ml,"€ 30,67 per litre"
Kestemont: Blauwe Bes 2024,"€ 13,50",Belgium,3.73,Brouwerij Kestemont,5.5%,Lambic - Fruit,Bottle 375ml,"€ 36,00 per litre"
Kestemont: Blauwe Bes 2024,"€ 24,50",Belgium,3.73,Brouwerij Kestemont,5.5%,Lambic - Fruit,Bottle 750ml,"€ 32,67 per litre"
Kestemont: Rabarber 2024,"€ 12,00",Belgium,3.66,Brouwerij Kestemont,5.5%,Lambic - Other,Bottle 750ml,"€ 16,00 per litre"
Kestemont: Rabarber 2024,"€ 7,50",Belgium,3.66,Brouwerij Kestemont,5.5%,Lambic - Other,Bottle 375ml,"€ 20,00 per litre"
Kestemont: Bergamot 2024,"€ 13,50",Belgium,3.53,Brouwerij Kestemont,6%,Lambic - Fruit,Bottle 375ml,"€ 36,00 per litre"
Kestemont: Bergamot 2024,"€ 22,00",Belgium,3.53,Brouwerij Kestemont,6%,Lambic - Fruit,Bottle 750ml,"€ 29,33 per litre"
What Are Dreams Made Of?,"€ 10,25",England,4.17,Verdant Brewing Co,8.4%,IPA - Imperial / Double New England / Hazy,Can 440ml,"€ 23,30 per litre"
Brew 8000,"€ 36,99",United States,4.44,Fremont Brewing,13.4%,Barleywine - English,Can 440ml,"€ 23,30 per litre"
Firestone XXVII Anniversary Ale,"€ 16,49",United States,4.29,Firestone Walker Brewing Company,12.5%,Strong Ale - American,Can 440ml,"€ 23,30 per litre"
Sucaba 2023,"€ 16,49",United States,4.19,Firestone Walker Brewing Company,12.5%,Barleywine - Other,Can 440ml,"€ 23,30 per litre"
Cambios - Barrel Aged Cuvee 2024,"€ 8,99",United States,3.98,Fremont Brewing,10%,Stout - Imperial / Double Oatmeal,Can 440ml,"€ 23,30 per litre"
"Passion Fruit, Orange and Guava (POG) Gose","€ 5,69",United States,3.86,Fremont Brewing,4.5%,Sour - Fruited Gose,Can 440ml,"€ 23,30 per litre"
Head Full of Dynomite v.55,"€ 7,69",United States,?,Fremont Brewing,6.8%,IPA - New England / Hazy,,
Curse These Metal Hands,"€ 7,50",England,3.99,Sureshot Brewing,6%,IPA - New England / Hazy,Can 440ml,"€ 17,05 per litre"
Tim the Human Shark,"€ 8,50",England,4.11,Sureshot Brewing,8%,IPA - Imperial / Double,Can 440ml,"€ 19,32 per litre"
Goatsmoker 2024,"€ 8,00",Scotland,3.97,Holy Goat Brewing,8%,Stout - Imperial / Double,Can 440ml,"€ 18,18 per litre"
Hop Grenade: Vic Secret,"€ 3,95",Czech Republic,3.53,Axiom Brewery,6.2%,IPA - American,Can 500ml,"€ 7,90 per litre"
Dispatcher,"€ 2,92",Czech Republic,3.48,Axiom Brewery,4.5%,Pilsner - Czech / Bohemian,Can 500ml,"€ 5,84 per litre"
Pan IPAni Double 10th Anniversary,"€ 4,50",Poland,3.84,Trzech Kumpli,7%,IPA - Imperial / Double New England / Hazy,Can 500ml,"€ 9,00 per litre"
"Ein Hallertau, Bitte! 2024","€ 3,10",Poland,3.69,Browar PINTA,5.5%,Pilsner - German,Can 500ml,"€ 6,20 per litre"
Almond Cake By Rackhouse,"€ 18,75",Norway,4.38,LERVIG,12%,Stout - Imperial / Double Pastry,Bottle 375ml,"€ 50,00 per litre"
TROPICAL TRIP,"€ 10,00",United States,4.39,Smooj,5%,Hard Seltzer,355ml,"€ 28,17 per litre"
Miami Punch,"€ 12,25",United States,4.32,Spanish Marie Brewery,5%,Sour - Smoothie / Pastry,473ml,"€ 25,90 per litre"
Meesterstuk 2023 Oloroso Barrel Aged Imperial Stout,"€ 7,45",Netherlands,4.06,Jopen,10.5%,Stout - Imperial / Double,330ml,"€ 22,58 per litre"
Witte Kerst Dubbel Wit,"€ 7,45",Netherlands,3.58,Jopen,7.5%,Wheat Beer - Witbier / Blanche,Bottle 750ml,"€ 9,93 per litre"
Adriaan Witbier,"€ 6,95",Netherlands,3.45,Jopen,5%,Wheat Beer - Witbier / Blanche,Bottle 750ml,"€ 9,27 per litre"
4 Granenbok,"€ 6,95",Netherlands,3.39,Jopen,6.5%,Bock - Single / Traditional,Bottle 750ml,"€ 9,27 per litre"
Eden Pale Ale,"€ 5,69",Germany,3.53,Yankee & Kraut,5.5%,Pale Ale - American,Can 440ml,"€ 12,93 per litre"
Wywar Porch Punker,"€ 5,13",Slovakia,3.52,Holíčsky pivovar Wywar,4.8%,Pale Ale - American,Bottle 750ml,"€ 6,84 per litre"
Tama,"€ 4,85",Croatia,3.94,The Garden Brewery,8.1%,Stout - Imperial / Double Pastry,Can 440ml,"€ 11,02 per litre"
Bajlando,"€ 4,20",Poland,3.92,Ziemia Obiecana,6%,Sour - Fruited,Can 500ml,"€ 8,40 per litre"
East Coast IPA,"€ 3,60",Poland,3.72,ReCraft,7%,IPA - Other,Bottle 500ml,"€ 7,20 per litre"
Hollow Trees,"€ 12,99",Brazil,4.21,Croma,5%,Sour - Other,Bottle 375ml,"€ 34,64 per litre"
Art+68,"€ 6,50",Poland,3.93,Browar Stu Mostów,10.5%,Stout - Imperial / Double,330ml,"€ 19,70 per litre"
Jura,"€ 3,85",Netherlands,3.58,Zuyd Craft,8.5%,Belgian Tripel,330ml,"€ 11,67 per litre"
vandeStreek Turf 'n Surf,"€ 3,25",Netherlands,3.41,vandeStreek bier,8.5%,Belgian Tripel,330ml,"€ 9,85 per litre"
Bon Secours Prestige,"€ 2,85",Belgium,3.66,Brasserie Caulier,9%,Belgian Tripel,Bottle 330ml,"€ 8,64 per litre"
Wolf 8,"€ 2,60",Belgium,3.48,Brouwerij Wolf,8.5%,Belgian Strong Dark Ale,330ml,"€ 7,88 per litre"
Antigoon,"€ 2,45",Belgium,3.39,Brouwerij The Musketeers,6%,Pale Ale - Belgian,330ml,"€ 7,42 per litre"
De Moersleutel Extravagant Vanilla Variety Stout,"€ 8,50",Netherlands,4.26,Moersleutel Craft Brewery,12%,Stout - Russian Imperial,Can 440ml,"€ 19,32 per litre"
De Moersleutel Almond Ganache Bulldozer,"€ 7,00",Netherlands,4.03,Moersleutel Craft Brewery,11%,Stout - Imperial / Double Pastry,Can 440ml,"€ 15,91 per litre"
De Moersleutel 8 Year Anniversary Serie: Jupiter,"€ 6,95",Netherlands,3.84,Moersleutel Craft Brewery,9%,IPA - Imperial / Double New England / Hazy,Can 440ml,"€ 15,80 per litre"
It's A Blond,"€ 3,10",Netherlands,3.33,Brouwerij Kees,6%,Belgian Blonde,330ml,"€ 9,39 per litre"
Fruitful Haze,"€ 5,30",Netherlands,3.14,Brouwerij Kees,4.9%,IPA - Fruited,Can 440ml,"€ 12,05 per litre"
Wielka Szycha,"€ 2,60",Poland,3.28,ReCraft,5%,Pilsner - Czech / Bohemian,Bottle 500ml,"€ 5,20 per litre"
Solstice d'Hiver Bourbon,"€ 6,60",Canada,4.13,Brasserie Dieu du Ciel!,10.2%,Barleywine - American,Bottle 341ml,"€ 19,35 per litre"
L'Exorciste,"€ 20,90",Canada,4.11,Brasserie Dieu du Ciel!,5%,Wild Ale - American,Bottle 750ml,"€ 27,87 per litre"
Symbiose #31,"€ 11,50",Canada,4.00,Brasserie Dieu du Ciel!,6.5%,Sour - Other,500ml,"€ 23,00 per litre"
Wild Ultra,"€ 11,50",Canada,3.96,Brasserie Dieu du Ciel!,6.2%,Wild Ale - American,500ml,"€ 23,00 per litre"
Dernière Volonté Brett,"€ 4,60",Canada,3.85,Brasserie Dieu du Ciel!,7%,IPA - Brett,Bottle 341ml,"€ 13,49 per litre"
Hérétique Blonde,"€ 12,00",Canada,3.84,Brasserie Dieu du Ciel!,7%,Sour - Other,500ml,"€ 24,00 per litre"
Paquette à La Plage,"€ 12,00",Canada,3.81,Brasserie Dieu du Ciel!,6.4%,IPA - American,500ml,"€ 24,00 per litre"
Ultra Turbo,"€ 15,30",Canada,3.71,Brasserie Dieu du Ciel!,6.5%,Pale Ale - American,500ml,"€ 30,60 per litre"
Beak x Future Brewing Subs,"€ 9,90",England,4.12,Beak Brewery,8%,IPA - Imperial / Double New England / Hazy,Can 440ml,"€ 22,50 per litre"
Impressions V3.1,"€ 19,20",England,3.96,Terra Tempo Brewing,5.2%,IPA - Sour,Bottle 750ml,"€ 25,60 per litre"
Relatively Clean Rivers,"€ 19,20",England,3.91,Terra Tempo Brewing,5.2%,Farmhouse Ale - Saison,Bottle 750ml,"€ 25,60 per litre"
Impressions V3,"€ 19,20",England,3.76,Terra Tempo Brewing,5.2%,IPA - Sour,Bottle 750ml,"€ 25,60 per litre"
Hip Hop Alicious IPA,"€ 3,10",Belgium,3.38,De Keukenbrouwers,8%,IPA - Imperial / Double,Bottle 750ml,"€ 25,60 per litre"
Full Amarillo,"€ 5,79",Poland,3.85,Trzech Kumpli,5.4%,IPA - New England / Hazy,500ml,"€ 11,58 per litre"
Mistrzowskie Gose,"€ 4,79",Poland,3.49,Kultowy Browar Staropolski,4.6%,Sour - Fruited Gose,500ml,"€ 9,58 per litre"
La Trinité Triple,"€ 2,25",Belgium,3.46,Brasserie {C},8.8%,Belgian Tripel,500ml,"€ 9,58 per litre"
Frozen Memories IPA,"€ 8,00",England,3.91,Left Handed Giant Brewing,6.5%,IPA - New England / Hazy,Can 440ml,"€ 18,18 per litre"
Dream House IPA,"€ 7,60",England,3.85,Left Handed Giant Brewing,5.9%,Pale Ale - New England / Hazy,Can 440ml,"€ 17,27 per litre"
Roi De Coeur,"€ 2,25",Belgium,3.24,Brouwerij Het Nest,4.8%,Blonde / Golden Ale - Other,Can 440ml,"€ 17,27 per litre"
Stu Mostów- Plum Depths,"€ 6,50",Poland,4.04,Browar Stu Mostów,9%,Porter - Baltic,330ml,"€ 19,70 per litre"
50/50: Amarillo/Simcoe,"€ 7,30",Sweden,3.81,O/O Brewing,6.5%,IPA - American,Can 440ml,"€ 16,59 per litre"
Mink Session IPA,"€ 7,30",Denmark,3.53,Bad Seed Brewing,5%,IPA - Session,Can 440ml,"€ 16,59 per litre"
Primavera,"€ 2,75",Netherlands,3.46,Baxbier,6.9%,Pale Ale - Other,330ml,"€ 8,33 per litre"
Ff Lekker Met Je Bek In Het Zonnetje,"€ 1,99",Netherlands,3.43,Uiltje Brewing Company,3.6%,IPA - Session,330ml,"€ 6,03 per litre"
Springbock,"€ 2,75",Netherlands,3.31,Brouwerij TX,6.2%,Bock - Hell / Maibock / Lentebock,330ml,"€ 8,33 per litre"
Tess,"€ 2,50",Netherlands,3.30,Kaapse Brouwers,5%,Farmhouse Ale - Saison,330ml,"€ 7,58 per litre"
De la Senne Zinnebir,"€ 2,77",Belgium,3.40,Brasserie de la Senne,5.8%,Pale Ale - Belgian,Bottle 330ml,"€ 8,39 per litre"
Sonne Urtyp Hell,"€ 2,10",Germany,3.53,Hausbrauerei zur Sonne Bischberg,4.8%,Lager - Helles,500ml,"€ 4,20 per litre"
14-Heiligen Nothelfer Trunk,"€ 1,90",Germany,3.37,Alte Klosterbrauerei Vierzehnheiligen Brauerei Trunk,5.1%,Lager - Munich Dunkel,500ml,"€ 3,80 per litre"
Mönchshof - Naturtrüb's Alkoholfrei,"€ 1,90",Germany,2.92,Kulmbacher Brauerei,0.5%,Non-Alcoholic - Lager,500ml,"€ 3,80 per litre"
Vague Recollection (2022),"€ 14,70",United States,4.13,Jester King Brewery,5.3%,Farmhouse Ale - Other,Bottle 750ml,"€ 19,60 per litre"
Boxer's Revenge,"€ 10,00",United States,4.10,Jester King Brewery,10%,Wild Ale - American,473ml,"€ 21,14 per litre"
Das Wunderkind! (Batch #26),"€ 14,70",United States,3.98,Jester King Brewery,5%,Farmhouse Ale - Saison,Bottle 750ml,"€ 19,60 per litre"
El Cedro (Batch #14),"€ 14,70",United States,3.86,Jester King Brewery,6.8%,Farmhouse Ale - Saison,Bottle 750ml,"€ 19,60 per litre"
Super Ultramega Hyperforce,"€ 8,00",United States,3.84,Jester King Brewery,4.5%,Farmhouse Ale - Saison,Bottle 750ml,"€ 10,67 per litre"
Nani?!,"€ 8,00",United States,3.68,Jester King Brewery,4.8%,Lager - Japanese Rice,Bottle 750ml,"€ 10,67 per litre"
Staked Plains Pilsner,"€ 8,00",United States,3.65,Jester King Brewery,4.8%,Pilsner - Other,473ml,"€ 16,91 per litre"
Horizont Sour Series Unicorn Magic,"€ 4,68",Hungary,3.79,HORIZONT Brewing,4.5%,Sour - Smoothie / Pastry,Can 330ml,"€ 14,18 per litre"
Under The Same Sky,"€ 9,98",England,4.20,Verdant Brewing Co,5%,IPA - Imperial / Double New England / Hazy,Can 440ml,"€ 22,68 per litre"
Triple Tart Triangle,"€ 4,70",Netherlands,3.45,Dutch Bargain,6.2%,Sour - Fruited,330ml,"€ 14,24 per litre"
Beehive Tetherball,"€ 5,40",Netherlands,3.42,Uiltje Brewing Company,3.9%,IPA - Session,Can 440ml,"€ 12,27 per litre"
FLOR X Wildflower,"€ 4,60",England,3.74,Beak Brewery,4.8%,Pilsner - Other,Can 440ml,"€ 10,45 per litre"
Sako Stout Adelaar,"€ 8,95",United States,3.25,Hi-Wire Brewing,8.3%,Stout - Other,Bottle 750ml,"€ 11,93 per litre"
Free Gelato: Berries & Cream,"€ 4,25",Poland,3.68,Funky Fluid,0.5%,Non-Alcoholic - Sour,500ml,"€ 8,50 per litre"
Fuerst Wiacek Whirly Brain DDH DIPA (New Batch 24),"€ 7,49",Germany,3.94,FUERST WIACEK,8%,IPA - Imperial / Double,Can 440ml,"€ 17,02 per litre"
Wit Blanche,"€ 2,99",Belgium,3.55,Brouwerij Hoegaarden,4.9%,Wheat Beer - Witbier / Blanche,Bottle 250ml,"€ 11,96 per litre"
Witte Trappist,"€ 6,45",Netherlands,3.60,Bierbrouwerij De Koningshoeven,5.5%,Wheat Beer - Witbier / Blanche,Bottle 750ml,"€ 8,60 per litre"
Kerel Saison,"€ 2,95",Belgium,3.29,VBDCK Brewery,5.5%,Farmhouse Ale - Saison,330ml,"€ 8,94 per litre"
Cold Gold Lager,"€ 1,95",Ethiopia,3.09,Habesha Breweries,5%,Lager - Pale,330ml,"€ 5,91 per litre"
Vrijwit Alcoholvrij Witbier,"€ 2,95",Netherlands,3.08,Brouwerij 't IJ,0.5%,Non-Alcoholic - Wheat,330ml,"€ 8,94 per litre"
Witte Aap,"€ 2,99",Netherlands,3.29,Guilty Monkey Brewery,5%,Wheat Beer - Witbier / Blanche,330ml,"€ 9,06 per litre"
"Gelato Passion Fruit, Mango & Peach","€ 5,15",Poland,3.94,Funky Fluid,5.5%,Sour - Smoothie / Pastry,500ml,"€ 10,30 per litre"
Tilquin Oude Pêche Jaune,"€ 7,87",Belgium,4.13,Gueuzerie Tilquin,7%,Lambic - Fruit,Bottle 375ml,"€ 20,99 per litre"
Tilquin Oude Pêche Jaune,"€ 13,86",Belgium,4.13,Gueuzerie Tilquin,7%,Lambic - Fruit,Bottle 750ml,"€ 18,48 per litre"
Tilquin Oude Gueuze,"€ 9,64",Belgium,4.00,Gueuzerie Tilquin,7%,Lambic - Gueuze,Bottle 750ml,"€ 12,85 per litre"
Tilquin Rullquin,"€ 11,11",Belgium,3.84,Brasserie Artisanale de Rulles/ Gueuzerie Tilquin,7%,Sour - Other,Bottle 750ml,"€ 14,81 per litre"
Hazy IPA,"€ 3,04",Sweden,3.71,Poppels Bryggeri,6.5%,IPA - New England / Hazy,Can 330ml,"€ 9,21 per litre"
Hazelnut Marty,"€ 20,69",United States,4.31,Prairie Artisan Ales,14.8%,Stout - Imperial / Double Coffee,355ml,"€ 58,28 per litre"
Alchemy of Elements (2022),"€ 29,99",United States,4.28,Bottle Logic Brewing,14%,Stout - Imperial / Double,500ml,"€ 59,98 per litre"
Not Subtle,"€ 20,69",United States,4.23,Prairie Artisan Ales,14.4%,Stout - Imperial / Double,355ml,"€ 58,28 per litre"
Barbar Blond,"€ 5,10",Belgium,3.49,Brasserie Lefebvre,8%,Honey Beer,330ml,"€ 15,45 per litre"
And Union Sunday Dose,"€ 2,69",Germany,3.46,AND UNION,5.5%,Pale Ale - American,Can 330ml,"€ 8,15 per litre"
Blaugies / Hill Farmstead La Vermontoise,"€ 7,27",Belgium,3.80,Brasserie de Blaugies/ Hill Farmstead Brewery,6%,Farmhouse Ale - Saison,Bottle 750ml,"€ 9,69 per litre"
Cherry x Raspberry x Maple Smoothie Sour,"€ 6,50",Latvia,4.17,Ārpus Brewing Co.,3.5%,Sour - Smoothie / Pastry,Can 440ml,"€ 14,77 per litre"
TDH Riwaka x Kohia Motueka SubZero Hop Kief DIPA,"€ 6,00",Latvia,4.03,Ārpus Brewing Co.,8%,IPA - Imperial / Double New England / Hazy,Can 440ml,"€ 13,64 per litre"
TDH NZ Cascade x Rakau x Citra IPA,"€ 5,55",Latvia,3.88,Ārpus Brewing Co.,6.5%,IPA - New England / Hazy,Can 440ml,"€ 12,61 per litre"
DDH Peacharine x Riwaka x Nelson Pale Ale,"€ 5,25",Latvia,3.84,Ārpus Brewing Co.,5%,Pale Ale - New England / Hazy,Can 440ml,"€ 11,93 per litre"
Citra x Mosaic x Simcoe Cryo West Coast IPA,"€ 5,55",Latvia,3.70,Ārpus Brewing Co.,6.5%,IPA - American,Can 440ml,"€ 12,61 per litre"
King Queen Knave,"€ 6,00",England,3.88,Pressure Drop Brewing,5.2%,Pale Ale - New England / Hazy,Can 440ml,"€ 13,64 per litre"
Munchener Gold [can],"€ 4,40",Germany,3.52,Hacker-Pschorr,5.5%,Lager - Dortmunder / Export,Can 500ml,"€ 8,80 per litre"
Kellerbier [can],"€ 4,40",Germany,3.51,Hacker-Pschorr,5.5%,Kellerbier / Zwickelbier,Can 500ml,"€ 8,80 per litre"
Viwaldi,"€ 5,75",Germany,3.55,Lieber Waldi,3.8%,Mild - Dark,Can 440ml,"€ 13,07 per litre"
Extra Entropy,"€ 10,00",Romania,4.19,Blackout Brewing,11%,Stout - Imperial / Double,330ml,"€ 30,30 per litre"
TDH Citra x Mosaic x Simcoe x Vic Secret DIPA,"€ 6,00",Latvia,3.96,Ārpus Brewing Co.,8%,IPA - Imperial / Double New England / Hazy,Can 440ml,"€ 13,64 per litre"
Galea Antwerp Jamaican Rum Barrel Aged (2021),"€ 9,25",Belgium,4.21,Galea Craft Beers,14%,Stout - Russian Imperial,330ml,"€ 28,03 per litre"
Galea Antwerp Weller Bourbon Barrel Aged (2023),"€ 9,25",Belgium,4.20,Galea Craft Beers,14.5%,Stout - Imperial / Double,330ml,"€ 28,03 per litre"
Galea Antwerp Buffalo Trace Bourbon Barrel Aged (2021),"€ 9,25",Belgium,4.20,Galea Craft Beers,14%,Stout - Russian Imperial,330ml,"€ 28,03 per litre"
Galea Antwerp Blantons Bourbon Barrel Aged (2023),"€ 9,25",Belgium,4.20,Galea Craft Beers,14.5%,Stout - Imperial / Double,330ml,"€ 28,03 per litre"
Galea Antwerp Heaven Hill Bourbon Barrel Aged (2023),"€ 9,25",Belgium,4.18,Galea Craft Beers,14.5%,Stout - Imperial / Double,330ml,"€ 28,03 per litre"
Galea Antwerp Brandy Vanilla Barrel Aged (2021),"€ 9,25",Belgium,4.13,Galea Craft Beers,14%,Stout - Russian Imperial,330ml,"€ 28,03 per litre"
Galea Koko Barik,"€ 9,25",Belgium,4.10,Galea Craft Beers,14.5%,Stout - Imperial / Double,330ml,"€ 28,03 per litre"
Galea Abyss of Darkness Tomintoul Whisky BA,"€ 9,25",Belgium,4.08,Galea Craft Beers,12.5%,Stout - Imperial / Double Pastry,330ml,"€ 28,03 per litre"
Galea Little Black Dragon,"€ 9,25",Belgium,3.98,Galea Craft Beers,14.5%,Stout - Russian Imperial,330ml,"€ 28,03 per litre"
Galea Antwerp,"€ 4,75",Belgium,3.92,Galea Craft Beers,14%,Stout - Russian Imperial,330ml,"€ 14,39 per litre"
Celestine,"€ 6,49",Poland,4.01,Browar Stu Mostów,7.7%,IPA - Imperial / Double New England / Hazy,Can 440ml,"€ 14,75 per litre"
Funeralopolis RIS,"€ 7,95",Spain,4.15,Kraftank Barcelona/ Laugar Brewery,10%,Stout - Russian Imperial,330ml,"€ 24,09 per litre"
Zoltan – Linkwood BA Imp. Stout,"€ 7,10",Netherlands,4.03,Van Moll,11%,Stout - Imperial / Double,330ml,"€ 21,52 per litre"
45 DAYS IPL,"€ 5,40",Denmark,3.54,To Øl,5.5%,Lager - IPL (India Pale Lager),Can 440ml,"€ 12,27 per litre"
Terrassebajer,"€ 5,30",Denmark,3.14,To Øl,5%,Pale Ale - Other,330ml,"€ 16,06 per litre"
Extravagant Vanilla Variant Stout,"€ 9,65",Netherlands,4.26,Moersleutel Craft Brewery,12%,Stout - Russian Imperial,Can 440ml,"€ 21,93 per litre"
Almond Ganache Bulldozer  Pastry Stout,"€ 8,10",Netherlands,4.03,Moersleutel Craft Brewery,11%,Stout - Imperial / Double Pastry,Can 440ml,"€ 18,41 per litre"
Sense Pell – Catalan Barley Wine,"€ 7,50",Spain,3.95,Menno Olivier Brewing,10.9%,Barleywine - Other,330ml,"€ 22,73 per litre"
Fate Loves The Fearless Barley Wine,"€ 5,70",Netherlands,3.91,Brouwerij Kees,14.8%,Barleywine - American,Can 330ml,"€ 17,27 per litre"
Passion For Session IPA,"€ 5,10",Netherlands,3.47,Brouwerij Kees,4.5%,IPA - Session,Can 440ml,"€ 11,59 per litre"
La Trappe Epos 0.0,"€ 2,85",Netherlands,3.18,Bierbrouwerij De Koningshoeven,4.5%,Non-Alcoholic - Pale Ale,330ml,"€ 8,64 per litre"
Unchained Sin,"€ 3,50",Spain,3.29,La Pirata Brewing,0.5%,Non-Alcoholic - IPA,330ml,"€ 10,61 per litre"
Radio Crim NEIPA,"€ 9,10",Spain,3.93,Castelló Beer Factory,6.5%,IPA - New England / Hazy,Can 440ml,"€ 20,68 per litre"
Brewfist Vecchia Lodi 2023,"€ 8,95",Italy,3.93,BrewFist,11%,Barleywine - English,330ml,"€ 27,12 per litre"
Liuda,"€ 9,10",Spain,3.87,Castelló Beer Factory,8.4%,IPA - Imperial / Double New England / Hazy,Can 440ml,"€ 20,68 per litre"
Spaghetti Western Imp Stout,"€ 6,25",Italy,3.83,BrewFist/ Prairie Artisan Ales,8.7%,Stout - Imperial / Double Coffee,330ml,"€ 18,94 per litre"
Gola de Llop,"€ 9,10",Spain,3.82,Castelló Beer Factory,10.5%,Stout - Imperial / Double Milk,Can 440ml,"€ 20,68 per litre"
Brewfist SWXI Double Spaghetti Western,"€ 8,45",Italy,3.92,BrewFist,11.5%,Stout - Imperial / Double Coffee,330ml,"€ 25,61 per litre"
Barrel West-Fries Milkstout,"€ 2,95",Netherlands,3.30,De Bierbroeders,6.3%,Stout - Milk / Sweet,330ml,"€ 8,94 per litre"
Breugem Compliment,"€ 3,05",Netherlands,3.40,Breugem Bier,5.1%,Farmhouse Ale - Saison,330ml,"€ 9,24 per litre"
Galea Holy Roasty,"€ 4,15",Belgium,3.20,Galea Craft Beers,0.5%,Non-Alcoholic - Porter / Stout,330ml,"€ 12,58 per litre"
Barbier Tarwe Tripel,"€ 3,40",Netherlands,3.51,Barbier - Bier Met Stijl,7.6%,Belgian Tripel,330ml,"€ 10,30 per litre"
Zuidwester,"€ 8,99",Netherlands,3.49,Dutch Bargain,8.5%,Belgian Tripel,Bottle 750ml,"€ 11,99 per litre"
Beyond Galaxies,"€ 5,80",Netherlands,4.00,White Dog Brewery,7%,IPA - New England / Hazy,Can 440ml,"€ 13,18 per litre"
Borderline Supernova,"€ 7,70",Netherlands,4.00,White Dog Brewery,7.4%,IPA - New England / Hazy,Can 440ml,"€ 17,50 per litre"
Singel,"€ 3,30",Netherlands,3.00,Stadsbrouwerij Woerden,6.5%,IPA - Other,330ml,"€ 10,00 per litre"
Spontanbasil,"€ 22,40",Belgium,3.93,Brouwerij Lindemans/ Mikkeller,6%,Lambic - Other,Bottle 750ml,"€ 29,87 per litre"
Ginger Gueuze,"€ 22,40",Belgium,3.70,Brouwerij Lindemans,6%,Lambic - Gueuze,Bottle 750ml,"€ 29,87 per litre"
De La Senne Bruxellensis,"€ 5,00",Belgium,3.32,Brasserie de la Senne,6.5%,Brett Beer,330ml,"€ 15,15 per litre"
Vesna 2024,"€ 5,54",Czech Republic,3.91,Sibeeria,4.8%,Pale Ale - New England / Hazy,Can 500ml,"€ 11,08 per litre"
Wit,"€ 2,99",Netherlands,3.50,Uiltje Brewing Company,6%,Wheat Beer - Witbier / Blanche,330ml,"€ 9,06 per litre"
Witbier,"€ 2,79",Netherlands,3.50,Brouwerij Artemis,5.5%,Farmhouse Ale - Saison,330ml,"€ 8,45 per litre"
Drulse Dubbel,"€ 3,69",Netherlands,3.39,Brouwerij den Drul,6.8%,Belgian Dubbel,330ml,"€ 11,18 per litre"
Eilandkriebel,"€ 3,49",Netherlands,3.36,Tesselaar Familiebrouwerij Diks,6.4%,Blonde / Golden Ale - Other,330ml,"€ 10,58 per litre"
Heemraad,"€ 2,99",Netherlands,3.36,Bierbrouwerij De Magistraat,4.8%,Wheat Beer - Witbier / Blanche,330ml,"€ 10,58 per litre"
Weizen (Glutenvrij),"€ 2,79",Netherlands,3.16,Brouwerij Klein Duimpje,5.5%,Gluten-Free,330ml,"€ 8,45 per litre"
Little Green Man,"€ 7,49",Croatia,4.14,Pulfer Brewery,5%,Sour - Fruited,500ml,"€ 14,98 per litre"
Lindenhardter Landbier,"€ 2,10",Germany,3.48,Brauerei Kürzdörfer,5%,Lager - Munich Dunkel,500ml,"€ 4,20 per litre"
Under the Same Sky New England DIPA,"€ 10,60",England,4.20,Verdant Brewing Co,8.4%,IPA - Imperial / Double New England / Hazy,Can 440ml,"€ 24,09 per litre"
Ur-Bock Hell,"€ 1,99",Germany,3.11,Einbecker Brauhaus,6.5%,Bock - Hell / Maibock / Lentebock,330ml,"€ 6,03 per litre"
Mango Cvlt,"€ 25,00",Hungary,4.29,Mad Scientist,10.4%,Stout - Imperial / Double,500ml,"€ 50,00 per litre"
Magnolia (Sour Catharina),"€ 5,00",Ireland,3.71,Galway Bay Brewery,5.4%,Sour - Catharina,Can 440ml,"€ 11,36 per litre"
Three Sheets to the Wind,"€ 9,25",Norway,4.18,Nøgne Ø,11.5%,Barleywine - Other,330ml,"€ 28,03 per litre"
Barrel Aged Serie 45,"€ 7,95",Netherlands,4.03,Bronckhorster Brewing Company,13%,Stout - Russian Imperial,330ml,"€ 24,09 per litre"
Barrel Aged Serie 46,"€ 7,95",Netherlands,3.58,Bronckhorster Brewing Company,13%,Barleywine - Other,330ml,"€ 24,09 per litre"
Mangari,"€ 5,80",Netherlands,3.97,Brouwerij LOST,6.7%,IPA - New Zealand,500ml,"€ 11,60 per litre"
Project Barista: Stompin' Grounds,"€ 6,00",England,3.66,Siren Craft Brew,6.3%,Red Ale - Other,Can 440ml,"€ 13,64 per litre"
Project Barista: Dry Bones,"€ 6,00",England,3.63,Siren Craft Brew,6.6%,IPA - Brut,Can 440ml,"€ 13,64 per litre"
Omnipollo / The Eight State Brewing - Dream Factory Walnut Vanilla Coconut,"€ 14,62",Sweden,4.10,Omnipollo,10.5%,Stout - Imperial / Double Pastry,Can 330ml,"€ 44,30 per litre"
PSEUDOSCIENCE,"€ 8,69",United States,4.23,BlackStack Brewing,8.4%,IPA - Imperial / Double New England / Hazy,473ml,"€ 18,37 per litre"
Skelehawk (2024),"€ 8,99",United States,4.18,Parish Brewing Co.,8%,IPA - Imperial / Double New England / Hazy,473ml,"€ 18,37 per litre"
Octopus Blond,"€ 2,95",Netherlands,3.37,Stadshaven Brouwerij,6%,Blonde / Golden Ale - Other,330ml,"€ 8,94 per litre"
Wielki Śląsk Lager,"€ 3,50",Poland,3.40,WRCLW,4.2%,Lager - Helles,Bottle 500ml,"€ 7,00 per litre"
Deus Brut des Flandres,"€ 38,40",Belgium,3.88,Brouwerij Bosteels,11.5%,Bière de Champagne / Bière Brut,Bottle 750ml,"€ 51,20 per litre"
Mariage Parfait,"€ 8,00",Belgium,3.79,Brouwerij Boon,8%,Lambic - Gueuze,Bottle 375ml,"€ 21,33 per litre"
SoCal,"€ 4,60",England,3.65,Cloudwater Brew Co.,4.8%,Pale Ale - American,Can 440ml,"€ 10,45 per litre"
Hoop,"€ 4,20",England,3.61,Full Circle Brew Co,5.5%,Gluten-Free,Can 440ml,"€ 9,55 per litre"
Averbode,"€ 4,40",Belgium,3.57,Huisbrouwerij Averbode,7.5%,Belgian Strong Golden Ale,330ml,"€ 13,33 per litre"
De La Senne ZinneBir,"€ 4,30",Belgium,3.40,Brasserie de la Senne,5.8%,Pale Ale - Belgian,330ml,"€ 13,03 per litre"
Julius,"€ 13,95",United States,4.48,Tree House Brewing Company,6.8%,IPA - American,330ml,"€ 13,03 per litre"
Barbarian Fishing V19,"€ 3,99",Netherlands,3.92,De Kromme Haring,8%,IPA - Other,330ml,"€ 12,09 per litre"
Witbier,"€ 4,79",Croatia,3.32,The Garden Brewery,5.2%,Wheat Beer - Witbier / Blanche,Can 440ml,"€ 10,89 per litre"
Fuerst Wiacek Wind-Up Bird,"€ 6,49",Germany,3.88,FUERST WIACEK,6.8%,IPA - New England / Hazy,Can 440ml,"€ 14,75 per litre"
Pohjala Dreamy Eyes,"€ 6,50",Estonia,3.84,Põhjala,6.7%,IPA - New England / Hazy,Can 440ml,"€ 14,77 per litre"
White Knight,"€ 3,30",Slovakia,3.05,Nilio Brewery,0.5%,Non-Alcoholic - Other,330ml,"€ 10,00 per litre"
Pohjala Prenzlauer 0,"€ 3,20",Estonia,3.17,Põhjala,0.5%,Non-Alcoholic - Sour,330ml,"€ 9,70 per litre"
Frederiksdal Oude Kriek 7,"€ 10,00",Belgium,3.76,Brouwerij Boon,6.5%,Lambic - Kriek,Bottle 375ml,"€ 26,67 per litre"
Oude Geuze,"€ 18,50",Belgium,3.99,Brouwerij Boon/ Mikkeller,6.6%,Lambic - Gueuze,Bottle 750ml,"€ 24,67 per litre"
Beehive Tetherball,"€ 5,50",Netherlands,3.42,Uiltje Brewing Company,3.9%,IPA - Session,Can 440ml,"€ 12,50 per litre"
Poolside,"€ 3,90",Netherlands,3.84,Dutch Bargain,9.8%,IPA - Triple New England / Hazy,330ml,"€ 11,82 per litre"
Triple Tart Triangle,"€ 3,90",Netherlands,3.45,Dutch Bargain,6.2%,Sour - Fruited,330ml,"€ 11,82 per litre"
Passion Pale Ale,"€ 2,57",Sweden,3.54,Poppels Bryggeri,5.2%,Pale Ale - Fruited,330ml,"€ 7,79 per litre"
Trinitas Tripel,"€ 2,85",Netherlands,3.62,Jopen,9%,Belgian Tripel,330ml,"€ 8,64 per litre"
Hoppenbier Blond,"€ 2,75",Netherlands,3.45,Jopen,6.8%,Historical Beer - Other,330ml,"€ 8,33 per litre"
Hop & Stave,"€ 12,52",Italy,3.96,Siemàn,6.2%,Wild Ale - American,Bottle 750ml,"€ 16,69 per litre"
Life's A Mosaic IPA (New Batch),"€ 5,99",Germany,3.91,Liquid Story Brewing Co.,6.2%,IPA - American,Can 440ml,"€ 13,61 per litre"
Stone Double Bastard Ale,"€ 4,69",United States,3.89,Arrogant Consortia,10.5%,Strong Ale - American,355ml,"€ 13,21 per litre"
Shiny Horse Fruited Sour Ale,"€ 6,49",Germany,3.47,Liquid Story Brewing Co.,4.5%,Sour - Fruited,Can 440ml,"€ 14,75 per litre"
Köbi Dominator Plus Triple IPA BA Singold Whisky,"€ 12,99",Germany,3.23,köbi – Königsbrunner Biermanufaktur,8.5%,IPA - Triple,330ml,"€ 39,36 per litre"
Malz,"€ 2,29",Germany,3.23,Ratsherrn Brauerei,8.5%,Malt Beer,330ml,"€ 6,94 per litre"
Cherry It!,"€ 4,40",Poland,3.85,Browar Stu Mostów,5.2%,Sour - Fruited Gose,Bottle 500ml,"€ 8,80 per litre"
Interrobang,"€ 7,79",England,3.99,Pomona Island Brew Co.,6.2%,IPA - New England / Hazy,Can 440ml,"€ 17,70 per litre"
Clutch The Pearls,"€ 6,99",England,3.92,Pomona Island Brew Co.,5%,Pale Ale - New England / Hazy,Can 440ml,"€ 15,89 per litre"
Ibuki IX,"€ 7,79",England,3.90,Pomona Island Brew Co.,6.5%,IPA - Fruited,Can 440ml,"€ 17,70 per litre"
Phaedra,"€ 6,29",England,3.82,Pomona Island Brew Co.,5.3%,Pale Ale - New England / Hazy,Can 440ml,"€ 14,30 per litre"
Lyric Proof Vest,"€ 7,49",England,3.71,Pomona Island Brew Co.,6.8%,IPA - American,Can 440ml,"€ 17,02 per litre"
Factotum,"€ 5,99",England,3.69,Pomona Island Brew Co.,4%,Pale Ale - American,Can 440ml,"€ 13,61 per litre"
Purple Lines of Thought,"€ 13,65",Germany,4.24,Blech.Brut,11.4%,Stout - Imperial / Double,Can 440ml,"€ 31,02 per litre"
Balcones Edition 2024 Imperial Milkstout,"€ 7,10",Netherlands,3.92,Brouwerij de Molen,9.9%,Stout - Imperial / Double Milk,330ml,"€ 21,52 per litre"
Prunes,"€ 13,48",Spain,3.97,Cyclic Beer Farm,5.5%,Farmhouse Ale - Saison,Bottle 750ml,"€ 17,97 per litre"
Jamaica,"€ 9,58",Spain,3.78,Cyclic Beer Farm,5.5%,Sour - Fruited Berliner Weisse,Bottle 750ml,"€ 12,77 per litre"
Not Your Grandma's Rote Grütze,"€ 7,70",Germany,3.74,Sudden Death Brewing Co.,5%,Sour - Fruited,Can 440ml,"€ 17,50 per litre"
SLUSHY XL Electric Squirrel,"€ 11,70",United States,3.62,450 North Brewing Company,5.3%,Sour - Smoothie / Pastry,473ml,"€ 24,74 per litre"
Santa's Secret Moccachino Messiah Triple Shot,"€ 9,40",Denmark,3.60,To Øl,8.2%,Brown Ale - Imperial / Double,Can 440ml,"€ 21,36 per litre"
Freewheelin',"€ 7,00",Finland,3.95,Factory Brewing,7%,IPA - New England / Hazy,Can 440ml,"€ 15,91 per litre"
La Calavera / Cyclic Fast Won't Last,"€ 9,19",Spain,4.18,La Calavera,6%,Farmhouse Ale - Saison,Bottle 375ml,"€ 24,51 per litre"
Garrut De Sicus,"€ 13,48",Spain,4.02,Cyclic Beer Farm,6.5%,Grape Ale - Other,Bottle 750ml,"€ 17,97 per litre"
Cantina Errante / Cyclic Beer Farm Cyclista 2023,"€ 19,87",Italy,3.96,Cantina Errante,7.5%,Wild Ale - Other,Bottle 750ml,"€ 26,49 per litre"
Garnatxa De L'Oriol,"€ 13,48",Spain,3.95,Cyclic Beer Farm,6.5%,Grape Ale - Other,Bottle 750ml,"€ 17,97 per litre"
Jazzmina,"€ 10,97",Spain,3.91,Cyclic Beer Farm,5.5%,Sour - Fruited Berliner Weisse,Bottle 750ml,"€ 14,63 per litre"
Moscatell dels Bardissots,"€ 13,48",Spain,3.79,Cyclic Beer Farm,6%,Farmhouse Ale - Other,Bottle 750ml,"€ 17,97 per litre"
Cyclic Beer Farm / Popihn Lavandina,"€ 10,47",Spain,3.70,Cyclic Beer Farm,4%,Farmhouse Ale - Saison,Bottle 750ml,"€ 13,96 per litre"
Elder,"€ 10,47",Spain,3.69,Cyclic Beer Farm,4.5%,Farmhouse Ale - Saison,Bottle 750ml,"€ 13,96 per litre"
Butchers Banquet,"€ 7,00",Germany,3.96,FrauGruber Brewing,10.2%,IPA - Triple New England / Hazy,Can 440ml,"€ 15,91 per litre"
Gouverneur Tripel,"€ 2,00",Netherlands,3.47,Lindeboom,8.2%,Belgian Tripel,300ml,"€ 6,67 per litre"
Gouverneur Blond,"€ 6,95",Netherlands,3.45,Lindeboom,6.5%,Belgian Blonde,Bottle 750ml,"€ 9,27 per litre"
Pohjala Prenzlauer 0,"€ 2,60",Estonia,3.17,Põhjala,0.5%,Non-Alcoholic - Sour,330ml,"€ 7,88 per litre"
Maple Barrel Imperial Stout,"€ 58,40",United States,4.35,Central Waters Brewing Company,10.5%,Stout - Imperial / Double,Bottle 650ml,"€ 89,85 per litre"
Imperial P-Nut Buster Imperial Chocolate Stout,"€ 14,50",Canada,4.27,BreWskey,10%,Stout - Imperial / Double Oatmeal,473ml,"€ 30,66 per litre"
Shaman IPA,"€ 12,10",Canada,4.18,BreWskey,6.5%,IPA - New England / Hazy,473ml,"€ 25,58 per litre"
Annihilation DIPA,"€ 11,30",United States,4.15,Adroit Theory,7.5%,IPA - Imperial / Double New England / Hazy,473ml,"€ 23,89 per litre"
Cuatro Jinetes: Simcoe IPA,"€ 24,00",United States,4.10,Brujos Brewing,6.9%,IPA - American,473ml,"€ 50,74 per litre"
Maiden Of Pain V2 IPA,"€ 10,60",United States,3.84,Adroit Theory,7.5%,IPA - Rye,473ml,"€ 22,41 per litre"
Mudpuppy Porter,"€ 8,00",United States,3.68,Central Waters Brewing Company,5.6%,Porter - American,355ml,"€ 22,54 per litre"
Brugse Zot Bruin,"€ 4,50",Belgium,3.53,Brouwerij De Halve Maan,7.5%,Belgian Dubbel,330ml,"€ 13,64 per litre"
Timmermans Oude Gueuze,"€ 4,14",Belgium,3.79,Brewery John Martin & Brewery Timmermans,6.7%,Lambic - Gueuze,Bottle 375ml,"€ 11,04 per litre"
Timmermans Oude Lambiek,"€ 33,20",Belgium,3.67,Brewery John Martin & Brewery Timmermans,5.5%,Lambic - Traditional,5000ml,"€ 6,64 per litre"
Timmermans Lambicus Pêche Cardamome,"€ 1,96",Belgium,3.56,Brewery John Martin & Brewery Timmermans,4%,Lambic - Fruit,330ml,"€ 5,94 per litre"
Dream Job,"€ 4,50",Romania,3.95,Hop Hooligans,6%,IPA - New England / Hazy,Can 500ml,"€ 9,00 per litre"
Meditation,"€ 20,40",Czech Republic,3.96,Wild Creatures,7%,Lambic - Gueuze,Bottle 750ml,"€ 27,20 per litre"
Pater Lieven Blond,"€ 2,79",Belgium,3.37,Brouwerij Van Den Bossche,6.5%,Belgian Blonde,330ml,"€ 8,45 per litre"
Pater Lieven Wit,"€ 2,49",Belgium,3.33,Brouwerij Van Den Bossche,4.5%,Wheat Beer - Witbier / Blanche,330ml,"€ 7,55 per litre"
DDH The All Seeing Eye,"€ 7,99",United States,4.34,Long Live Beerworks,8.4%,IPA - Imperial / Double New England / Hazy,473ml,"€ 16,89 per litre"
Venloosch Wit,"€ 1,85",Netherlands,3.34,Lindeboom,5.2%,Wheat Beer - Witbier / Blanche,300ml,"€ 6,17 per litre"
Little Green Man,"€ 8,75",Croatia,4.14,Pulfer Brewery,5%,Sour - Fruited,500ml,"€ 17,50 per litre"
La Source,"€ 4,99",France,3.62,Hoppy Road,5.5%,Pale Ale - New England / Hazy,Can 440ml,"€ 11,34 per litre"
Hot Cocoa Medianoche Imperial Pastry Stout,"€ 57,00",United States,4.36,WeldWerks Brewing Co.,5.5%,Stout - Imperial / Double,500ml,"€ 114,00 per litre"
Hazelnut Marty Imperial Stout,"€ 28,90",United States,4.31,Prairie Artisan Ales,14.8%,Stout - Imperial / Double Coffee,355ml,"€ 81,41 per litre"
Tesseract Double IPA,"€ 11,20",United States,4.29,Grimm Artisanal Ales,8%,IPA - Imperial / Double,473ml,"€ 23,68 per litre"
Overcoil 18th Anniversary Imperial Stout,"€ 32,90",United States,4.26,Jackie O's Brewery,12.9%,Stout - Imperial / Double,Bottle 375ml,"€ 87,73 per litre"
Not Subtle Imperial Stout x American Solera & Pursuit Spirits,"€ 28,90",United States,4.23,Prairie Artisan Ales,14.4%,Stout - Imperial / Double,355ml,"€ 81,41 per litre"
Echolocation DIPA x Finback,"€ 11,30",United States,4.06,Equilibrium Brewery,8%,IPA - Imperial / Double New England / Hazy,473ml,"€ 23,89 per litre"
Cult of Echo Double IPA,"€ 11,20",United States,3.86,Grimm Artisanal Ales,8%,IPA - Imperial / Double,473ml,"€ 23,68 per litre"
Impossible Capture x Solaris IPA,"€ 12,80",United States,3.80,Electric Brewing Company,6.2%,IPA - American,473ml,"€ 27,06 per litre"
Félegyházi Meggyes,"€ 2,90",Hungary,3.31,Félegyházi Sörműhely,4%,Fruit Beer,330ml,"€ 8,79 per litre"
Gouverneur Weizen,"€ 1,80",Netherlands,3.50,Lindeboom,5.4%,Wheat Beer - Hefeweizen,300ml,"€ 6,00 per litre"
Mönchshof - Natur Radler,"€ 1,90",Germany,3.32,Kulmbacher Brauerei,2.5%,Shandy / Radler,500ml,"€ 3,80 per litre"
Oersted,"€ 9,75",Italy,4.15,Ritual Lab,13%,Porter - Imperial / Double,330ml,"€ 29,55 per litre"
Bio Helles,"€ 2,29",Germany,3.41,Finne Brauerei,4.9%,Lager - Helles,330ml,"€ 6,94 per litre"
Berliner Weisse,"€ 1,40",Germany,2.66,Berliner-Kindl-Schultheiss-Brauerei,3%,Sour - Berliner Weisse,330ml,"€ 4,24 per litre"
Triple Tart Triangle,"€ 4,50",Netherlands,3.45,Dutch Bargain,6%,Sour - Fruited,330ml,"€ 13,64 per litre"
Base Camp,"€ 3,20",England,3.61,Little Monster Brewing Co,4.8%,Lager - Pale,Can 440ml,"€ 7,27 per litre"
Hell Is Empty And All The Devils Are Here,"€ 5,90",Belgium,4.22,BramBrass,11%,Stout - Imperial / Double,Can 440ml,"€ 7,27 per litre"
I Love You But I've Chosen Darkness,"€ 5,90",Belgium,4.22,BramBrass,11%,Stout - Imperial / Double,Can 440ml,"€ 7,27 per litre"
Three Times Three Vol. 4,"€ 17,90",Sweden,4.18,Omnipollo,7%,Sour - Fruited,Can 440ml,"€ 40,68 per litre"
The End!,"€ 9,95",Sweden,4.14,Omnipollo,10.2%,IPA - Triple New England / Hazy,Can 440ml,"€ 40,68 per litre"
Just Wing It,"€ 6,90",United States,4.01,Icarus Brewing,6.6%,Stout - Milk / Sweet,Can 440ml,"€ 40,68 per litre"
Rochefort 6,"€ 3,50",Belgium,3.71,Abbaye Notre-Dame de Saint-Rémy,7.5%,Belgian Dubbel,330ml,"€ 10,61 per litre"
Grand Cru,"€ 3,25",Belgium,3.65,Brouwerij Rodenbach,6%,Sour - Flanders Red Ale,330ml,"€ 9,85 per litre"
Tripel,"€ 2,75",Belgium,3.61,Ter Dolen,8.1%,Belgian Tripel,330ml,"€ 8,33 per litre"
Uus Maailm,"€ 3,25",Estonia,3.55,Põhjala,4.7%,IPA - Session,330ml,"€ 9,85 per litre"
Nova,"€ 3,50",Netherlands,3.51,Zuyd Craft,7%,Belgian Blonde,330ml,"€ 10,61 per litre"
Goud,"€ 2,95",Belgium,3.48,Brouwerij Wilderen,6.2%,Belgian Blonde,330ml,"€ 8,94 per litre"
Noblesse,"€ 2,75",Belgium,3.40,Brouwerij De Dochter van de Korenaar,5.5%,Belgian Blonde,330ml,"€ 8,33 per litre"
0.0,"€ 1,95",Belgium,2.51,Brouwerij Palm,,Non-Alcoholic - Pale Ale,330ml,"€ 5,91 per litre"
Eem Follow The Sun,"€ 2,95",Netherlands,?,Brouwerij Eembier,4.9%,Red Ale - Other,330ml,"€ 8,94 per litre"
Strawberry Float,"€ 10,75",United States,4.32,Spanish Marie Brewery,5%,Sour - Fruited,473ml,"€ 22,73 per litre"
DDH Hopchest DIPA,"€ 6,99",Latvia,3.87,Ārpus Brewing Co.,7.5%,IPA - Imperial / Double New England / Hazy,Can 440ml,"€ 15,89 per litre"
DDH Hopheart IPA,"€ 6,79",Latvia,3.80,Ārpus Brewing Co.,6.2%,IPA - New England / Hazy,Can 440ml,"€ 15,43 per litre"
Dessert Station Apple Pie,"€ 7,79",United States,4.40,Corporate Ladder Brewing Company,6.5%,Gluten-Free,473ml,"€ 16,47 per litre"
BOMB!,"€ 13,65",United States,4.29,Prairie Artisan Ales,13%,Stout - Imperial / Double Coffee,355ml,"€ 38,45 per litre"
Third Moon x Messorem Grip the Nerves,"€ 9,70",Canada,4.17,Third Moon Brewing Company,8%,IPA - Imperial / Double New England / Hazy,473ml,"€ 20,51 per litre"
Arpus TDH NZ Cascade x Rakau x Citra IPA,"€ 7,39",Latvia,3.88,Ārpus Brewing Co.,6.5%,IPA - New England / Hazy,Can 440ml,"€ 16,80 per litre"
Pogie (Cambrian Series),"€ 3,99",Netherlands,3.48,De Kromme Haring,5.5%,Pale Ale - English,330ml,"€ 12,09 per litre"
Loki,"€ 2,90",Netherlands,3.58,Walhalla Brouwerij & Proeflokaal,5.5%,IPA - American,330ml,"€ 8,79 per litre"
Nisaba,"€ 3,45",Netherlands,3.53,Walhalla Brouwerij & Proeflokaal,6.5%,IPA - American,330ml,"€ 10,45 per litre"
WKS Śląsk Wrocław Lager,"€ 2,40",Poland,3.40,WRCLW,4.2%,Lager - Helles,Bottle 500ml,"€ 4,80 per litre"
Pils Tannenzäpfle,"€ 2,60",Germany,3.47,Badische Staatsbrauerei Rothaus,5.1%,Pilsner - German,330ml,"€ 7,88 per litre"
Grapevine,"€ 14,00",Belgium,4.08,Brouwerij De Ranke,6.5%,Lambic - Fruit,Bottle 750ml,"€ 18,67 per litre"
Abt 12,"€ 10,00",Belgium,4.00,Brouwerij St.Bernardus,10%,Belgian Quadrupel,Bottle 750ml,"€ 13,33 per litre"
Brut sur Lie,"€ 12,00",Belgium,3.56,Dame Jeanne,8.5%,Bière de Champagne / Bière Brut,Bottle 750ml,"€ 16,00 per litre"
Forel,"€ 4,00",Belgium,3.34,Stroom,5.4%,Wheat Beer - American Pale Wheat,330ml,"€ 12,12 per litre"
Shiny Horse – Fruited Sour mit Pfirsich und Sanddorn,"€ 6,25",Germany,3.47,Liquid Story Brewing Co.,4.5%,Sour - Fruited,Can 440ml,"€ 14,20 per litre"
To Ol Goliat,"€ 7,27",Denmark,4.05,To Øl,10.5%,Stout - Imperial / Double Coffee,Can 330ml,"€ 22,03 per litre"
Pohjala / Weihenstephan - Zeit,"€ 7,99",Estonia,3.91,Põhjala,12%,Wheat Beer - Wheat Wine,330ml,"€ 24,21 per litre"
Sol Invictus,"€ 11,61",Slovenia,3.79,Reservoir Dogs Brewery,13.5%,Belgian Quadrupel,330ml,"€ 35,18 per litre"
Triple Berry Pie,"€ 3,65",Sweden,3.78,Brewski,4%,Sour - Fruited Berliner Weisse,Can 330ml,"€ 11,06 per litre"
The Garden Brewery / Sanfrutos - FloridaWeisse Prickly Pear Strawberry & Coconut,"€ 3,90",Croatia,3.71,The Garden Brewery,6.7%,Sour - Fruited Berliner Weisse,Can 440ml,"€ 8,86 per litre"
Sea Buckthorn Sorbet,"€ 5,34",Czech Republic,3.62,Sibeeria,4.4%,Sour - Fruited Berliner Weisse,Can 500ml,"€ 10,68 per litre"
Horizont Rebel Berry,"€ 3,90",Hungary,3.57,HORIZONT Brewing,4.5%,Sour - Fruited,Can 330ml,"€ 11,82 per litre"
Pinta Atak Chmielu,"€ 3,26",Poland,3.55,Browar PINTA,6.1%,IPA - American,500ml,"€ 6,52 per litre"
Lipstick,"€ 4,35",Sweden,3.53,Brewski,4.7%,Sour - Fruited Berliner Weisse,Can 330ml,"€ 13,18 per litre"
The Last Bourbon,"€ 9,26",Slovenia,3.96,Reservoir Dogs Brewery,11%,Stout - Imperial / Double,330ml,"€ 28,06 per litre"
Lola,"€ 3,46",Austria,3.54,Brauhaus Bevog,3.5%,Sour - Fruited,Can 330ml,"€ 10,48 per litre"
Yummy Pineapple Papaya & Coconut,"€ 6,85",Czech Republic,4.13,Sibeeria,5.1%,Sour - Smoothie / Pastry,Can 500ml,"€ 13,70 per litre"
Grande Réserve Fermentée En Barriques 2023 Calvados Edition,"€ 32,14",Belgium,3.90,Bières de Chimay,10.5%,Belgian Strong Dark Ale,Bottle 750ml,"€ 42,85 per litre"
Mikkeller Baghaven Gift From Demeter Blend #3,"€ 12,38",Denmark,3.69,Baghaven Brewing and Blending,7.6%,Wild Ale - Other,Bottle 750ml,"€ 16,51 per litre"
Tenzing,"€ 2,73",Czech Republic,3.66,Axiom Brewery,7%,Porter - Other,Can 330ml,"€ 8,27 per litre"
Hop Charger,"€ 3,98",Czech Republic,3.66,Axiom Brewery,8%,IPA - Imperial / Double,Can 500ml,"€ 7,96 per litre"
Sour Station Black Currant,"€ 3,17",Czech Republic,3.62,Axiom Brewery,4.5%,Sour - Fruited Berliner Weisse,Can 330ml,"€ 9,61 per litre"
Sour Station Passionfruit,"€ 2,73",Czech Republic,3.50,Axiom Brewery,4.5%,Sour - Fruited Berliner Weisse,Can 330ml,"€ 8,27 per litre"
Gonza,"€ 3,24",Czech Republic,3.46,Axiom Brewery,5.5%,Pale Ale - Other,Can 500ml,"€ 6,48 per litre"
Kasteel Xtra,"€ 2,23",Belgium,3.28,Kasteel Brouwerij Vanhonsebrouck,4.5%,Belgian Blonde,330ml,"€ 6,76 per litre"
Hefeweissbier Dunkel,"€ 2,30",Germany,3.76,Bayerische Staatsbrauerei Weihenstephan,5.3%,Wheat Beer - Dunkelweizen,500ml,"€ 4,60 per litre"
Tripel,"€ 6,95",Netherlands,3.75,Bierbrouwerij De Koningshoeven,8%,Belgian Tripel,Bottle 750ml,"€ 9,27 per litre"
Andechser Weissbier Hell,"€ 2,85",Germany,3.71,Klosterbrauerei Andechs,5.5%,Wheat Beer - Hefeweizen,500ml,"€ 5,70 per litre"
Original Helles,"€ 2,20",Germany,3.61,Bayerische Staatsbrauerei Weihenstephan,5.1%,Lager - Helles,500ml,"€ 4,40 per litre"
Lagerbier,"€ 2,50",Germany,3.61,Brauerei Greifenklau,4.8%,Lager - Helles,500ml,"€ 5,00 per litre"
Barrel West-Fries Barleywine Amaretto Infused,"€ 4,25",Netherlands,3.59,De Bierbroeders,10%,Barleywine - English,330ml,"€ 12,88 per litre"
Helles Vollbier,"€ 3,10",Germany,3.58,Brauerei Greifenklau,4.7%,Lager - Helles,500ml,"€ 6,20 per litre"
Zunft Trunk Dunkel Kellerbier,"€ 2,85",Germany,3.53,Hausbrauerei zur Sonne Bischberg,5.3%,Kellerbier / Zwickelbier,500ml,"€ 5,70 per litre"
Schammelsdorfer Lagerbier ungespundet,"€ 2,90",Germany,3.51,Brauerei Knoblach Schammelsdorf,5.3%,Kellerbier / Zwickelbier,500ml,"€ 5,80 per litre"
Toffee Apple Cider,"€ 3,95",England,3.51,Brothers Drinks Co. Limited,4%,Cider - Other Fruit,500ml,"€ 7,90 per litre"
James Blond,"€ 3,75",Netherlands,3.40,Bronckhorster Brewing Company,6%,Belgian Blonde,330ml,"€ 11,36 per litre"
Kerel Organic Wit BIO,"€ 3,20",Belgium,3.30,VBDCK Brewery,6.6%,Wheat Beer - Witbier / Blanche,330ml,"€ 9,70 per litre"
Dulle Griet Dubbel,"€ 2,50",Belgium,3.29,Scheldebrouwerij,6.5%,Belgian Dubbel,330ml,"€ 7,58 per litre"
Strawberry Lime Cider,"€ 3,95",England,3.17,Brothers Drinks Co. Limited,4%,Cider - Other Fruit,500ml,"€ 7,90 per litre"
James Blond Alcoholvrij,"€ 3,25",Netherlands,?,Bronckhorster Brewing Company,0.3%,Non-Alcoholic - Other,330ml,"€ 9,85 per litre"
Purple Lines Of Thought BA Imperial Stout,"€ 13,99",Germany,4.24,Blech.Brut,11.4%,Stout - Imperial / Double,Can 440ml,"€ 31,80 per litre"
Peninsula Vista DDH Hazy IPA,"€ 6,99",Spain,3.94,Cervecera Península,6.8%,IPA - New England / Hazy,Can 440ml,"€ 15,89 per litre"
Peninsula/FrauGruber Entre Amigos DDH Hazy IPA,"€ 6,99",Spain,3.85,Cervecera Península,6%,IPA - New England / Hazy,Can 440ml,"€ 15,89 per litre"
Peninsula Golden Hour Hazy IPA,"€ 6,99",Spain,3.80,Cervecera Península,5.8%,IPA - New England / Hazy,Can 440ml,"€ 15,89 per litre"
Peninsula Suede New England IPA,"€ 6,99",Spain,3.76,Cervecera Península,5.2%,IPA - New England / Hazy,Can 440ml,"€ 15,89 per litre"
EM Dacklsche Wiess,"€ 5,49",Germany,3.70,Lieber Waldi,4.8%,Kölsch,Can 440ml,"€ 12,48 per litre"
Peninsula Plenty IPA,"€ 6,49",Spain,3.69,Cervecera Península,6.2%,IPA - American,Can 440ml,"€ 14,75 per litre"
Peninsula Bohemia Czech Style Lager,"€ 4,99",Spain,3.56,Cervecera Península,5%,Pilsner - Czech / Bohemian,Can 440ml,"€ 11,34 per litre"
Wit,"€ 4,99",Netherlands,3.50,Uiltje Brewing Company,6%,Wheat Beer - Witbier / Blanche,330ml,"€ 15,12 per litre"
Peninsula Hop On American Pale Ale,"€ 3,99",Spain,3.40,Cervecera Península,5.5%,Pale Ale - American,330ml,"€ 12,09 per litre"
Köbi Dominator Triple IPA,"€ 4,59",Germany,3.23,köbi – Königsbrunner Biermanufaktur,8.5%,IPA - Triple,330ml,"€ 13,91 per litre"
köbi BBA Bayerisch British Ale,"€ 3,89",Germany,3.18,köbi – Königsbrunner Biermanufaktur,5.7%,Brown Ale - English,330ml,"€ 11,79 per litre"
Nessun Dorma – Sour Ale,"€ 11,95",Italy,3.97,Ca' del Brado,6.4%,Farmhouse Ale - Brett,Bottle 375ml,"€ 31,87 per litre"
Rochefort Trappistes 10,"€ 3,71",Belgium,4.05,Abbaye Notre-Dame de Saint-Rémy,11.3%,Belgian Quadrupel,330ml,"€ 11,24 per litre"
Rochefort Trappistes 8,"€ 2,90",Belgium,3.85,Abbaye Notre-Dame de Saint-Rémy,9.2%,Belgian Strong Dark Ale,330ml,"€ 8,79 per litre"
Russian Imperial Stout,"€ 3,62",Sweden,3.76,Poppels Bryggeri,9.5%,Stout - Russian Imperial,330ml,"€ 10,97 per litre"
Wywar Red Rye Bastard,"€ 5,34",Slovakia,3.68,Holíčsky pivovar Wywar,6.2%,IPA - Rye,Bottle 750ml,"€ 7,12 per litre"
Chouffe Houblon IPA,"€ 9,23",Belgium,3.67,Brasserie d'Achouffe,9%,IPA - Belgian,Bottle 750ml,"€ 12,31 per litre"
Schederndorfer Landbier - 5 Liter Fass,"€ 17,00",Germany,3.68,Gasthofbrauerei Will,5.2%,Lager - Munich Dunkel,5000ml,"€ 3,40 per litre"
Luponic Distortion [Bottle],"€ 4,69",United States,3.96,Firestone Walker Brewing Company,5.9%,IPA - American,5000ml,"€ 3,40 per litre"
Double Hopnosis,"€ 7,99",United States,3.85,Firestone Walker Brewing Company,8.3%,IPA - Imperial / Double,5000ml,"€ 3,40 per litre"
Cali Squeeze Blood Orange,"€ 3,99",United States,3.83,Firestone Walker Brewing Company,5%,Wheat Beer - Fruited,5000ml,"€ 3,40 per litre"
Mind Haze Brain Melter,"€ 3,99",United States,3.81,Firestone Walker Brewing Company,8.5%,IPA - Imperial / Double New England / Hazy,355ml,"€ 11,24 per litre"
Union Jack,"€ 3,99",United States,3.80,Firestone Walker Brewing Company,7%,IPA - American,355ml,"€ 11,24 per litre"
Firestone California IPA,"€ 3,99",United States,3.80,Firestone Walker Brewing Company,6.5%,IPA - American,355ml,"€ 11,24 per litre"
Mind Haze Cosmic Crusher,"€ 4,29",United States,3.78,Firestone Walker Brewing Company,9.5%,IPA - Imperial / Double,355ml,"€ 12,08 per litre"
Mind Haze,"€ 3,99",United States,3.76,Firestone Walker Brewing Company,6.2%,IPA - New England / Hazy,355ml,"€ 11,24 per litre"
Hopnosis [Bottle],"€ 4,69",United States,3.75,Firestone Walker Brewing Company,6.7%,IPA - Cold,355ml,"€ 11,24 per litre"
Hopnosis [Can],"€ 3,99",United States,3.75,Firestone Walker Brewing Company,6.7%,IPA - Cold,355ml,"€ 11,24 per litre"
XPA,"€ 3,99",United States,3.75,Firestone Walker Brewing Company,5.3%,Pale Ale - XPA (Extra Pale),355ml,"€ 11,24 per litre"
Luponic Distortion [Can],"€ 3,99",United States,3.73,Firestone Walker Brewing Company,5.9%,IPA - American,355ml,"€ 11,24 per litre"
Cali Squeeze Tangerine Daze,"€ 3,99",United States,3.73,Firestone Walker Brewing Company,5%,Wheat Beer - Fruited,355ml,"€ 11,24 per litre"
Cali Squeeze Peach Pomegranate,"€ 3,99",United States,3.67,Firestone Walker Brewing Company,5%,Wheat Beer - Fruited,355ml,"€ 11,24 per litre"
DBA,"€ 4,49",United States,3.66,Firestone Walker Brewing Company,4.8%,Pale Ale - English,355ml,"€ 11,24 per litre"
Cali Squeeze Passion Fruit,"€ 3,99",United States,3.60,Firestone Walker Brewing Company,5%,Wheat Beer - Fruited,355ml,"€ 11,24 per litre"
Pivo Pils,"€ 3,99",United States,3.50,Firestone Walker Brewing Company,5.3%,Pilsner - Italian,355ml,"€ 11,24 per litre"
DDH Sabro Galaxy IPA,"€ 4,70",Scotland,3.46,BRULO,5.3%,Non-Alcoholic - IPA,330ml,"€ 14,24 per litre"
DDH Lust for Life IPA,"€ 4,70",Scotland,3.41,BRULO,5.3%,Non-Alcoholic - IPA,330ml,"€ 14,24 per litre"
Muifel Vatgerijpt #12 Nondeju Grand Cru Gotik Gin,"€ 6,95",Netherlands,4.01,Muifelbrouwerij,11.5%,Belgian Strong Golden Ale,330ml,"€ 21,06 per litre"
Muifel Unne Zieverzak,"€ 2,95",Netherlands,3.42,Muifelbrouwerij,8%,Belgian Tripel,330ml,"€ 8,94 per litre"
Ridgeback B.A. (2024),"€ 6,61",Netherlands,4.13,Brouwerij Frontaal,10%,Barleywine - American,330ml,"€ 20,03 per litre"
Kalefater 107 Tawny Port,"€ 8,49",Netherlands,3.98,Bierbrouwerij De Magistraat,11.5%,Stout - Imperial / Double,330ml,"€ 25,73 per litre"
Tsar Peter 2024/6 PX Tawny,"€ 8,49",Netherlands,3.93,Bierbrouwerij De Magistraat,8.8%,Belgian Tripel,330ml,"€ 25,73 per litre"
For The Love Of Hops Mauve,"€ 5,46",Netherlands,3.85,Brouwerij Frontaal,8%,IPA - Imperial / Double New England / Hazy,Can 440ml,"€ 12,41 per litre"
Hooglander / Muscle Brewing Tiki Tiki,"€ 4,50",Netherlands,3.53,Hooglander Bier,7%,IPA - Fruited,Can 440ml,"€ 10,23 per litre"
Love Boat,"€ 3,95",Netherlands,3.53,Brouwerij Homeland,5.2%,IPA - New England / Hazy,330ml,"€ 11,97 per litre"
Passion For Session,"€ 4,95",Netherlands,3.47,Brouwerij Kees,4.5%,IPA - Session,Can 440ml,"€ 11,25 per litre"
Fehér Nyúl / Muifel Dutch Romance,"€ 3,95",Hungary,3.44,Fehér Nyúl,6.1%,Sour - Fruited,330ml,"€ 11,97 per litre"
Walhalla / CoolHead Mana,"€ 4,95",Netherlands,3.43,Walhalla Brouwerij & Proeflokaal,7.5%,Sour - Fruited,330ml,"€ 15,00 per litre"
The Musketeers Walk On Fire,"€ 3,75",Belgium,3.35,Brouwerij The Musketeers,6.9%,Blonde / Golden Ale - Other,330ml,"€ 11,36 per litre"
Zusje Van De Dienstmeid,"€ 2,89",Netherlands,3.31,Bierbrouwerij De Magistraat,0.3%,Non-Alcoholic - Other,330ml,"€ 8,76 per litre"
Frambozen Gose,"€ 2,95",Netherlands,3.08,Bierbrouwerij De Magistraat,3.5%,Sour - Fruited Gose,330ml,"€ 8,94 per litre"
Blanche de Bruxelles,"€ 4,95",Belgium,3.54,Brasserie Lefebvre,4.5%,Wheat Beer - Witbier / Blanche,Bottle 750ml,"€ 6,60 per litre"
Lervig Lucky Jack Can,"€ 3,40",Norway,3.49,LERVIG,4.7%,Pale Ale - American,330ml,"€ 10,30 per litre"
Weekend,"€ 3,75",Portugal,3.79,Dois Corvos,6.5%,IPA - New England / Hazy,330ml,"€ 10,30 per litre"
Harris On Cocaine,"€ 6,99",Hungary,3.72,Mad Scientist,6.5%,IPA - American,Can 440ml,"€ 15,89 per litre"
Fortunatus Raspberry Wild Ale,"€ 5,40",Poland,3.83,Browar Fortuna,5%,Wild Ale - American,Bottle 330ml,"€ 16,36 per litre"
Fortunatus Peach Wild Ale,"€ 5,40",Poland,3.70,Browar Fortuna,5.6%,Wild Ale - American,Bottle 330ml,"€ 16,36 per litre"
Pale Ale - keg A,"€ 157,10",Poland,3.63,Browar Stu Mostów,5.1%,Pale Ale - American,30000ml,"€ 5,24 per litre"
Fortunatus Cherry Wild Ale,"€ 5,40",Poland,3.63,Browar Fortuna,4.6%,Wild Ale - American,Bottle 330ml,"€ 16,36 per litre"
Bourbon Paradise (2023),"€ 22,95",United States,4.40,Prairie Artisan Ales,13.7%,Stout - Imperial / Double,355ml,"€ 64,65 per litre"
Imperial P-Nut Buster – Amande,"€ 11,85",Canada,4.39,BreWskey,10%,Stout - Imperial / Double Pastry,473ml,"€ 25,05 per litre"
Marshmallow Small Joys,"€ 12,25",United States,4.37,Long Live Beerworks,13%,Stout - Imperial / Double Pastry,473ml,"€ 25,90 per litre"
DDH The All Seeing Eye,"€ 10,95",United States,4.34,Long Live Beerworks,8.4%,IPA - Imperial / Double New England / Hazy,473ml,"€ 23,15 per litre"
BLACC ~PLUMS~ Islay Edition,"€ 17,95",Australia,4.33,Bacchus Brewing Co.,15.1%,Stout - Imperial / Double Pastry,Bottle 375ml,"€ 47,87 per litre"
Miami Punch,"€ 12,25",United States,4.32,Spanish Marie Brewery,5%,Sour - Smoothie / Pastry,473ml,"€ 25,90 per litre"
Hazelnut Marty,"€ 21,95",United States,4.31,Prairie Artisan Ales,14.8%,Stout - Imperial / Double Coffee,355ml,"€ 61,83 per litre"
Islay Reserve (2023),"€ 19,85",Australia,4.28,Bacchus Brewing Co.,16.2%,Barleywine - Other,Bottle 375ml,"€ 52,93 per litre"
Mosaic DDH Juicy Bits,"€ 9,75",United States,4.27,WeldWerks Brewing Co.,6.7%,IPA - New England / Hazy,473ml,"€ 20,61 per litre"
Decorating Pieces Of Time,"€ 20,95",United States,4.27,Jackie O's Brewery,12%,Barleywine - Other,Bottle 375ml,"€ 55,87 per litre"
Ferrero SuperBeast,"€ 15,35",Australia,4.24,Bacchus Brewing Co.,14.3%,Red Ale - Imperial / Double,Bottle 375ml,"€ 40,93 per litre"
Pseudoscience,"€ 10,65",United States,4.23,BlackStack Brewing,8.4%,IPA - Imperial / Double New England / Hazy,473ml,"€ 22,52 per litre"
Not Subtle,"€ 21,95",United States,4.23,Prairie Artisan Ales,14.4%,Stout - Imperial / Double,355ml,"€ 61,83 per litre"
Double Vanilla Noir,"€ 21,95",United States,4.23,Prairie Artisan Ales,14%,Stout - Imperial / Double,355ml,"€ 61,83 per litre"
DDH It's A Unicorn Thing,"€ 10,15",United States,4.21,WeldWerks Brewing Co.,8.5%,IPA - Imperial / Double New England / Hazy,473ml,"€ 21,46 per litre"
Brewer's Reserve French Toast Stout,"€ 9,65",United States,4.15,Central Waters Brewing Company,11.7%,Stout - Imperial / Double,355ml,"€ 27,18 per litre"
Rizz,"€ 9,85",United States,4.13,Long Live Beerworks,8.5%,IPA - Imperial / Double New England / Hazy,473ml,"€ 20,82 per litre"
Holé Molé – Bourbon Oaked,"€ 15,75",Australia,4.11,Bacchus Brewing Co.,14%,Stout - Other,Bottle 375ml,"€ 42,00 per litre"
Greatings From Cypremont Point,"€ 8,85",United States,3.92,Parish Brewing Co.,5.6%,Sour - Fruited Berliner Weisse,473ml,"€ 18,71 per litre"
Kaartkijker,"€ 3,70",Netherlands,3.40,Seagull Brewing,7%,Scotch Ale / Wee Heavy,330ml,"€ 11,21 per litre"
Mega Trip,"€ 5,10",France,3.65,Les Intenables - Craft Beer -,7.5%,Belgian Tripel,Can 440ml,"€ 11,59 per litre"
Puhaste Berry Symphony,"€ 4,35",Estonia,3.80,Pühaste Brewery,6%,Sour - Fruited,330ml,"€ 13,18 per litre"
Prizm Brewing Co. Bali,"€ 3,99",United States,3.58,Bald Birds Brewing Company,7.3%,IPA - Other,330ml,"€ 13,18 per litre"
Seere 2019,"€ 23,12",Slovenia,4.12,Reservoir Dogs Brewery,6.5%,Wild Ale - Other,Bottle 750ml,"€ 30,83 per litre"
Foras 2020,"€ 20,86",Slovenia,4.10,Reservoir Dogs Brewery,7%,Grape Ale - Other,Bottle 750ml,"€ 27,81 per litre"
Spirit Of Islay,"€ 23,42",Slovenia,4.08,Reservoir Dogs Brewery,17%,Barleywine - English,500ml,"€ 46,84 per litre"
Azza 2019,"€ 23,15",Slovenia,4.05,Reservoir Dogs Brewery,7%,Wild Ale - Other,Bottle 750ml,"€ 30,87 per litre"
Pohjala Virvatuli,"€ 8,95",Estonia,4.03,Põhjala,13%,Historical Beer - Gruit / Ancient Herbed Ale,330ml,"€ 27,12 per litre"
Pohjala Enn Barrel,"€ 9,97",Estonia,3.91,Põhjala,12%,Stout - Imperial / Double Coffee,330ml,"€ 30,21 per litre"
Marbas 2020,"€ 20,86",Slovenia,3.90,Reservoir Dogs Brewery,7.5%,Sour - Other,Bottle 750ml,"€ 27,81 per litre"
Pohjala Plum Barleywine,"€ 9,97",Estonia,3.89,Põhjala,12%,Barleywine - American,330ml,"€ 30,21 per litre"
Baal 2019,"€ 25,51",Slovenia,3.86,Reservoir Dogs Brewery,8%,Grape Ale - Other,Bottle 750ml,"€ 34,01 per litre"
Pohjala Must Kuld Paper Mill,"€ 3,99",Estonia,3.79,Põhjala,7.8%,Porter - Coffee,Can 330ml,"€ 12,09 per litre"
Ring a Ding,"€ 4,56",Czech Republic,3.78,Axiom Brewery,6.6%,IPA - New England / Hazy,Can 500ml,"€ 9,12 per litre"
Oude Gueuze Cuvée René 2022,"€ 8,49",Belgium,3.74,Brouwerij Lindemans,6%,Lambic - Gueuze,Bottle 750ml,"€ 11,32 per litre"
Kräusen,"€ 2,25",Germany,3.52,"Schlenkerla (""Heller-Bräu"" Trum)",4.5%,Rauchbier,500ml,"€ 4,50 per litre"
Morever,"€ 8,60",United States,4.05,More Brewing Company,6.5%,IPA - New England / Hazy,473ml,"€ 18,18 per litre"
Gone Bowling,"€ 6,50",Germany,3.85,FrauGruber Brewing,8.2%,IPA - Imperial / Double New England / Hazy,Can 440ml,"€ 14,77 per litre"
Paradise Cove,"€ 6,25",Germany,3.83,FrauGruber Brewing,6.5%,IPA - New England / Hazy,Can 440ml,"€ 14,20 per litre"
Fluweel (Oogst 2023),"€ 17,40",Belgium,4.14,Het Boerenerf Eylenbosch,8%,Lambic - Other,Bottle 750ml,"€ 23,20 per litre"
Mirabelle (Oogst 2023),"€ 15,20",Belgium,4.09,Het Boerenerf Eylenbosch,8%,Lambic - Fruit,Bottle 750ml,"€ 20,27 per litre"
Let's Get Spanish,"€ 3,75",Netherlands,3.22,Jopen,5%,Wheat Beer - Hefeweizen,330ml,"€ 11,36 per litre"
Mikkeller Baghaven Rubus of Rose Vanilje 2021,"€ 12,26",Denmark,3.95,Baghaven Brewing and Blending,6.1%,Wild Ale - Other,Bottle 750ml,"€ 16,35 per litre"
The Garden Brewery / La Pirata - Imperial Chocolate Carob & Blackberry Stout,"€ 5,12",Croatia,3.82,The Garden Brewery,8.9%,Stout - Imperial / Double Pastry,Can 440ml,"€ 11,64 per litre"
The Garden Brewery / Nerdbrewing - Imperial Chocolate & Strawberry Liquer Stout,"€ 5,11",Croatia,3.78,The Garden Brewery,8.6%,Stout - Imperial / Double Pastry,Can 440ml,"€ 11,61 per litre"
Bevog / Närke - Múspellsheimr,"€ 8,74",Sweden,3.67,Närke Kulturbryggeri,9%,Mead - Braggot,330ml,"€ 26,48 per litre"
Wywar APA,"€ 2,60",Slovakia,3.44,Holíčsky pivovar Wywar,4.5%,Pale Ale - American,330ml,"€ 7,88 per litre"
Pohjala Heli,"€ 4,46",Estonia,3.30,Põhjala,8%,Sour - Fruited Gose,Can 330ml,"€ 13,52 per litre"
Wywar Lager,"€ 2,08",Slovakia,3.27,Holíčsky pivovar Wywar,4.7%,Lager - American,330ml,"€ 6,30 per litre"
Saison D'erpe-mere,"€ 3,60",Belgium,3.73,Brouwerij De Glazen Toren,6.5%,Farmhouse Ale - Saison,330ml,"€ 10,91 per litre"
Henry Westons Medium Dry Vintage Cider 2021,"€ 5,99",England,3.71,Westons Cider,6.5%,Cider - Dry,330ml,"€ 10,91 per litre"
Ondineke Oilsjtersen Tripel,"€ 3,45",Belgium,3.69,Brouwerij De Glazen Toren,8.5%,Belgian Tripel,330ml,"€ 10,45 per litre"
Mighty Mandrill,"€ 3,40",Netherlands,3.62,Baardaap Brewing,9%,Belgian Tripel,330ml,"€ 10,30 per litre"
Wolpha Blonde,"€ 3,25",Netherlands,3.62,Gebroeders Poppe,7.5%,Belgian Blonde,330ml,"€ 10,30 per litre"
Henry Westons Perry,"€ 4,50",England,3.41,Westons Cider,7.4%,Cider - Perry / Poiré,500ml,"€ 9,00 per litre"
Daniel,"€ 17,75",Canada,4.33,Blood Brothers Brewing,14%,Stout - Imperial / Double,473ml,"€ 37,53 per litre"
Stay Classy,"€ 10,85",Canada,4.19,Wood Brothers Brewing Co.,8%,IPA - Imperial / Double,473ml,"€ 22,94 per litre"
Our Private Idaho,"€ 10,85",Canada,4.13,Wood Brothers Brewing Co.,8.2%,IPA - Imperial / Double,473ml,"€ 22,94 per litre"
Impossible Capture,"€ 9,25",United States,3.80,Electric Brewing Company,6.2%,IPA - American,473ml,"€ 19,56 per litre"
Écorce,"€ 6,20",France,4.22,Sacrilège,8.4%,Sour - Flanders Oud Bruin,330ml,"€ 18,79 per litre"
Hokey Religion,"€ 10,90",England,4.21,Emperor's Brewery,12.6%,Stout - Imperial / Double Pastry,330ml,"€ 33,03 per litre"
Mindless Philosopher,"€ 10,90",England,4.17,Emperor's Brewery,12%,Porter - Imperial / Double,330ml,"€ 33,03 per litre"
Hoppy Pop,"€ 6,30",France,4.08,La Superbe,5.7%,Lager - IPL (India Pale Lager),Can 440ml,"€ 14,32 per litre"
Narita,"€ 4,50",France,3.82,Prizm Brewing Co.,6%,Sour - Fruited,330ml,"€ 13,64 per litre"
Pure Drinking Beer,"€ 6,80",France,3.77,Prizm Brewing Co.,5.7%,IPA - New England / Hazy,Can 440ml,"€ 15,45 per litre"
Hybrid IPA,"€ 5,50",Switzerland,3.73,BlackPig.Brew.Co,6.6%,IPA - Other,Can 440ml,"€ 12,50 per litre"
Blanche Thym Citron,"€ 4,10",France,3.69,Brasserie Iron,5%,Wheat Beer - Witbier / Blanche,330ml,"€ 12,42 per litre"
NEIPA Strata Simcoe,"€ 3,60",France,3.40,Prizm NOLO,5%,Non-Alcoholic - IPA,330ml,"€ 10,91 per litre"
Uzzewuzze Blomzoetje,"€ 2,75",Netherlands,3.34,Dorpsbrouwerij Uzzewuzze,5.9%,Blonde / Golden Ale - Other,330ml,"€ 8,33 per litre"
Uzzewuzze Bukker,"€ 2,95",Netherlands,3.33,Dorpsbrouwerij Uzzewuzze,4.8%,Kölsch,330ml,"€ 8,94 per litre"
Wilderness x RAD Beer Stick To The Plan,"€ 6,60",Wales,3.72,Wilderness Brewery,7%,IPA - Belgian,Can 440ml,"€ 15,00 per litre"
High Desert,"€ 6,05",Sweden,3.62,Omnipollo,6%,IPA - American,Can 440ml,"€ 15,00 per litre"
The Pansies Are In Bloom,"€ 6,80",England,3.55,The Queer Brewing Project,5%,Wheat Beer - Fruited,Can 440ml,"€ 15,45 per litre"
Fishnet,"€ 6,80",United States,?,A. Fisher Brewing Company,4.9%,Kölsch,Can 440ml,"€ 15,45 per litre"
Kayserops,"€ 3,10",Netherlands,3.37,De Kromme Haring,5.1%,Kellerbier / Zwickelbier,330ml,"€ 9,39 per litre"
Horizont Night Shift 2023 Russian Imperial Stout Aged in Tennessee Whiskey Barrels,"€ 9,72",Hungary,4.11,HORIZONT Brewing,13.66%,Stout - Russian Imperial,330ml,"€ 29,45 per litre"
Omnipollo x Side Project Billionaire's Church Chocolate,"€ 40,80",Sweden,4.34,Omnipollo,14.5%,Stout - Imperial / Double,Bottle 375ml,"€ 108,80 per litre"
Omnipollo x Horus Church Whip,"€ 28,50",Sweden,4.25,Omnipollo,12%,Stout - Imperial / Double Pastry,Bottle 375ml,"€ 76,00 per litre"
Citra Hop Selection 2024,"€ 12,00",Sweden,4.05,Omnipollo,7.5%,IPA - Imperial / Double,Can 440ml,"€ 27,27 per litre"
Omnipollo x Fidens Paradis Pineapple,"€ 15,30",Sweden,4.05,Omnipollo,10%,IPA - Triple New England / Hazy,Can 440ml,"€ 34,77 per litre"
Bianca Miami Madness,"€ 17,65",Sweden,4.30,Omnipollo,6%,Sour - Smoothie / Pastry,Can 440ml,"€ 40,11 per litre"
Lightning Struck Itself,"€ 7,14",England,4.08,Verdant Brewing Co,6.5%,IPA - New England / Hazy,Can 440ml,"€ 16,23 per litre"
Oude Kriek,"€ 9,50",Belgium,3.70,Brouwerij Eylenbosch,6.2%,Lambic - Kriek,Bottle 375ml,"€ 25,33 per litre"
Poperings Hommelbier Limited Edition 2024,"€ 7,95",Belgium,3.54,Leroy Breweries,7.5%,Belgian Blonde,Bottle 750ml,"€ 10,60 per litre"
Under The Same Sky DIPA,"€ 11,00",England,4.20,Verdant Brewing Co,8.4%,IPA - Imperial / Double New England / Hazy,Can 440ml,"€ 25,00 per litre"
Dubbel,"€ 4,20",Belgium,3.69,Brouwerij der Trappisten van Westmalle,7%,Belgian Dubbel,Bottle 330ml,"€ 12,73 per litre"
Northern Helles,"€ 6,60",Scotland,3.62,Donzoko Brewing Company,4.2%,Lager - Helles,Can 500ml,"€ 13,20 per litre"
Gampert Hell,"€ 1,90",United States,3.53,Storm Peak Brewing Company,4.9%,Pilsner - Other,500ml,"€ 3,80 per litre"
Weiherer Zwickerla Hell,"€ 1,90",Germany,3.49,Brauerei Kundmüller,4.9%,Kellerbier / Zwickelbier,500ml,"€ 3,80 per litre"
Weiherer Rolator Doppelbock,"€ 2,60",Germany,3.38,Brauerei Kundmüller,8.8%,Bock - Doppelbock,500ml,"€ 5,20 per litre"
Staffelberg Loffelder Dunkel Alkoholfrei,"€ 1,90",Germany,3.06,Staffelberg-Bräu,8.8%,Non-Alcoholic - Lager,500ml,"€ 3,80 per litre"
Under The Same Sky,"€ 10,99",England,4.20,Verdant Brewing Co,8.4%,IPA - Imperial / Double New England / Hazy,500ml,"€ 3,80 per litre"
Timing's End,"€ 7,14",England,4.14,Verdant Brewing Co,6.5%,IPA - New Zealand,Can 440ml,"€ 16,23 per litre"
Frau Gruber Gone Bowling,"€ 6,80",Germany,3.85,FrauGruber Brewing,8.2%,IPA - Imperial / Double New England / Hazy,Can 440ml,"€ 15,45 per litre"
Frau Gruber Paradise Cove,"€ 6,55",Germany,3.83,FrauGruber Brewing,6.5%,IPA - New England / Hazy,Can 440ml,"€ 14,89 per litre"
Einbecker Pils | Kizárólag Bolti Átvétellel,"€ 29,30",Czech Republic,3.57,Hubertus,5.8%,Lager - Dark,24-pack,"Total price: € 29,30"
Einbecker Ur Mai Bock | Kizárólag Bolti Átvétellel,"€ 31,80",Czech Republic,3.57,Hubertus,5.8%,Lager - Dark,24-pack,"Total price: € 31,80"
Jumpman Jumpman Jumpman,"€ 11,70",United States,4.10,Mikerphone Brewing,9.5%,IPA - Triple,473ml,"€ 24,74 per litre"
Woo Boost,"€ 11,60",United States,3.99,Mikerphone Brewing,5.3%,Sour - Fruited Berliner Weisse,473ml,"€ 24,52 per litre"
Nature's Candy,"€ 11,30",United States,3.96,Mikerphone Brewing,5.3%,Sour - Fruited Berliner Weisse,473ml,"€ 23,89 per litre"
Poperings Hommelbier Dry Hopped,"€ 3,20",Belgium,3.49,Leroy Breweries,7.5%,IPA - Belgian,330ml,"€ 9,70 per litre"
Disco Island,"€ 5,90",England,3.68,Turning Point Brew Co.,5.1%,Pale Ale - Fruited,Can 440ml,"€ 13,41 per litre"
Disco King,"€ 5,10",England,3.65,Turning Point Brew Co.,5.1%,Pale Ale - American,Can 440ml,"€ 11,59 per litre"
Disco Jester,"€ 5,90",England,3.64,Turning Point Brew Co.,5.1%,Pale Ale - English,Can 440ml,"€ 13,41 per litre"
Great White (Blik),"€ 2,19",Netherlands,3.37,Stadshaven Brouwerij,5.3%,Wheat Beer - Other,330ml,"€ 6,64 per litre"
Sailor's Lager,"€ 1,99",Netherlands,3.30,Stadshaven Brouwerij,4.9%,Lager - Other,330ml,"€ 6,03 per litre"
Redhead Ale,"€ 2,19",Netherlands,3.25,Stadshaven Brouwerij,5.8%,Red Ale - Other,330ml,"€ 6,64 per litre"
Achel Superior Blond,"€ 10,95",Belgium,3.78,Brouwerij der Sint-Benedictusabdij De Achelse Kluis,9.5%,Belgian Strong Golden Ale,Bottle 750ml,"€ 14,60 per litre"
Martha Brown Eyes,"€ 2,95",Belgium,3.66,The Brew Society,12%,Belgian Strong Dark Ale,330ml,"€ 8,94 per litre"
Timmermans Lambicus Pêche Cardamome,"€ 2,15",Belgium,3.56,Brewery John Martin & Brewery Timmermans,4%,Lambic - Fruit,Bottle 250ml,"€ 8,60 per litre"
XX Bitter,"€ 8,15",Belgium,3.47,Brouwerij De Ranke,6%,IPA - Belgian,Bottle 750ml,"€ 10,87 per litre"
St. Bernardus Extra 4,"€ 1,55",Belgium,3.43,Brouwerij St.Bernardus,4.8%,Belgian Enkel / Patersbier,330ml,"€ 4,70 per litre"
FF Lekker Met Je Bek In Het Zonnetje,"€ 2,65",Netherlands,3.43,Uiltje Brewing Company,3.6%,IPA - Session,Can 330ml,"€ 8,03 per litre"
Meager Portmanteau 2021,"€ 29,90",United States,4.36,Cellar West Artisan Ales/ Primitive Beer,5.7%,Lambic - Fruit,Bottle 750ml,"€ 39,87 per litre"
Pack | 6 Bières mystères,"€ 30,00",United States,4.19,BlackStack Brewing,8.3%,IPA - Imperial / Double New England / Hazy,Bottle 750ml,"€ 39,87 per litre"
Surette Cascade 2021,"€ 19,90",Switzerland,4.17,À tue-tête,6.7%,Sour - Other,Bottle 750ml,"€ 26,53 per litre"
Lyrical Galaxy Hallertau Blanc 2020,"€ 14,50",United States,4.14,Orpheus Brewing,6.6%,Farmhouse Ale - Saison,Bottle 375ml,"€ 38,67 per litre"
Cuvée de Mugnega 2021,"€ 11,90",Italy,4.02,Ca' del Brado,7.8%,Sour - Fruited,Bottle 375ml,"€ 31,73 per litre"
Euroblend 2020,"€ 12,30",Sweden,4.01,Brekeriet/ Ca' del Brado/ Freigeist Bierkultur,7%,Sour - Other,Bottle 375ml,"€ 32,80 per litre"
Viti Vini Vici #10,"€ 18,50",Canada,3.99,Brasserie Dunham,6.1%,Farmhouse Ale - Saison,Bottle 750ml,"€ 24,67 per litre"
Cerbero Green Label 2020,"€ 15,70",Italy,3.90,Ca' del Brado,9.8%,Old / Stock Ale,Bottle 375ml,"€ 41,87 per litre"
Three Sheets to The Wind  Marsala  Barley Wine,"€ 9,95",Norway,4.18,Nøgne Ø,11.5%,Barleywine - Other,330ml,"€ 30,15 per litre"
Teeny Weeny Appletini,"€ 3,35",Netherlands,2.90,Uiltje Brewing Company,5%,Cider - Graff,Can 330ml,"€ 10,15 per litre"
Non-Alcoholic Koene Ridder,"€ 2,95",Netherlands,3.54,Rock City Brewing,0.33%,Non-Alcoholic - Porter / Stout,330ml,"€ 8,94 per litre"
Roadie IPA,"€ 2,95",Netherlands,3.32,Rock City Brewing,4.5%,Belgian Blonde,330ml,"€ 8,94 per litre"
Tartarus Ladon 120 Minute IPA,"€ 10,80",England,4.04,Tartarus Beers,15.3%,IPA - Imperial / Double,Bottle 330ml,"€ 32,73 per litre"
Trouble Juice,"€ 22,80",Denmark,3.34,To Øl,4.7%,IPA - Session,6-pack,"Total price: € 22,80"
Trouble Juice,"€ 66,40",Denmark,3.34,To Øl,4.7%,IPA - Session,24-pack,"Total price: € 66,40"
Terrassebajer,"€ 33,40",Denmark,3.14,To Øl,5%,Pale Ale - Other,6-pack,"Total price: € 33,40"
Terrassebajer,"€ 120,00",Denmark,3.14,To Øl,5%,Pale Ale - Other,24-pack,"Total price: € 120,00"
Terrassebajer,"€ 66,40",Denmark,3.14,To Øl,5%,Pale Ale - Other,12-pack,"Total price: € 66,40"
Kompaan Paradise Weizen,"€ 3,30",Netherlands,3.49,KOMPAAN Dutch Craft Beer Company,6%,Wheat Beer - Hefeweizen,330ml,"€ 10,00 per litre"
Barrel Aged Bestowed Malevolent,"€ 23,00",Canada,4.30,Third Moon Brewing Company,13%,Stout - Imperial / Double Pastry,Bottle 375ml,"€ 61,33 per litre"
Now That's What I Call Sureshot! Vol.200,"€ 9,60",England,4.09,Sureshot Brewing,8%,IPA - Imperial / Double,Can 440ml,"€ 21,82 per litre"
Tartarus Lachesis,"€ 6,30",England,3.92,Tartarus Beers,8%,Belgian Tripel,Can 440ml,"€ 14,32 per litre"
Shines Bright,"€ 8,10",England,3.91,Track Brewing Company,7.2%,IPA - American,Can 440ml,"€ 18,41 per litre"
Call Me When You Like,"€ 6,90",England,3.86,Sureshot Brewing,6%,IPA - New England / Hazy,Can 440ml,"€ 15,68 per litre"
Tartarus Aglaea,"€ 4,80",England,3.64,Tartarus Beers,4.3%,Wheat Beer - Witbier / Blanche,Can 440ml,"€ 10,91 per litre"
Tartarus Alecto,"€ 10,80",England,3.62,Tartarus Beers,10.5%,Stout - Imperial / Double,Can 440ml,"€ 24,55 per litre"
Echolocation,"€ 9,99",United States,4.06,Equilibrium Brewery,8%,IPA - Imperial / Double New England / Hazy,473ml,"€ 21,12 per litre"
Colaweizen,"€ 2,28",Hungary,3.15,MONYO Brewing Co.,2.7%,Wheat Beer - Other,330ml,"€ 6,91 per litre"
Blonde Doree,"€ 2,14",Belgium,3.55,Bières de Chimay,4.8%,Belgian Enkel / Patersbier,330ml,"€ 6,91 per litre"
Grand Cru,"€ 2,50",France,3.62,Brasserie Goudale - Les Brasseurs de Gayant,7.9%,Farmhouse Ale - Bière de Garde,330ml,"€ 7,58 per litre"
Herr Oakmeister von Dunkelweizen,"€ 3,05",Netherlands,3.46,Uiltje Brewing Company,5.9%,Wheat Beer - Dunkelweizen,330ml,"€ 9,24 per litre"
Blonde,"€ 2,30",France,3.44,Brasserie Goudale - Les Brasseurs de Gayant,7.2%,Farmhouse Ale - Bière de Garde,330ml,"€ 6,97 per litre"
Teeny Weeny Appletini,"€ 3,30",Netherlands,2.90,Uiltje Brewing Company,5%,Cider - Graff,330ml,"€ 10,00 per litre"
Celestial Rogue Star,"€ 10,75",United States,4.11,Celestial Beerworks,8%,IPA - Imperial / Double New England / Hazy,473ml,"€ 22,73 per litre"
Cuatro Jinetes: Simcoe,"€ 19,95",United States,4.10,Brujos Brewing,6.9%,IPA - American,473ml,"€ 42,18 per litre"
Uitmuntend,"€ 3,30",Netherlands,3.14,Baardaap Brewing,6.5%,Pale Ale - American,473ml,"€ 42,18 per litre"
MANGARI,"€ 4,99",Netherlands,3.97,Brouwerij LOST,6.7%,IPA - New Zealand,500ml,"€ 9,98 per litre"
KOHARU,"€ 4,99",Netherlands,3.96,Brouwerij LOST,6.7%,IPA - New Zealand,500ml,"€ 9,98 per litre"
Hillbilly,"€ 4,59",Spain,3.89,Basqueland Brewing,6.2%,IPA - New England / Hazy,Can 440ml,"€ 10,43 per litre"
House of the Dragon: Black Council,"€ 4,49",Hungary,3.68,Mad Scientist,7%,Stout - Other,330ml,"€ 13,61 per litre"
Puur,"€ 2,29",Netherlands,3.33,Bierbrouwerij De Koningshoeven,4.5%,Pale Ale - Belgian,330ml,"€ 6,94 per litre"
Berliner,"€ 3,50",Belgium,3.55,Brasserie de la Mule,3.5%,Sour - Berliner Weisse,330ml,"€ 10,61 per litre"
Berliner Elderflower,"€ 3,50",Belgium,3.55,Brasserie de la Mule,3.5%,Sour - Berliner Weisse,330ml,"€ 10,61 per litre"
Illegaal IPA,"€ 4,40",Belgium,3.54,Brasserie ILLegaaL,5.8%,IPA - Belgian,330ml,"€ 13,33 per litre"
Folkol,"€ 3,50",Belgium,3.50,Brasserie de la Mule,2.8%,Lager - Pale,330ml,"€ 10,61 per litre"
6 Roses NA IPA,"€ 4,00",Belgium,3.25,Brasserie ILLegaaL,2.8%,Non-Alcoholic - IPA,330ml,"€ 12,12 per litre"
Sylvan Folly,"€ 6,45",Germany,4.00,Sudden Death Brewing Co.,7.7%,IPA - Imperial / Double New England / Hazy,Can 440ml,"€ 14,66 per litre"
Lummus,"€ 4,69",Estonia,3.97,Pühaste Brewery,11.5%,Stout - Imperial / Double Milk,330ml,"€ 14,21 per litre"
Quadrupel,"€ 3,29",Netherlands,3.91,Bierbrouwerij De Koningshoeven,10%,Belgian Quadrupel,330ml,"€ 14,21 per litre"
Motor Oil,"€ 5,19",Netherlands,3.79,Moersleutel Craft Brewery,12%,Stout - Russian Imperial,Can 440ml,"€ 11,80 per litre"
Zundert 10,"€ 3,49",Netherlands,3.74,Trappistenbrouwerij de Kievit B.V.,10%,Belgian Quadrupel,330ml,"€ 10,58 per litre"
Dubbel,"€ 2,79",Netherlands,3.63,Bierbrouwerij De Koningshoeven,7%,Belgian Dubbel,330ml,"€ 10,58 per litre"
Death Luxury,"€ 6,35",Germany,4.14,Sudden Death Brewing Co.,6.5%,IPA - New England / Hazy,Can 440ml,"€ 14,43 per litre"
Grave Encounters,"€ 6,35",Germany,4.08,Sudden Death Brewing Co.,6.2%,IPA - New England / Hazy,Can 440ml,"€ 14,43 per litre"
Goggle Sag,"€ 6,15",United States,4.24,Outer Range Brewing Co.,8%,IPA - Imperial / Double New England / Hazy,Can 440ml,"€ 13,98 per litre"
Moving Through the World of Other,"€ 6,20",England,4.10,Verdant Brewing Co,6.5%,IPA - New England / Hazy,Can 440ml,"€ 14,09 per litre"
Hell For Pleather,"€ 6,20",England,4.06,Verdant Brewing Co,6.5%,IPA - New England / Hazy,Can 440ml,"€ 14,09 per litre"
Atomic Torpedo,"€ 4,55",United States,3.87,Sierra Nevada Brewing Co.,9.2%,IPA - Imperial / Double,568ml,"€ 8,01 per litre"
Morgoth,"€ 11,70",Scotland,4.04,Otherworld Brewing,12.2%,Stout - Imperial / Double,Can 440ml,"€ 26,59 per litre"
Moersleutel Earth,"€ 9,00",Netherlands,3.71,Moersleutel Craft Brewery,8%,Stout - Other,Can 440ml,"€ 20,45 per litre"
Serpiente,"€ 5,10",England,3.49,Mash Gang,0.5%,Non-Alcoholic - IPA,Can 440ml,"€ 11,59 per litre"
Gelato: Mango Blueberry Shake,"€ 6,50",Poland,3.98,Funky Fluid,5.5%,Sour - Smoothie / Pastry,500ml,"€ 13,00 per litre"
FEAT. Pinta Hello Hazy,"€ 6,75",Poland,3.93,Funky Fluid,8%,IPA - Imperial / Double New England / Hazy,500ml,"€ 13,50 per litre"
Quince Naturel Cider,"€ 3,15",Estonia,3.68,Jaanihanso,5.5%,Cider - Other Fruit,330ml,"€ 9,55 per litre"
Off the Rack Paragon American Whiskey 2022,"€ 29,95",Norway,4.37,LERVIG,14.6%,Barleywine - Other,Bottle 750ml,"€ 39,93 per litre"
Scoria,"€ 13,50",Canada,?,Revel Cider Company,6.4%,Cider - Other Fruit,Bottle 750ml,"€ 18,00 per litre"
Blonde Snol,"€ 3,15",Netherlands,3.58,Dorpsbrouwerij de Pimpelmeesch,8.5%,Belgian Tripel,Bottle 750ml,"€ 18,00 per litre"
Indulge Me 2023,"€ 26,70",United States,4.23,Prairie Artisan Ales,14.9%,Stout - Imperial / Double Pastry,Bottle 355ml,"€ 75,21 per litre"
Cassian Sunset 2022 Brewer's Reserve,"€ 11,10",United States,4.17,Central Waters Brewing Company,12%,Stout - Imperial / Double Coffee,Bottle 355ml,"€ 31,27 per litre"
Jericho VT (Chapter 14),"€ 11,40",Canada,4.12,Brasserie Sir John Brewing Co.,6.6%,IPA - American,Can 473ml,"€ 24,10 per litre"
Salsa Verde,"€ 24,10",Switzerland,3.85,À tue-tête,6.5%,Sour - Fruited,Bottle 750ml,"€ 32,13 per litre"
Kwas XY,"€ 3,70",Poland,3.80,Browar PINTA,4.7%,Sour - Catharina,Bottle 500ml,"€ 7,40 per litre"
Nie Ma Spalonego,"€ 6,29",Poland,3.87,Browar Artezan,6%,IPA - New England / Hazy,500ml,"€ 12,58 per litre"
Uśmiech Bombelka 6,"€ 6,29",Poland,3.85,Browar Artezan,6%,Sour - Fruited,500ml,"€ 12,58 per litre"
Fun Day,"€ 5,99",Poland,3.80,Browar Artezan,7%,IPA - American,500ml,"€ 11,98 per litre"
Change My Mind,"€ 6,29",Poland,3.67,Browar Artezan,6.5%,IPA - Fruited,500ml,"€ 12,58 per litre"
Under The Same Sky,"€ 9,89",England,4.20,Verdant Brewing Co,8.4%,IPA - Imperial / Double New England / Hazy,Can 440ml,"€ 22,48 per litre"
Lightning Struck Itself,"€ 7,20",England,4.08,Verdant Brewing Co,6.5%,IPA - New England / Hazy,Can 440ml,"€ 16,36 per litre"
Czider Félédes,"€ 3,60",Hungary,3.37,Magyar Czider Kft.,7%,Cider - Sweet,330ml,"€ 10,91 per litre"
Czider Special Edition,"€ 3,60",Hungary,2.66,Magyar Czider Kft.,7%,Cider - Dry,330ml,"€ 10,91 per litre"
Lervig Rackhouse Off The Rack Kentucky Bourbon 2022,"€ 20,95",Norway,4.48,LERVIG,14.2%,Stout - Imperial / Double,Bottle 375ml,"€ 55,87 per litre"
Lervig / Alesmith Kveik Culture: Alesmith,"€ 5,71",Norway,3.70,LERVIG,6.5%,IPA - American,330ml,"€ 17,30 per litre"
Lervig No Worries Fyr Opp!,"€ 2,17",Norway,3.17,LERVIG,0.5%,Non-Alcoholic - IPA,330ml,"€ 6,58 per litre"
Lervig No Worries Radler,"€ 2,17",Norway,2.82,LERVIG,0.5%,Non-Alcoholic - Shandy / Radler,330ml,"€ 6,58 per litre"
Lübi Premium,"€ 5,79",Germany,3.80,Sudden Death Brewing Co.,5.5%,Pale Ale - XPA (Extra Pale),Can 440ml,"€ 13,16 per litre"
Viwaldi,"€ 5,49",Germany,3.55,Lieber Waldi,3.8%,Mild - Dark,Can 440ml,"€ 12,48 per litre"
Lieber Waldi Wet Dog Food,"€ 5,49",Germany,3.52,Bach’s Braumanufaktur,6.3%,IPA - American,Can 440ml,"€ 12,48 per litre"
Northern Monk / Uchu - Patrons Project: 34.05 Wheel Of Fortune,"€ 7,70",England,3.47,Northern Monk,6%,IPA - Fruited,Can 440ml,"€ 17,50 per litre"
Black Treats Rye Whisky BA,"€ 6,75",Belgium,3.88,Galea Craft Beers,11.5%,Stout - Imperial / Double Pastry,330ml,"€ 20,45 per litre"
Elmeleven x Pastore For All Alienkind PULP,"€ 10,10",Sweden,4.16,Elmeleven,5%,Sour - Smoothie / Pastry,Can 440ml,"€ 22,95 per litre"
Elmeleven A World That Works,"€ 9,30",Sweden,4.12,Elmeleven,5.5%,Sour - Smoothie / Pastry,Can 440ml,"€ 21,14 per litre"
One Horse Race,"€ 10,80",England,4.03,Baron Brewing,8.4%,IPA - Red,Can 500ml,"€ 21,60 per litre"
Arpus TDH Citra Mosaic Simcoe & Vic Secret DIPA,"€ 8,40",Latvia,3.96,Ārpus Brewing Co.,8%,IPA - Imperial / Double New England / Hazy,Can 440ml,"€ 19,09 per litre"
Slow Veer,"€ 6,60",Wales,3.90,Polly's Brew Co.,5.7%,IPA - New England / Hazy,Can 440ml,"€ 15,00 per litre"
Lowkey Lately,"€ 6,30",Wales,3.86,Polly's Brew Co.,5.3%,Pale Ale - New England / Hazy,Can 440ml,"€ 14,32 per litre"
Deya Shadows of Conversation (Mosaic & Idaho 7),"€ 5,40",England,3.60,DEYA Brewing Company,2.8%,Table Beer,Can 500ml,"€ 10,80 per litre"
Hot & Humid,"€ 6,00",Wales,3.46,Polly's Brew Co.,4.5%,Sour - Fruited,Can 440ml,"€ 13,64 per litre"
Very Cheeky Sour,"€ 11,99",Scotland,3.93,Vault City Brewing,8.2%,Sour - Fruited,Can 440ml,"€ 27,25 per litre"
Iron Brew Modern Sour,"€ 6,19",Scotland,3.82,Vault City Brewing,5.5%,Sour - Other,Can 440ml,"€ 14,07 per litre"
Raspberry Sour,"€ 7,99",Scotland,3.82,Vault City Brewing,5%,Sour - Fruited,Can 440ml,"€ 18,16 per litre"
Capri Crush Sour,"€ 6,19",Scotland,3.82,Vault City Brewing,4.3%,Sour - Fruited,Can 440ml,"€ 14,07 per litre"
Smash Mouth IPA,"€ 9,49",Norway,3.60,Amundsen Brewery,6.5%,IPA - New England / Hazy,Can 440ml,"€ 21,57 per litre"
Kennedy,"€ 4,49",Germany,3.55,Schneeeule,3%,Sour - Berliner Weisse,330ml,"€ 13,61 per litre"
Funky Falcon,"€ 2,95",Netherlands,3.50,Two Chefs Brewing,5.2%,Pale Ale - American,330ml,"€ 8,94 per litre"
Otho Blanc 2019 – Grape Ale,"€ 9,95",Germany,3.76,Flügge,9.1%,Grape Ale - Other,330ml,"€ 30,15 per litre"
American IPA - keg A,"€ 157,10",Poland,3.62,Browar Stu Mostów,6.8%,IPA - American,30000ml,"€ 5,24 per litre"
Strawberry Berliner Weisse - keg A,"€ 157,10",Germany,3.61,BRLO/ Browar Stu Mostów,3.4%,Sour - Fruited Berliner Weisse,30000ml,"€ 5,24 per litre"
Grande Réserve 2024 (Blue),"€ 6,95",Belgium,4.00,Bières de Chimay,9%,Belgian Strong Dark Ale,Bottle 750ml,"€ 9,27 per litre"
Cookie Policy,"€ 19,50",Denmark,4.01,To Øl,12.8%,Stout - Imperial / Double Pastry,Bottle 750ml,"€ 26,00 per litre"
Oude Geuze Devillé à l&apos;ancienne,"€ 4,40",Belgium,3.97,Den Herberg,6.7%,Lambic - Gueuze,Bottle 375ml,"€ 11,73 per litre"
Oude Geus Genereus,"€ 6,20",Belgium,4.07,Den Herberg,6.7%,Lambic - Gueuze,Bottle 375ml,"€ 16,53 per litre"
Oude Geuze Devillé à l&apos;ancienne (75cl),"€ 8,60",Belgium,3.97,Den Herberg,6.8%,Lambic - Gueuze,Bottle 750ml,"€ 11,47 per litre"
Oude Geuze Thevenet à l&apos;ancienne,"€ 5,00",Belgium,3.96,Den Herberg,6.7%,Lambic - Gueuze,Bottle 375ml,"€ 13,33 per litre"
Cuvée Devillé,"€ 2,20",Belgium,3.59,Hallelujah Brewery,7%,IPA - White / Wheat,330ml,"€ 6,67 per litre"
Herberg Tripel,"€ 2,10",Belgium,3.59,Hallelujah Brewery,7%,IPA - White / Wheat,330ml,"€ 6,36 per litre"
Sour Fruit Ale Strawberry,"€ 1,29",Sweden,3.56,Poppels Bryggeri,4.5%,Sour - Fruited,Can 330ml,"€ 3,91 per litre"
Stereo – DDH IPA,"€ 6,25",Germany,4.02,FUERST WIACEK,6.8%,IPA - New England / Hazy,Can 440ml,"€ 14,20 per litre"
Kaleidoscope,"€ 12,00",United States,4.14,Celestial Beerworks,8.5%,IPA - Imperial / Double New England / Hazy,Can 473ml,"€ 25,37 per litre"
Hazy Cosmic Jive,"€ 12,00",United States,4.12,Celestial Beerworks,8%,IPA - Imperial / Double New England / Hazy,Can 473ml,"€ 25,37 per litre"
Stellar Remnants,"€ 11,00",United States,4.10,Celestial Beerworks,7%,IPA - New England / Hazy,Can 473ml,"€ 23,26 per litre"
Electromagnetism,"€ 11,00",United States,4.05,Celestial Beerworks,7%,IPA - New England / Hazy,Can 473ml,"€ 23,26 per litre"
Chaotic Orbit,"€ 11,00",United States,4.05,Celestial Beerworks,6.7%,IPA - New England / Hazy,Can 473ml,"€ 23,26 per litre"
Pohjala / Lindheim - The Cherry Of My Eye,"€ 9,91",Estonia,3.82,Põhjala,10%,Sour - Fruited,330ml,"€ 30,03 per litre"
Blond,"€ 3,30",Netherlands,3.45,Brouwerij Leidse Goud,6.5%,Belgian Blonde,330ml,"€ 10,00 per litre"
Feed The Machine,"€ 7,35",France,4.13,Prizm Brewing Co.,11%,Stout - Imperial / Double,Can 440ml,"€ 16,70 per litre"
Templed In Twilight BA,"€ 4,99",Romania,3.85,Bereta Brewing Co./ Oriel Beer,7%,Sour - Other Gose,330ml,"€ 15,12 per litre"
Feast Of Solitude 2020,"€ 9,99",Denmark,3.83,Baghaven Brewing and Blending,6%,Wild Ale - Other,Bottle 750ml,"€ 13,32 per litre"
No Half Stackin',"€ 5,50",Bulgaria,3.76,Alchemik,7%,Sour - Fruited,330ml,"€ 16,67 per litre"
Lervig Rackhouse Original Sin Bourbon BA,"€ 20,95",Norway,4.46,LERVIG,12.5%,Stout - Imperial / Double Pastry,Bottle 375ml,"€ 55,87 per litre"
Lervig / Pulpit Rock Brewing Company Rackhouse Almond Cake,"€ 20,95",Norway,4.38,LERVIG,12%,Stout - Imperial / Double Pastry,Bottle 375ml,"€ 55,87 per litre"
Lervig Rackhouse Tiramisu,"€ 20,95",Norway,4.38,LERVIG,13.2%,Stout - Imperial / Double,Bottle 375ml,"€ 55,87 per litre"
Fisimatente Spitze Alde – Grape Ale,"€ 4,95",Germany,3.82,Spitzbuckel Brauwerkstatt Bäuerle,8.8%,Grape Ale - Other,330ml,"€ 15,00 per litre"
Fisimatente Müller-Thurgau X Bock – Heller Bock mixed with Grape Juice,"€ 4,95",Germany,3.53,Spitzbuckel Brauwerkstatt Bäuerle,8.4%,Bock - Hell / Maibock / Lentebock,330ml,"€ 15,00 per litre"
Fisimatente Alder Spitz – Grape Ale,"€ 4,95",Germany,3.32,Spitzbuckel Brauwerkstatt Bäuerle,9.2%,Grape Ale - Other,330ml,"€ 15,00 per litre"
Trespass 4th Anniversary,"€ 11,30",Canada,4.14,Third Moon Brewing Company,6.5%,IPA - New England / Hazy,Can 473ml,"€ 23,89 per litre"
Single Fin Mentality,"€ 11,00",United States,4.04,Vitamin Sea Brewing,6.6%,IPA - New England / Hazy,Can 473ml,"€ 23,26 per litre"
Authentic Strawberry Lambic,"€ 21,34",Belgium,3.83,Bobbi Brewery,6.6%,Lambic - Fruit,Bottle 750ml,"€ 28,45 per litre"
Gueuze Art Nouveau,"€ 16,22",Belgium,3.62,Bobbi Brewery,6.6%,Lambic - Gueuze,Bottle 750ml,"€ 21,63 per litre"
Baladin XYAUYU Kioke,"€ 37,95",Italy,4.38,BIRRIFICIO AGRICOLO BALADIN - Baladin Indipendente Italian Farm Brewery,14%,Barleywine - Other,500ml,"€ 75,90 per litre"
Frisse Kersen Mede,"€ 20,00",Netherlands,3.98,Mederij Marcus,10%,Mead - Melomel,500ml,"€ 40,00 per litre"
Madame Jeanette Mede,"€ 20,00",Netherlands,3.79,Mederij Marcus,10%,Mead - Metheglin,500ml,"€ 40,00 per litre"
Koharu,"€ 5,80",Netherlands,3.96,Brouwerij LOST,6.7%,IPA - New Zealand,500ml,"€ 11,60 per litre"
Malý Lezák 8,"€ 3,50",Czech Republic,3.56,Rodinný Pivovar Zichovec,3.1%,Lager - Světlé (Czech Pale),500ml,"€ 7,00 per litre"
Nelson Sauvin Dry Hopped Cyser,"€ 27,00",Poland,4.29,Quantum Satis,13.5%,Mead - Cyser,Bottle 375ml,"€ 72,00 per litre"
Coffee Melomel,"€ 27,00",Poland,4.18,Quantum Satis,12.5%,Mead - Other,Bottle 375ml,"€ 72,00 per litre"
Sprezzatura,"€ 27,00",Poland,4.06,Quantum Satis,12%,Mead - Melomel,Bottle 375ml,"€ 72,00 per litre"
Euphoria 12 Southern Passion (IPL),"€ 5,25",Czech Republic,3.69,Rodinný Pivovar Zichovec,5.1%,Lager - IPL (India Pale Lager),500ml,"€ 10,50 per litre"
Pêchillant 2021,"€ 18,99",Denmark,4.14,Æblerov,7.2%,Cider - Other Fruit,Bottle 750ml,"€ 25,32 per litre"
BUS 154,"€ 18,99",Denmark,3.94,Æblerov,8.7%,Cider - Other Fruit,Bottle 750ml,"€ 25,32 per litre"
Okapi Kriek'ish,"€ 18,99",Denmark,3.85,Æblerov,6.1%,Cider - Other Fruit,Bottle 750ml,"€ 25,32 per litre"
Blasfemi (2021),"€ 18,99",Denmark,3.71,Æblerov,10.3%,Cider - Other Fruit,Bottle 750ml,"€ 25,32 per litre"
Berry Me In Smoke (Mead Other),"€ 27,00",Poland,4.27,Quantum Satis,12%,Mead - Other,Bottle 375ml,"€ 72,00 per litre"
Fire Cyser (Mead Cyser),"€ 27,00",Poland,4.14,Quantum Satis,15.1%,Mead - Cyser,Bottle 375ml,"€ 72,00 per litre"
Free Gelato: Blue Velvet,"€ 4,15",Poland,3.74,Funky Fluid,0.5%,Non-Alcoholic - Sour,500ml,"€ 8,30 per litre"
Gebrouwen door Vrouwen Tricky Tripel,"€ 3,10",Netherlands,3.51,Gebrouwen Door Vrouwen,7.8%,Belgian Tripel,330ml,"€ 9,39 per litre"
Pine IPA,"€ 3,73",Sweden,3.60,Poppels Bryggeri,6.5%,IPA - American,Can 440ml,"€ 8,48 per litre"
Pohjala / Stillwater - Rännak,"€ 3,90",Estonia,3.63,Põhjala,4.5%,Sour - Other Gose,Can 330ml,"€ 11,82 per litre"
Brewdog Wingman,"€ 2,05",Scotland,3.46,BrewDog,4.3%,IPA - Session,330ml,"€ 6,21 per litre"
Kriek,"€ 2,49",Belgium,3.57,Brouwerij Lindemans,3.5%,Lambic - Kriek,Bottle 250ml,"€ 9,96 per litre"
The Garden India Pale Ale,"€ 3,20",Croatia,3.77,The Garden Brewery,6%,IPA - Milkshake,330ml,"€ 9,70 per litre"
Westmalle Trappist Dubbel,"€ 2,95",Belgium,3.69,Brouwerij der Trappisten van Westmalle,7%,Belgian Dubbel,330ml,"€ 8,94 per litre"
The Garden Pale Ale,"€ 3,20",Croatia,3.57,The Garden Brewery,4.8%,Pale Ale - American,330ml,"€ 9,70 per litre"
Endless Staircase,"€ 4,79",England,3.94,Azvex Brewing Company,5.2%,Pale Ale - New England / Hazy,330ml,"€ 9,70 per litre"
Petrus Blond,"€ 3,29",Belgium,3.35,Brouwerij De Brabandere,6.5%,Belgian Blonde,330ml,"€ 9,70 per litre"
Petrus Dubbel,"€ 2,99",Belgium,3.32,Brouwerij De Brabandere,7%,Belgian Dubbel,330ml,"€ 9,06 per litre"
Rosé de Gambrinus,"€ 8,60",Belgium,4.27,Brasserie Cantillon,5%,Lambic - Framboise,Bottle 375ml,"€ 22,93 per litre"
Gros-Elle,"€ 10,02",Belgium,3.99,Lambiek Fabriek,7.7%,Lambic - Fruit,Bottle 750ml,"€ 13,36 per litre"
Hell & Wild Spiritu-Elle,"€ 48,19",Belgium,3.87,Lambiek Fabriek,5.5%,Lambic - Gueuze,500ml,"€ 96,38 per litre"
Dikke Lul 3 Bier,"€ 3,75",Netherlands,3.49,Uiltje Brewing Company,5.6%,Pale Ale - American,330ml,"€ 11,36 per litre"
Ff Lekker Met Je Bek In Het Zonnetje,"€ 3,14",Netherlands,3.43,Uiltje Brewing Company,3.6%,IPA - Session,330ml,"€ 9,52 per litre"
Magners Original Irish Cider,"€ 1,65",Ireland,3.30,Magners Irish Cider,4.5%,Cider - Traditional / Apfelwein,330ml,"€ 9,52 per litre"
Mega,"€ 6,95",Sweden,4.05,Dugges Bryggeri,15%,Stout - Imperial / Double,330ml,"€ 21,06 per litre"
Frau Gruber Gone Bowling,"€ 7,50",Germany,3.85,FrauGruber Brewing,8.2%,IPA - Imperial / Double New England / Hazy,Can 440ml,"€ 17,05 per litre"
Maisel's Weisse,"€ 1,59",Germany,3.60,Brauerei Gebr. Maisel,5.2%,Wheat Beer - Hefeweizen,500ml,"€ 3,18 per litre"
König Ludwig Weissbier Hell,"€ 1,99",Germany,3.44,König Ludwig Schlossbrauerei Kaltenberg,5.5%,Wheat Beer - Hefeweizen,500ml,"€ 3,98 per litre"
Pruim Mirabelle x Oloroso 22/23 Assemblage n° 25,"€ 27,97",Belgium,4.40,Brouwerij 3 Fonteinen,7.4%,Lambic - Fruit,Bottle 750ml,"€ 37,29 per litre"
3 Fonteinen X Ognostro Druif - Fiano 22/23 Assemblage n° 19,"€ 28,71",Belgium,4.19,Brouwerij 3 Fonteinen,6.7%,Lambic - Fruit,Bottle 750ml,"€ 38,28 per litre"
3 Fonteinen X JF Ginglinger Druif - Riesling 22/23 Assemblage n° 47,"€ 28,71",Belgium,4.16,Brouwerij 3 Fonteinen,7.7%,Lambic - Fruit,Bottle 750ml,"€ 38,28 per litre"
3 Fonteinen X Ognostro - Druif Aglianico 22/23 Assemblage n° 50,"€ 28,71",Belgium,4.15,Brouwerij 3 Fonteinen,7.9%,Lambic - Fruit,Bottle 750ml,"€ 38,28 per litre"
Kayserops (Cambrian Series),"€ 3,49",Netherlands,3.37,De Kromme Haring,5.1%,Kellerbier / Zwickelbier,330ml,"€ 10,58 per litre"
Maisel's Weisse Dunkel,"€ 1,59",Germany,3.51,Brauerei Gebr. Maisel,5.1%,Wheat Beer - Dunkelweizen,500ml,"€ 3,18 per litre"
Oud Bruin,"€ 4,00",Belgium,3.59,Brouwerij 't Verzet,6%,Sour - Flanders Oud Bruin,330ml,"€ 12,12 per litre"
Amber Lager,"€ 3,59",Germany,3.33,Vielanker Brauhaus,5.1%,Lager - Amber / Red,500ml,"€ 7,18 per litre"
Fassbrause Zitrone,"€ 2,59",Germany,3.29,Vielanker Brauhaus,5.1%,Other,500ml,"€ 5,18 per litre"
Helles,"€ 2,69",Germany,3.27,Vielanker Brauhaus,4.9%,Lager - Helles,500ml,"€ 5,38 per litre"
Weizen,"€ 2,69",Germany,3.26,Vielanker Brauhaus,5%,Wheat Beer - Hefeweizen,500ml,"€ 5,38 per litre"
Dunkel,"€ 2,69",Germany,3.25,Vielanker Brauhaus,5%,Lager - Munich Dunkel,500ml,"€ 5,38 per litre"
Pale Ale,"€ 3,59",Germany,3.24,Vielanker Brauhaus,5.1%,Pale Ale - American,500ml,"€ 7,18 per litre"
Fassbrause Rhabarber,"€ 2,59",Germany,3.23,Vielanker Brauhaus,5.1%,Non-Alcoholic - Other,500ml,"€ 5,18 per litre"
Brown Ale,"€ 3,59",Germany,3.13,Vielanker Brauhaus,5%,Brown Ale - Other,500ml,"€ 7,18 per litre"
Pilsener,"€ 2,69",Germany,3.12,Vielanker Brauhaus,4.8%,Pilsner - German,500ml,"€ 5,38 per litre"
Stout,"€ 3,59",Germany,3.11,Vielanker Brauhaus,4.9%,Stout - Other,500ml,"€ 7,18 per litre"
Fassbrause Erdbeere,"€ 2,59",Germany,2.78,Vielanker Brauhaus,4.9%,Non-Alcoholic - Shandy / Radler,500ml,"€ 5,18 per litre"
Fassbrause Johannisbeere,"€ 2,59",Germany,2.78,Vielanker Brauhaus,4.9%,Non-Alcoholic - Shandy / Radler,500ml,"€ 5,18 per litre"
Rocky Mountain BA B.O.R.I.S. Imperial Stout,"€ 10,20",United States,4.23,Hoppin' Frog Brewery,9.4%,Stout - Russian Imperial,Bottle 250ml,"€ 40,80 per litre"
Bourbon BA Peanut Butter Hazelnut Caramel Chocolate Cake Stout,"€ 16,80",United States,4.22,Hoppin' Frog Brewery,8%,Stout - Pastry,473ml,"€ 35,52 per litre"
Sextuple Belgian-style Strong Dark Ale,"€ 11,40",United States,4.18,Hoppin' Frog Brewery,16.4%,Belgian Strong Dark Ale,Bottle 250ml,"€ 45,60 per litre"
Mexican Sotol BA Pentuple Triple,"€ 11,40",United States,4.17,Hoppin' Frog Brewery,15.4%,Belgian Tripel,Bottle 250ml,"€ 45,60 per litre"
Roasted Chestnut Winter Warmer Ale,"€ 12,70",United States,3.98,Hoppin' Frog Brewery,9.6%,Winter Warmer,473ml,"€ 26,85 per litre"
Brother Kazoo mix | Dirty Chai Baltic Porter,"€ 12,90",United States,3.80,Hoppin' Frog Brewery,9.2%,Porter - Baltic,Bottle 473ml,"€ 27,27 per litre"
Mönchshof - Naturradler Blutorange,"€ 2,00",Germany,3.43,Kulmbacher Brauerei,2.5%,Shandy / Radler,500ml,"€ 4,00 per litre"
Weiherer Pils,"€ 2,10",Germany,3.37,Brauerei Kundmüller,4.7%,Pilsner - German,500ml,"€ 4,20 per litre"
Giesinger Weißbier,"€ 1,99",Germany,3.60,Giesinger Bräu,5.5%,Wheat Beer - Hefeweizen,500ml,"€ 3,98 per litre"
Billionaire's Church Choclate,"€ 40,70",Sweden,4.34,Omnipollo,15%,Stout - Imperial / Double,Bottle 375ml,"€ 108,53 per litre"
Bianca Miami Madness Blueberry Lassi Gose,"€ 16,10",Sweden,4.30,Omnipollo,6%,Sour - Smoothie / Pastry,Can 440ml,"€ 36,59 per litre"
Omnipollo Birrificio Italiano Tipopasta,"€ 26,00",Italy,3.52,Birrificio Italiano,4.5%,Pilsner - Italian,Bottle 750ml,"€ 34,67 per litre"
Eternal Now,"€ 5,00",Sweden,3.05,Omnipollo,0.5%,Non-Alcoholic - Porter / Stout,330ml,"€ 15,15 per litre"
Nitro Stout,"€ 13,00",United States,4.00,Lawson's Finest Liquids,5.4%,Stout - Irish Dry,330ml,"€ 15,15 per litre"
KÖAUAU,"€ 6,75",Spain,4.01,Garage Beer Co.,7%,IPA - New Zealand,Can 440ml,"€ 15,34 per litre"
SAKADAT - Rye Whiskey BA,"€ 9,95",Romania,4.25,Blackout Brewing,11%,Stout - Imperial / Double Coffee,330ml,"€ 30,15 per litre"
Aetheria Cognac BA (Silver Series),"€ 9,95",Estonia,4.20,Pühaste Brewery,13.9%,Stout - Imperial / Double,330ml,"€ 30,15 per litre"
For All Alienkind (PULP),"€ 9,25",Sweden,4.16,Elmeleven,5%,Sour - Smoothie / Pastry,Can 440ml,"€ 21,02 per litre"
Space Guide for Humans (PULP),"€ 9,25",Sweden,4.16,Elmeleven,5%,Sour - Smoothie / Pastry,Can 440ml,"€ 21,02 per litre"
Aspiring Beam Of Light,"€ 7,50",Germany,3.94,Sudden Death Brewing Co.,5%,Sour - Fruited,Can 440ml,"€ 17,05 per litre"
TRIPPING HAZE,"€ 6,75",Sweden,3.92,Fermenterarna,6.1%,IPA - New England / Hazy,Can 440ml,"€ 15,34 per litre"
Motu Nui,"€ 8,75",Portugal,3.81,Obsolete,8%,IPA - Imperial / Double New England / Hazy,Can 440ml,"€ 19,89 per litre"
WILL IT FLOAT #6,"€ 8,25",Netherlands,3.77,White Dog Brewery,6%,Sour - Smoothie / Pastry,Can 440ml,"€ 18,75 per litre"
Yuzu Samuray,"€ 3,30",Slovakia,3.45,Nilio Brewery,0.5%,Non-Alcoholic - IPA,330ml,"€ 10,00 per litre"
Son of Hops,"€ 4,60",Canada,4.19,BreWskey,7.1%,IPA - American,330ml,"€ 10,00 per litre"
Milkshake IPA (Blueberry Pancake),"€ 12,20",United States,4.10,Tired Hands Brewing Company,7.2%,IPA - Milkshake,473ml,"€ 25,79 per litre"
Only Void (Tiramisu),"€ 12,90",United States,4.09,Tired Hands Brewing Company,9%,Stout - Pastry,473ml,"€ 25,79 per litre"
They Live,"€ 6,30",England,4.09,Rivington Brewing Co,8%,IPA - Imperial / Double New England / Hazy,473ml,"€ 25,79 per litre"
Patune Pohl,"€ 3,80",Estonia,3.55,Anderson's Craft Beer,5.5%,Sour - Other,473ml,"€ 25,79 per litre"
Foam Climb,"€ 2,81",Czech Republic,3.61,Axiom Brewery,6.5%,IPA - American,Can 330ml,"€ 8,52 per litre"
Field Guide,"€ 13,00",Canada,4.13,Revel Cider Company,7.5%,Cider - Other Fruit,Bottle 750ml,"€ 17,33 per litre"
Peas In A Pod,"€ 13,50",Canada,4.03,Revel Cider Company,7.5%,Cider - Other Fruit,Bottle 750ml,"€ 18,00 per litre"
Domaine,"€ 19,00",Canada,3.94,Revel Cider Company,7.6%,Cider - Dry,Bottle 750ml,"€ 25,33 per litre"
Party!,"€ 13,00",Canada,3.90,Revel Cider Company,6.7%,Cider - Other Fruit,Bottle 750ml,"€ 17,33 per litre"
Piquette Ultra,"€ 4,80",Canada,3.89,Revel Cider Company,4.9%,Cider - Other Fruit,355ml,"€ 13,52 per litre"
Mulberry,"€ 14,00",Canada,3.83,Revel Cider Company,7%,Cider - Other Fruit,Bottle 750ml,"€ 18,67 per litre"
Mithras,"€ 4,20",Canada,3.73,Revel Cider Company,6.7%,Cider - Traditional / Apfelwein,355ml,"€ 11,83 per litre"
Ostara,"€ 4,20",Canada,3.68,Revel Cider Company,6.6%,Cider - Other Fruit,355ml,"€ 11,83 per litre"
Bumper,"€ 13,50",Canada,3.61,Revel Cider Company,6.9%,Cider - Other Fruit,Bottle 750ml,"€ 18,00 per litre"
Flower Power,"€ 15,50",Canada,3.51,Revel Cider Company,9.5%,Cider - Herbed / Spiced / Hopped,Bottle 750ml,"€ 20,67 per litre"
Breccia,"€ 13,50",Canada,3.40,Revel Cider Company,5.2%,Cider - Perry / Poiré,Bottle 750ml,"€ 18,00 per litre"
Foxwhelp,"€ 14,00",Canada,?,Revel Cider Company,6.8%,Cider - Traditional / Apfelwein,Bottle 750ml,"€ 18,67 per litre"
Lees Blanc,"€ 13,00",Canada,?,Revel Cider Company,7.2%,Cider - Other Fruit,Bottle 750ml,"€ 17,33 per litre"
Reinette Du Canada,"€ 13,50",Canada,?,Revel Cider Company,5.8%,Cider - Traditional / Apfelwein,Bottle 750ml,"€ 18,00 per litre"
Winesap,"€ 19,00",Canada,?,Revel Cider Company,7.6%,Cider - Dry,Bottle 750ml,"€ 25,33 per litre"
Lionel Mesihoff,"€ 8,10",Estonia,4.20,Anderson's Craft Beer,8%,Mead - Other,330ml,"€ 24,55 per litre"
The Finstones,"€ 12,50",United States,4.09,KCBC - Kings County Brewers Collective,8%,IPA - Imperial / Double,330ml,"€ 24,55 per litre"
Barknado,"€ 12,50",United States,4.00,KCBC - Kings County Brewers Collective,7.2%,IPA - New England / Hazy,330ml,"€ 24,55 per litre"
Beach Zombie,"€ 12,00",United States,3.98,KCBC - Kings County Brewers Collective,4.5%,Sour - Other,330ml,"€ 24,55 per litre"
Venomous Villains,"€ 12,50",United States,3.81,KCBC - Kings County Brewers Collective,6.9%,IPA - American,473ml,"€ 26,43 per litre"
Pie Another Day,"€ 12,00",United States,3.71,KCBC - Kings County Brewers Collective,5.5%,Sour - Fruited,473ml,"€ 26,43 per litre"
Brandy Barrel-Aged Pentuple,"€ 10,99",United States,4.26,Hoppin' Frog Brewery,15.4%,Belgian Tripel,473ml,"€ 26,43 per litre"
Red Wine Barrel-Aged Pentuple,"€ 10,99",United States,4.22,Hoppin' Frog Brewery,15.4%,Belgian Tripel,473ml,"€ 26,43 per litre"
Barrel Aged Frogichlaus Swiss-Style Celebration,"€ 10,99",United States,4.20,Hoppin' Frog Brewery,14.1%,Lager - Winter,248ml,"€ 44,31 per litre"
T.O.R.I.S. The Tyrant,"€ 8,99",United States,4.19,Hoppin' Frog Brewery,13.8%,Stout - Russian Imperial,248ml,"€ 36,25 per litre"
Sextuple,"€ 10,99",United States,4.18,Hoppin' Frog Brewery,16.4%,Belgian Strong Dark Ale,248ml,"€ 36,25 per litre"
Barrel Aged B.O.R.I.S.,"€ 14,99",United States,4.18,Hoppin' Frog Brewery,9.4%,Stout - Russian Imperial,473ml,"€ 31,69 per litre"
Mexican Sotol Barrel-Aged Pentuple,"€ 10,99",United States,4.17,Hoppin' Frog Brewery,15.4%,Belgian Tripel,,
Pete's Perfect Palo Santo Black Lager,"€ 15,49",United States,4.06,Hoppin' Frog Brewery,11.9%,Schwarzbier,,
Evolutions of B.O.R.I.S. the Crusher Chocolate Covered Strawberry,"€ 7,99",United States,4.01,Hoppin' Frog Brewery,9.4%,Stout - Russian Imperial,355ml,"€ 22,51 per litre"
Pete's Amazing Amburana Black Lager,"€ 15,49",United States,4.00,Hoppin' Frog Brewery,11.9%,Schwarzbier,355ml,"€ 22,51 per litre"
Brenda's Wicked-Good Schwarzbier,"€ 11,99",United States,3.81,Hoppin' Frog Brewery,5.8%,Schwarzbier,355ml,"€ 22,51 per litre"
Brother Kazoo Mix | Dirty Chai Baltic Porter,"€ 12,99",United States,3.80,Hoppin' Frog Brewery,9.2%,Porter - Baltic,473ml,"€ 27,46 per litre"
Smashing Cherry Blonde,"€ 4,79",United States,3.68,Hoppin' Frog Brewery,5.2%,Blonde / Golden Ale - Other,473ml,"€ 27,46 per litre"
Oude Geuze 22/23 Assemblage n°13,"€ 14,67",Belgium,4.07,Brouwerij 3 Fonteinen,6%,Lambic - Gueuze,Bottle 750ml,"€ 19,56 per litre"
Alvinne / Stu Mostow ZuBREwka,"€ 3,50",Belgium,3.84,Brouwerij Alvinne,5.5%,Sour - Other,330ml,"€ 10,61 per litre"
Mango x Peach x Coconut Smoothie Sour Ale,"€ 6,70",Latvia,4.29,Ārpus Brewing Co.,4.5%,Sour - Smoothie / Pastry,Can 440ml,"€ 15,23 per litre"
Cherry x Raspberry x Apricot Smoothie Sour Ale,"€ 6,70",Latvia,4.15,Ārpus Brewing Co.,4%,Sour - Smoothie / Pastry,Can 440ml,"€ 15,23 per litre"
TDH Rakau x Motueka x Riwaka x Galaxy IPA,"€ 5,50",Latvia,3.84,Ārpus Brewing Co.,6.5%,IPA - New England / Hazy,Can 440ml,"€ 12,50 per litre"
Barrel Aged Peso,"€ 32,50",United States,4.34,Transient Artisan Ales,14%,Stout - Imperial / Double Pastry,500ml,"€ 65,00 per litre"
KFB,"€ 32,50",United States,4.30,Transient Artisan Ales,14.1%,Stout - Imperial / Double Pastry,500ml,"€ 65,00 per litre"
Meditation Grand Reserve 2018,"€ 16,50",Czech Republic,4.24,Wild Creatures,5.2%,Lambic - Gueuze,Bottle 750ml,"€ 22,00 per litre"
The Law of Motion Réserve 2021,"€ 37,90",United States,4.20,de Garde Brewing,6.5%,Wild Ale - American,Bottle 750ml,"€ 50,53 per litre"
Cellar Wizard 2017,"€ 39,90",United States,4.17,Shady Oak Barrel House,6.8%,Wild Ale - American,Bottle 750ml,"€ 53,20 per litre"
Riesling Ivy 2021,"€ 35,90",United States,4.14,de Garde Brewing,7%,Wild Ale - Other,Bottle 750ml,"€ 47,87 per litre"
Almota 2021,"€ 35,90",United States,4.07,Fair Isle Brewing,5.3%,Farmhouse Ale - Saison,Bottle 750ml,"€ 47,87 per litre"
Gus 2021,"€ 35,90",United States,4.07,Fair Isle Brewing,5.7%,Farmhouse Ale - Saison,Bottle 750ml,"€ 47,87 per litre"
Odelette 2020,"€ 35,90",United States,4.06,Fair Isle Brewing,7.7%,Farmhouse Ale - Bière de Garde,Bottle 750ml,"€ 47,87 per litre"
Madame R. Galle 2021,"€ 33,90",United States,4.04,Fair Isle Brewing,6.2%,Farmhouse Ale - Saison,Bottle 750ml,"€ 45,20 per litre"
Full Circle,"€ 20,50",England,4.04,Burning Sky Brewery/ Thornbridge Brewery,7.3%,Farmhouse Ale - Saison,Bottle 750ml,"€ 27,33 per litre"
Ruud Peesch 2019,"€ 24,90",Denmark,3.71,Baghaven Brewing and Blending,6%,Wild Ale - Other,Bottle 750ml,"€ 33,20 per litre"
Rhubarb Lambiek 2022,"€ 17,21",Belgium,3.90,Oud Beersel,6.5%,Lambic - Fruit,Bottle 750ml,"€ 22,95 per litre"
Tête de Cuvée (Vintage 2022),"€ 75,00",United States,4.41,Side Project Brewing,7%,Farmhouse Ale - Saison,Bottle 750ml,"€ 100,00 per litre"
Sunrises (2023),"€ 69,00",United States,4.34,Side Project Brewing,6%,Farmhouse Ale - Saison,Bottle 750ml,"€ 92,00 per litre"
Fermier (Vintage 2023),"€ 69,00",United States,4.33,Side Project Brewing,7%,Farmhouse Ale - Saison,Bottle 750ml,"€ 92,00 per litre"
La Ruche (10 Year),"€ 45,00",United States,4.22,Side Project Brewing,5%,Farmhouse Ale - Saison,Bottle 750ml,"€ 60,00 per litre"
Grapevine Montepulciano,"€ 13,75",Belgium,3.88,Brouwerij De Ranke,6.5%,Lambic - Fruit,Bottle 750ml,"€ 18,33 per litre"
Fuerst Wiacek x Yakima Chief Hops Invisible Eyes DDH IPA,"€ 6,99",Germany,4.03,FUERST WIACEK,6.8%,IPA - New England / Hazy,Can 440ml,"€ 15,89 per litre"
Filou Blond,"€ 2,50",Belgium,3.53,Kasteel Brouwerij Vanhonsebrouck,8.5%,Belgian Tripel,330ml,"€ 7,58 per litre"
Agnus Tripel,"€ 7,25",Belgium,3.63,Brouwerij Corsendonk,7.5%,Belgian Tripel,Bottle 750ml,"€ 9,67 per litre"
"Hefe-Weissbier Alkoholfrei 0,0","€ 1,45",Germany,2.80,Paulaner Brauerei,0.5%,Non-Alcoholic - Wheat,500ml,"€ 2,90 per litre"
If you Like Pina Coladas – Fruited Sour,"€ 4,25",Germany,3.30,Freigeist Bierkultur,4%,Sour - Fruited,330ml,"€ 12,88 per litre"
Bianca Miami Madness,"€ 14,75",Sweden,4.30,Omnipollo,6%,Sour - Smoothie / Pastry,Can 440ml,"€ 33,52 per litre"
Butchers Banquet,"€ 7,35",Germany,3.96,FrauGruber Brewing,10.2%,IPA - Triple New England / Hazy,Can 440ml,"€ 16,70 per litre"
Gone Bowling,"€ 6,85",Germany,3.85,FrauGruber Brewing,8.2%,IPA - Imperial / Double New England / Hazy,Can 440ml,"€ 15,57 per litre"
Superdelic,"€ 6,85",Germany,3.74,FrauGruber Brewing,7.8%,IPA - Imperial / Double New England / Hazy,Can 440ml,"€ 15,57 per litre"
Spätale 2018,"€ 18,00",Denmark,4.05,Baghaven Brewing and Blending,8.8%,Sour - Fruited,Bottle 375ml,"€ 48,00 per litre"
St-Bernardus Abt 12,"€ 2,55",Belgium,4.00,Brouwerij St.Bernardus,10%,Belgian Quadrupel,,
Oude Gueuze,"€ 4,80",Belgium,3.98,Hanssens Artisanaal,6%,Lambic - Gueuze,,
Morning Glory,"€ 7,50",Germany,3.96,FrauGruber Brewing,12%,Stout - Imperial / Double Coffee,Can 440ml,"€ 17,05 per litre"
Velvet Rush,"€ 5,90",United States,3.90,Founders Brewing Co.,11.1%,Brown Ale - Imperial / Double,Can 440ml,"€ 17,05 per litre"
Jaguar Warrior,"€ 4,30",Belgium,3.85,Galea Craft Beers,14%,Barleywine - American,330ml,"€ 13,03 per litre"
Oude Geuze,"€ 4,55",Belgium,3.77,Oud Beersel,6.5%,Lambic - Gueuze,330ml,"€ 13,03 per litre"
Sticky Toffee Pudding,"€ 5,65",England,3.71,Vocation Brewery,5.8%,Stout - Other,Can 440ml,"€ 12,84 per litre"
Quad The Fox,"€ 2,35",Belgium,3.65,FoxTown Beer Crew,11%,Belgian Quadrupel,330ml,"€ 7,12 per litre"
Nuit Noire BA Whisky Bourbon Blend,"€ 5,95",Netherlands,3.64,100 Watt Brewery,10%,Winter Warmer,330ml,"€ 18,03 per litre"
150Watt Quadrupel,"€ 3,20",Netherlands,3.63,100 Watt Brewery,10%,Belgian Quadrupel,330ml,"€ 9,70 per litre"
Aegir Double NEIPA,"€ 2,85",Belgium,3.61,Microbrouwerij Mølder & Coöp.,7.3%,IPA - Imperial / Double New England / Hazy,330ml,"€ 9,70 per litre"
Dul Meesterke Red Wine Barrel Aged,"€ 2,85",Belgium,3.60,Brewery De Meester,8.5%,Belgian Strong Golden Ale,330ml,"€ 8,64 per litre"
El Dorado,"€ 2,80",Belgium,3.60,Enigma,10%,IPA - Triple,330ml,"€ 8,48 per litre"
Kasteel Rubus,"€ 2,50",Belgium,3.57,Kasteel Brouwerij Vanhonsebrouck,7%,Fruit Beer,330ml,"€ 8,48 per litre"
Schelde brewery tasting glass,"€ 3,00",United States,3.54,Rivertown Brewery & Barrel House (Ohio),5.2%,Pale Ale - Belgian,330ml,"€ 8,48 per litre"
Organicus,"€ 2,50",Belgium,3.54,Brasserie Lupulus,8.5%,Belgian Tripel,330ml,"€ 8,48 per litre"
Taupe,"€ 3,60",Belgium,3.52,La Source Beer Co.,6%,Porter - Other,330ml,"€ 10,91 per litre"
Martha Sexy Blond,"€ 2,20",Belgium,3.51,The Brew Society,8%,Belgian Strong Golden Ale,330ml,"€ 6,67 per litre"
When Life Gives You Hops 2023,"€ 3,15",Belgium,3.51,FoxTown Beer Crew,7%,IPA - American,330ml,"€ 6,67 per litre"
White Swan Theory,"€ 2,40",Belgium,3.48,FoxTown Beer Crew,6.2%,IPA - White / Wheat,330ml,"€ 7,27 per litre"
Dul Meesterke,"€ 2,30",Belgium,3.47,Brewery De Meester,8.5%,Belgian Strong Golden Ale,330ml,"€ 6,97 per litre"
Ypra,"€ 2,25",Belgium,3.47,Omer Vander Ghinste,6%,Belgian Blonde,330ml,"€ 6,97 per litre"
Innerfox Tripel,"€ 2,20",Belgium,3.47,FoxTown Beer Crew,8.3%,Belgian Tripel,330ml,"€ 6,97 per litre"
Moesjke Lucky13,"€ 10,50",Belgium,3.45,Bierfirma Ultima,13%,Belgian Quadrupel,Bottle 750ml,"€ 14,00 per litre"
Moesjke Lucky13,"€ 2,85",Belgium,3.45,Bierfirma Ultima,13%,Belgian Quadrupel,Bottle 750ml,"€ 14,00 per litre"
Tarot D'or,"€ 2,10",Belgium,3.42,Brouwerij Lindemans,8%,Fruit Beer,Bottle 750ml,"€ 14,00 per litre"
Cuvée Jerome,"€ 2,20",Belgium,3.41,Brewery De Meester,7.5%,Belgian Blonde,330ml,"€ 6,67 per litre"
Hobos Lager,"€ 2,30",Belgium,3.40,Microbrouwerij Mølder & Coöp.,5.5%,Lager - American,330ml,"€ 6,67 per litre"
Steaming On The Dok Of The Day,"€ 3,05",Belgium,3.38,Dok Brewing Company,5.1%,California Common,330ml,"€ 9,24 per litre"
Dulle Griet,"€ 1,90",Belgium,3.29,Scheldebrouwerij,6.5%,Belgian Dubbel,330ml,"€ 9,24 per litre"
Special Blond,"€ 2,50",Belgium,3.28,Brouwerij Eylenbosch,6.5%,Belgian Blonde,330ml,"€ 9,24 per litre"
Thor Cold Brew Infused,"€ 2,50",Belgium,3.28,NordHunn,9%,Belgian Quadrupel,330ml,"€ 9,24 per litre"
Hoppy Saison,"€ 2,50",Belgium,3.27,Brouwerij Eylenbosch,5.5%,Farmhouse Ale - Saison,330ml,"€ 7,58 per litre"
Hert,"€ 2,40",Belgium,3.24,Brouwerij Het Nest,4.8%,Belgian Blonde,330ml,"€ 7,27 per litre"
Doktor Rudi,"€ 2,40",Belgium,3.13,Brouwerij 't Verzet/ Surly Brewing Company,6%,Sour - Berliner Weisse,330ml,"€ 7,27 per litre"
Kriek,"€ 2,30",Belgium,3.13,Force Majeure,0.4%,Non-Alcoholic - Other,330ml,"€ 6,97 per litre"
Erdinger Alkoholfrei,"€ 1,75",Germany,2.90,Erdinger Weissbräu,0.4%,Non-Alcoholic - Wheat,330ml,"€ 6,97 per litre"
Traditional Blond,"€ 2,20",Belgium,2.73,Force Majeure,0.4%,Non-Alcoholic - Other,330ml,"€ 6,67 per litre"
Brett-Elle Oude Geuze,"€ 8,65",Belgium,4.05,Lambiek Fabriek,5.5%,Lambic - Gueuze,Bottle 750ml,"€ 11,53 per litre"
Twisted Cake - BA Four Roses,"€ 10,00",Romania,4.23,Blackout Brewing,13%,Stout - Imperial / Double Pastry,330ml,"€ 30,30 per litre"
WILL IT FLOAT #6,"€ 7,39",Netherlands,3.77,White Dog Brewery,6%,Sour - Smoothie / Pastry,Can 440ml,"€ 16,80 per litre"
KLR,"€ 3,99",Romania,3.54,Bereta Brewing Co.,5.4%,Kellerbier / Zwickelbier,Can 440ml,"€ 9,07 per litre"
Blackout Madness (BOM),"€ 3,90",Netherlands,3.81,Mannenpap,9.5%,Stout - Russian Imperial,330ml,"€ 11,82 per litre"
Bruut Gajes,"€ 2,85",Netherlands,3.63,Bruut Bier,8%,Belgian Tripel,330ml,"€ 8,64 per litre"
Seef Bootjes Bier,"€ 2,65",Belgium,3.51,Antwerpse Brouw Compagnie,7%,Red Ale - American Amber / Red,330ml,"€ 8,03 per litre"
Barbar Blond,"€ 6,95",Belgium,3.49,Brasserie Lefebvre,8%,Honey Beer,Bottle 750ml,"€ 9,27 per litre"
St. Feuillien Blond,"€ 2,20",Belgium,3.49,Brasserie St-Feuillien,7.5%,Belgian Strong Golden Ale,Bottle 330ml,"€ 6,67 per litre"
Triple Tart Triangle,"€ 4,99",Netherlands,3.45,Dutch Bargain,6.2%,Sour - Fruited,330ml,"€ 15,12 per litre"
Spikes,"€ 7,29",Estonia,3.69,Põhjala,6.4%,IPA - American,Can 440ml,"€ 16,57 per litre"
Sun City Tropical Fruit Sour,"€ 6,50",Estonia,3.53,Põhjala,5%,Sour - Fruited Berliner Weisse,Can 440ml,"€ 14,77 per litre"
Disciples of Quad,"€ 4,99",Sweden,3.66,Beerbliotek,12%,Belgian Quadrupel,330ml,"€ 15,12 per litre"
Normality & Sunshine,"€ 4,29",Sweden,3.53,Beerbliotek,6%,IPA - American,330ml,"€ 13,00 per litre"
A Passion for Gingers,"€ 3,79",Sweden,3.43,Beerbliotek,3.8%,Sour - Fruited Berliner Weisse,330ml,"€ 11,48 per litre"
Blanche de Namur Apple,"€ 1,70",Belgium,3.24,Brasserie du Bocq,3.4%,Wheat Beer - Fruited,Bottle 250ml,"€ 6,80 per litre"
Mucho Mucho Mosaic,"€ 5,95",Spain,4.00,Basqueland Brewing,8.5%,IPA - Imperial / Double New England / Hazy,Can 440ml,"€ 13,52 per litre"
Pruim Mirabelle 21/22 Assemblage n° 21,"€ 33,77",Belgium,4.24,Brouwerij 3 Fonteinen,7.4%,Lambic - Fruit,Bottle 750ml,"€ 45,03 per litre"
Meggyes Pite Sour Cherry Imperial Pastry Sour,"€ 5,99",Hungary,3.73,Mad Scientist,10%,Sour - Smoothie / Pastry,330ml,"€ 18,15 per litre"
Luden Lager,"€ 3,21",Germany,3.44,Astra St. Pauli Brauerei,5%,Lager - IPL (India Pale Lager),330ml,"€ 9,73 per litre"
Monkey Temple Vanille Hefeweizen,"€ 4,04",Hungary,3.43,Mad Scientist,4.6%,Wheat Beer - Hefeweizen,330ml,"€ 12,24 per litre"
Keller Kalle,"€ 3,21",Germany,3.31,Astra St. Pauli Brauerei,5.4%,Kellerbier / Zwickelbier,330ml,"€ 9,73 per litre"
Weizenbeisser,"€ 3,21",Germany,3.26,Astra St. Pauli Brauerei,5.7%,Wheat Beer - Hefeweizen,330ml,"€ 9,73 per litre"
Nachtschicht,"€ 3,21",Germany,3.12,Astra St. Pauli Brauerei,5.2%,Dark Ale,330ml,"€ 9,73 per litre"
Blackcurrant Trifle Junior Fruited Gose,"€ 6,49",Hungary,3.83,Mad Scientist,6.7%,Sour - Fruited Gose,Can 440ml,"€ 14,75 per litre"
Fancy Papers Hazy IPA,"€ 5,29",United States,3.78,Cigar City Brewing,6.5%,IPA - New England / Hazy,355ml,"€ 14,90 per litre"
Rákóczi Túrós Blackcurrant Edt. Imperial Pastry Sour,"€ 6,99",Hungary,3.76,Mad Scientist,10%,Sour - Smoothie / Pastry,330ml,"€ 21,18 per litre"
Madhouse DDH IPA,"€ 6,99",Hungary,3.72,Mad Scientist,5.5%,IPA - New England / Hazy,Can 440ml,"€ 15,89 per litre"
Tokyo Kaiju West Coast DIPA,"€ 7,49",Hungary,3.69,Mad Scientist,9%,IPA - Fruited,Can 440ml,"€ 17,02 per litre"
Mango Bay Milkshake Pale Ale,"€ 4,69",Hungary,3.66,Mad Scientist,5.2%,Pale Ale - Milkshake,330ml,"€ 14,21 per litre"
Mad Scientist House Of The Dragon Green Council Hazy New England Pale Ale,"€ 7,99",Canada,3.56,One Great City Brewing Co,6.5%,IPA - English,Can 440ml,"€ 18,16 per litre"
2023 Brandy Barrel-Aged Pentuple,"€ 11,70",United States,4.26,Hoppin' Frog Brewery,15.4%,Belgian Tripel,248ml,"€ 47,18 per litre"
2023 Red Wine Barrel-Aged Pentuple,"€ 11,70",United States,4.22,Hoppin' Frog Brewery,15.4%,Belgian Tripel,248ml,"€ 47,18 per litre"
Sextuple,"€ 11,70",United States,4.18,Hoppin' Frog Brewery,16.4%,Belgian Strong Dark Ale,248ml,"€ 47,18 per litre"
2023 Mexican Sotol Barrel-Aged Pentuple,"€ 11,70",United States,4.17,Hoppin' Frog Brewery,15.4%,Belgian Tripel,248ml,"€ 47,18 per litre"
Pentuple,"€ 9,30",United States,4.01,Hoppin' Frog Brewery,15.1%,Belgian Tripel,248ml,"€ 37,50 per litre"
Three Times Three Vol. 3,"€ 18,65",Sweden,4.22,Omnipollo,12%,Stout - Imperial / Double,Can 440ml,"€ 42,39 per litre"
Three Times Three Vol. 4,"€ 18,50",Sweden,4.18,Omnipollo,7%,Sour - Fruited,Can 440ml,"€ 42,05 per litre"
Oude Gueuze Pure 2017,"€ 20,15",Belgium,3.97,Brouwerij Lindemans,7%,Lambic - Gueuze,Bottle 750ml,"€ 26,87 per litre"
Thanx 4 nothing Fux 4 everything,"€ 8,40",Italy,3.70,White Pony Microbrewery,12.5%,Stout - Imperial / Double,330ml,"€ 25,45 per litre"
Frostbite Fuel,"€ 3,40",Netherlands,3.43,Uiltje Brewing Company,6.8%,Stout - Milk / Sweet,330ml,"€ 10,30 per litre"
Mahrs E.T.A,"€ 2,10",Germany,3.51,Mahr's Bräu,5%,Lager - Munich Dunkel,500ml,"€ 4,20 per litre"
Mahrs Sommerpils,"€ 2,10",Germany,3.13,Mahr's Bräu,2.8%,Lager - Leichtbier,500ml,"€ 4,20 per litre"
Staffelberg Pils Alkoholfrei,"€ 1,90",Germany,2.83,Staffelberg-Bräu,2.8%,Non-Alcoholic - Lager,500ml,"€ 3,80 per litre"
Kriek,"€ 2,30",Belgium,3.50,Ter Dolen,4.5%,Fruit Beer,330ml,"€ 6,97 per litre"
Gruut Blond,"€ 2,80",Belgium,3.33,Gentse Gruut Stadsbrouwerij,5.5%,Historical Beer - Gruit / Ancient Herbed Ale,330ml,"€ 8,48 per litre"
Sugaar 2024,"€ 5,19",Spain,3.99,Basqueland Brewing,6.2%,IPA - New England / Hazy,Can 440ml,"€ 11,80 per litre"
Chasing the Red,"€ 5,99",Brazil,4.12,Spartacus Brewing,7%,IPA - New England / Hazy,Can 440ml,"€ 11,80 per litre"
All Shades of Ferocity,"€ 5,99",Brazil,4.08,Spartacus Brewing,9.2%,IPA - Triple New England / Hazy,Can 440ml,"€ 13,61 per litre"
Byway.,"€ 3,70",Poland,3.81,Moon Lark Brewery,5.6%,IPA - White / Wheat,Can 500ml,"€ 7,40 per litre"
Ripper,"€ 3,40",Poland,3.80,Browar Kingpin,5%,Pilsner - Other,Can 500ml,"€ 6,80 per litre"
Geist,"€ 3,20",Poland,3.74,Browar Kingpin,4.7%,Sour - Traditional Gose,Can 500ml,"€ 6,40 per litre"
Beer Co Soup IPA,"€ 7,60",Spain,3.94,Garage Beer Co.,6%,IPA - New England / Hazy,Can 440ml,"€ 17,27 per litre"
Bouts Leuvense Witte,"€ 4,00",Belgium,3.31,Brouwerij Hof ten Dormaal,4.5%,Wheat Beer - Witbier / Blanche,330ml,"€ 12,12 per litre"
Where Logo?,"€ 4,20",Poland,3.75,Magic Road,5.5%,IPA - American,Can 500ml,"€ 8,40 per litre"
Indian Cinema,"€ 4,10",Poland,3.67,Browar Artezan,6%,IPA - Sour,Can 500ml,"€ 8,20 per litre"
Lager Niemiecki,"€ 3,00",Poland,3.63,Trzech Kumpli,5.3%,Lager - Helles,Bottle 500ml,"€ 6,00 per litre"
Rudolf (Cellar Series),"€ 8,95",Estonia,4.16,Põhjala,12%,Rye Wine,330ml,"€ 27,12 per litre"
Coolship Blåbær – Farmer's Reserve,"€ 9,95",Norway,4.16,Lindheim Ølkompani,7%,Lambic - Fruit,Bottle 375ml,"€ 26,53 per litre"
Stingray,"€ 6,20",Norway,4.14,Salikatt Bryggeri,8%,IPA - Imperial / Double New England / Hazy,Can 440ml,"€ 14,09 per litre"
Tim the Human Shark,"€ 7,10",England,4.11,Sureshot Brewing,8%,IPA - Imperial / Double,Can 440ml,"€ 16,14 per litre"
Catching Rays,"€ 6,20",Norway,4.05,Salikatt Bryggeri,8%,IPA - Imperial / Double New England / Hazy,Can 440ml,"€ 14,09 per litre"
Curse These Metal Hands,"€ 5,90",England,3.99,Sureshot Brewing,6%,IPA - New England / Hazy,Can 440ml,"€ 13,41 per litre"
Tim the Human Fish,"€ 5,90",England,3.98,Sureshot Brewing,6.5%,IPA - New England / Hazy,Can 440ml,"€ 13,41 per litre"
The Coolest S,"€ 6,20",England,3.97,Sureshot Brewing,6.5%,IPA - New England / Hazy,Can 440ml,"€ 14,09 per litre"
Who's Afraid of Jeff Goldblum?,"€ 5,91",England,3.94,Sureshot Brewing,6.5%,IPA - New England / Hazy,Can 440ml,"€ 13,43 per litre"
Summer Crisp,"€ 5,65",Norway,3.79,Salikatt Bryggeri,6%,IPA - American,Can 440ml,"€ 12,84 per litre"
Duvel,"€ 4,00",Belgium,3.72,Duvel Moortgat,8.5%,Belgian Strong Golden Ale,330ml,"€ 12,12 per litre"
Stu Mostow American IPA,"€ 5,50",Poland,3.62,Browar Stu Mostów,6.8%,IPA - American,500ml,"€ 11,00 per litre"
PURPLE LINE OF THOUGHTS – Bourbon Barrel Aged Imperial Stout,"€ 13,95",Germany,4.24,Blech.Brut,11.4%,Stout - Imperial / Double,Can 440ml,"€ 31,70 per litre"
Street Fight In Napels (Pilsner Italian),"€ 7,75",United States,3.80,Mill 77 Brewing,5.2%,Pilsner - Italian,473ml,"€ 16,38 per litre"
Kriek (375ml),"€ 13,80",Belgium,4.52,Brasserie Cantillon,5.5%,Lambic - Kriek,Bottle 375ml,"€ 36,80 per litre"
Gueuze (375ml),"€ 11,10",Belgium,4.26,Brasserie Cantillon,5.5%,Lambic - Gueuze,Bottle 375ml,"€ 29,60 per litre"
The Green Council,"€ 6,42",Hungary,3.51,Mad Scientist,6.3%,Mead - Braggot,Can 440ml,"€ 14,59 per litre"
Daim,"€ 3,54",Belgium,3.61,La Source Beer Co.,8%,Belgian Tripel,330ml,"€ 10,73 per litre"
Coco Chaos,"€ 5,99",Netherlands,4.09,X-brewing,12.7%,Stout - Pastry,Can 440ml,"€ 13,61 per litre"
Pastry Train Schwarzwälder Kirsch,"€ 4,99",Netherlands,3.92,Brouwerij Kees,12.9%,Stout - Imperial / Double Pastry,330ml,"€ 15,12 per litre"
Gajes,"€ 3,29",Netherlands,3.63,Bruut Bier,8%,Belgian Tripel,330ml,"€ 9,97 per litre"
Indo Gone Wild,"€ 2,99",Netherlands,3.23,X-brewing,5.5%,Farmhouse Ale - Saison,330ml,"€ 9,97 per litre"
Iron Brew Sour,"€ 5,70",Scotland,3.82,Vault City Brewing,5.5%,Sour - Other,Can 440ml,"€ 12,95 per litre"
Munich Helles 50cl,"€ 3,70",Germany,3.45,Paulaner Brauerei,4.9%,Lager - Helles,500ml,"€ 7,40 per litre"
Munich Helles Bottle Fridge Filler,"€ 44,40",Germany,3.45,Paulaner Brauerei,4.9%,Lager - Helles,,
Rochefort Triple Extra,"€ 2,95",Belgium,3.76,Abbaye Notre-Dame de Saint-Rémy,8.1%,Belgian Tripel,330ml,"€ 8,94 per litre"
Erdinger Weissbier,"€ 1,69",Germany,3.65,Erdinger Weissbräu,5.3%,Wheat Beer - Hefeweizen,500ml,"€ 3,38 per litre"
Waterloo Triple Blond,"€ 3,30",Belgium,3.50,Waterloo Brewery Mont-St-Jean,8%,Belgian Tripel,330ml,"€ 10,00 per litre"
Van Eecke Kapittel Watou Pater,"€ 1,95",Belgium,3.11,Leroy Breweries,6%,Brown Ale - Belgian,330ml,"€ 5,91 per litre"
Hooglander Knightcap - Brandy BA,"€ 7,50",Netherlands,3.90,Mannenpap,11.1%,Stout - Imperial / Double,330ml,"€ 22,73 per litre"
Hagger Blend 1019 Blue,"€ 15,95",Austria,4.29,Brauhaus Bevog,12.2%,Barleywine - American,330ml,"€ 48,33 per litre"
Gelato Mango Lassi,"€ 6,00",Poland,3.86,Funky Fluid,5.5%,Sour - Smoothie / Pastry,500ml,"€ 12,00 per litre"
Free Gelato Blue Velvet,"€ 4,25",Poland,3.74,Funky Fluid,0.5%,Non-Alcoholic - Sour,500ml,"€ 8,50 per litre"
Aspiring Beam Of Light,"€ 7,29",Germany,3.94,Sudden Death Brewing Co.,5%,Sour - Fruited,Can 440ml,"€ 16,57 per litre"
Gelato XTREME Verde,"€ 8,50",Poland,4.19,Funky Fluid,8%,Sour - Smoothie / Pastry,500ml,"€ 17,00 per litre"
Higher Peaks,"€ 10,00",Romania,4.09,Hop Hooligans,12%,Stout - Imperial / Double Pastry,500ml,"€ 20,00 per litre"
Beast of Darkness,"€ 10,00",Romania,4.03,Hop Hooligans,13%,Stout - American,500ml,"€ 20,00 per litre"
Hair Raiser,"€ 10,00",Romania,4.03,Hop Hooligans,12%,Stout - Imperial / Double Pastry,500ml,"€ 20,00 per litre"
Palm Tree,"€ 7,50",United States,3.87,Quaff ON! Brewing Company,6%,Red Ale - Other,500ml,"€ 20,00 per litre"
Against the Cliffs,"€ 5,50",Spain,3.73,Cervesa Espiga,5%,IPA - Session,Can 440ml,"€ 12,50 per litre"
Chiemsee Dark,"€ 3,50",Germany,3.53,Camba Bavaria,5.6%,Schwarzbier,Can 440ml,"€ 7,95 per litre"
Brave Lands,"€ 7,00",Spain,3.80,Cervesa Espiga,7.5%,Grape Ale - Other,Bottle 375ml,"€ 18,67 per litre"
Pleasing Poison,"€ 5,75",Spain,3.77,Cervesa Espiga,6.3%,IPA - New England / Hazy,Can 440ml,"€ 13,07 per litre"
Hydrologic,"€ 7,49",United States,3.91,Outer Range Brewing Co.,5%,IPA - Session,Can 440ml,"€ 17,02 per litre"
Sea Cliffs,"€ 7,49",United States,3.87,Outer Range Brewing Co.,6%,IPA - New England / Hazy,Can 440ml,"€ 17,02 per litre"
Air Stream,"€ 5,99",United States,3.66,Outer Range Brewing Co.,7.9%,Belgian Strong Golden Ale,Can 440ml,"€ 13,61 per litre"
Franziskaner Hefe Weisse Alc. Vrij,"€ 2,45",Germany,3.69,Spaten-Franziskaner-Löwenbräu-Gruppe,0.5%,Wheat Beer - Hefeweizen,500ml,"€ 4,90 per litre"
Tallinn At Dawn (Cellar Series),"€ 9,50",Estonia,4.11,Põhjala,11%,Porter - Imperial / Double Baltic,330ml,"€ 28,79 per litre"
Põhjala / Garage Beer Spikes,"€ 6,50",Estonia,3.69,Põhjala,8%,IPA - American,Can 440ml,"€ 14,77 per litre"
Tongerlo Blond,"€ 2,75",Belgium,3.51,Brouwerij Haacht Brasserie,6.5%,Belgian Blonde,330ml,"€ 8,33 per litre"
Wasschappels Blond,"€ 6,95",Netherlands,3.51,Brouwerij 't Meuleneind,5.9%,Belgian Blonde,Bottle 750ml,"€ 9,27 per litre"
Wasschappels Tripel,"€ 6,95",Netherlands,3.47,Brouwerij 't Meuleneind,8.5%,Belgian Tripel,Bottle 750ml,"€ 9,27 per litre"
Barbier Blnd,"€ 2,60",Netherlands,3.00,Barbier - Bier Met Stijl,4.8%,Smoked Beer,Bottle 750ml,"€ 9,27 per litre"
Rise of the Dahu,"€ 13,00",United States,4.14,River Roost Brewery,8%,IPA - Imperial / Double New England / Hazy,Bottle 750ml,"€ 9,27 per litre"
Pop Hop White Wedding,"€ 3,45",Netherlands,3.38,POPHOP,5%,Wheat Beer - Witbier / Blanche,330ml,"€ 10,45 per litre"
Wishful Escapism Double IPA,"€ 8,40",Denmark,3.86,Stepping Stone Brewing Company,8.6%,IPA - Imperial / Double,Can 440ml,"€ 19,09 per litre"
Well Well Well IPA,"€ 7,80",Denmark,3.76,Stepping Stone Brewing Company,6.4%,IPA - New England / Hazy,Can 440ml,"€ 17,73 per litre"
Hopf Dunkle Weiße,"€ 2,33",Germany,3.53,Weißbierbrauerei Hopf,5.3%,Wheat Beer - Dunkelweizen,500ml,"€ 4,66 per litre"
Apocalyptic Thunder Juice NEIPA,"€ 4,99",Norway,3.73,Amundsen Brewery,6.5%,IPA - New England / Hazy,330ml,"€ 15,12 per litre"
Hopbliminal Messages NEIPA,"€ 4,99",Norway,3.73,Amundsen Brewery,5.3%,IPA - New England / Hazy,330ml,"€ 15,12 per litre"
Ink & Dagger Modern Day IPA,"€ 4,99",Norway,3.69,Amundsen Brewery,6.5%,IPA - Other,330ml,"€ 15,12 per litre"
Aldersbacher Kloster Hell,"€ 2,19",Germany,3.31,Brauerei Aldersbach,4.9%,Lager - Helles,500ml,"€ 4,38 per litre"
Budweiser Budvar Original Czech Lager,"€ 1,99",Czech Republic,3.30,Budějovický Budvar,5%,Pilsner - Czech / Bohemian,500ml,"€ 3,98 per litre"
tanzt Tango,"€ 2,29",Germany,3.17,Herr Schmidt,3%,Shandy / Radler,330ml,"€ 6,94 per litre"
Sunstead: White Nectarine,"€ 28,00",Denmark,4.30,Insight Cellars,6.6%,Wild Ale - Other,Bottle 750ml,"€ 37,33 per litre"
Mucho Mucho Mosaic,"€ 6,50",Spain,4.00,Basqueland Brewing,8%,IPA - Imperial / Double New England / Hazy,Can 440ml,"€ 14,77 per litre"
Tackle (Bitter Best),"€ 4,50",Spain,3.58,La Pirata Brewing,4%,Bitter - Best,Can 440ml,"€ 10,23 per litre"
Assassin Muerte Dulce - 2024,"€ 229,99",United States,4.31,Toppling Goliath Brewing Co.,13.63%,Stout - Imperial / Double,Can 440ml,"€ 10,23 per litre"
Grove,"€ 4,00",Poland,3.55,Moon Lark Brewery,6.7%,IPA - Fruited,Can 500ml,"€ 8,00 per litre"
Gone Bowling,"€ 4,99",Germany,3.85,FrauGruber Brewing,8.2%,IPA - Imperial / Double New England / Hazy,Can 440ml,"€ 11,34 per litre"
Fruit World Famous Raspberry Pie Sour,"€ 4,99",Sweden,3.77,Omnipollo,6%,Sour - Fruited,330ml,"€ 15,12 per litre"
Retro Futurism,"€ 4,99",Germany,3.74,FrauGruber Brewing,5.5%,IPA - New England / Hazy,Can 440ml,"€ 11,34 per litre"
Pleroma Peach Melba Creme Brulee,"€ 4,99",Sweden,3.65,Omnipollo,6%,Sour - Smoothie / Pastry,330ml,"€ 15,12 per litre"
Mana,"€ 4,80",Netherlands,3.82,Walhalla Brouwerij & Proeflokaal,7.5%,IPA - Imperial / Double New England / Hazy,330ml,"€ 14,55 per litre"
Tilquin Riesling,"€ 14,65",Belgium,4.24,Gueuzerie Tilquin,7.7%,Lambic - Fruit,Bottle 750ml,"€ 19,53 per litre"
Tilquin Oude Roussanne à l'Ancienne,"€ 14,41",Belgium,4.20,Gueuzerie Tilquin,8%,Lambic - Fruit,Bottle 750ml,"€ 19,21 per litre"
Tilquin Oude Rhubarbe,"€ 6,20",Belgium,4.08,Gueuzerie Tilquin,6.3%,Lambic - Other,Bottle 375ml,"€ 16,53 per litre"
Tilquin Oude Abricot,"€ 13,42",Belgium,4.07,Gueuzerie Tilquin,6.3%,Lambic - Fruit,Bottle 750ml,"€ 17,89 per litre"
Serclaes d'Erpines Oud Bruin,"€ 21,63",Belgium,3.97,Donder,7.5%,Sour - Flanders Oud Bruin,Bottle 750ml,"€ 28,84 per litre"
Geuze Mariage Parfait,"€ 7,96",Belgium,3.79,Brouwerij Boon,8%,Lambic - Gueuze,Bottle 750ml,"€ 10,61 per litre"
Sobroek Dervishes Saison Lambic,"€ 17,71",Belgium,3.67,Donder,4.6%,Farmhouse Ale - Saison,Bottle 750ml,"€ 23,61 per litre"
L'Ensemble,"€ 4,50",Belgium,3.94,Brouwerij De Dochter van de Korenaar,13%,Barleywine - English,330ml,"€ 13,64 per litre"
Blonde Boei,"€ 3,14",Netherlands,3.55,Stadsbrouwerij 013,5%,Belgian Tripel,330ml,"€ 9,52 per litre"
Wanderlust,"€ 2,62",Netherlands,3.19,Van Moll,5%,Non-Alcoholic - IPA,Can 330ml,"€ 7,94 per litre"
Bottle Logic / Superstition Meadery Equivalent Dose (2023),"€ 39,95",United States,4.27,Bottle Logic Brewing,11%,Stout - Imperial / Double,500ml,"€ 79,90 per litre"
Sin & Remorse Peated Whiskey BA,"€ 16,50",Netherlands,3.76,Jopen,12%,Stout - Imperial / Double,Bottle 750ml,"€ 22,00 per litre"
Kompaan Tropical Target Practice,"€ 5,50",Netherlands,3.60,KOMPAAN Dutch Craft Beer Company,5.5%,IPA - Fruited,Can 440ml,"€ 12,50 per litre"
Kompaan / Prizm Down Under,"€ 4,70",Netherlands,3.51,KOMPAAN Dutch Craft Beer Company,5.4%,Pilsner - New Zealand,Can 440ml,"€ 10,68 per litre"
Kompaan Mango Tango,"€ 4,75",Netherlands,3.30,KOMPAAN Dutch Craft Beer Company,5.5%,Sour - Fruited,Can 440ml,"€ 10,80 per litre"
Gouden Carolus Whisky Infused,"€ 3,40",Belgium,4.00,Brouwerij Het Anker,11.7%,Belgian Strong Dark Ale,330ml,"€ 10,30 per litre"
Draught,"€ 3,50",Ireland,3.77,Guinness,4.2%,Stout - Irish Dry,500ml,"€ 7,00 per litre"
Lamme Goedzak,"€ 2,90",Belgium,3.56,Scheldebrouwerij,7%,Belgian Blonde,330ml,"€ 8,79 per litre"
Woerdens Blond (batch#1),"€ 3,40",Netherlands,3.52,Bierloods22,7.5%,Belgian Blonde,330ml,"€ 10,30 per litre"
Fuzzy,"€ 4,30",England,3.73,Cloudwater Brew Co.,4.2%,Pale Ale - New England / Hazy,Can 440ml,"€ 9,77 per litre"
Happy,"€ 3,90",England,3.67,Cloudwater Brew Co.,3.5%,Pale Ale - New England / Hazy,Can 440ml,"€ 8,86 per litre"
Pohjala - Orange Gose CAN,"€ 4,40",Estonia,3.42,Põhjala,5.5%,Sour - Fruited Gose,330ml,"€ 13,33 per litre"
Jever low Alcohol,"€ 2,40",Germany,2.57,Friesisches Brauhaus zu Jever,0.3%,Non-Alcoholic - Lager,500ml,"€ 4,80 per litre"
Hazards Of Love,"€ 7,50",England,3.94,Pentrich Brewing Co.,7.3%,IPA - American,Can 440ml,"€ 17,05 per litre"
Maas Baas,"€ 6,49",Netherlands,3.69,Zuyd Craft,6.5%,IPA - New England / Hazy,Can 440ml,"€ 14,75 per litre"
IDUN,"€ 3,99",Netherlands,3.66,Walhalla Brouwerij & Proeflokaal,5.2%,IPA - Sour,330ml,"€ 12,09 per litre"
Passion For Session,"€ 4,29",Netherlands,3.47,Brouwerij Kees,4.5%,IPA - Session,Can 440ml,"€ 9,75 per litre"
High Ground IPA,"€ 6,50",France,3.85,Prizm Brewing Co.,6%,IPA - New England / Hazy,Can 440ml,"€ 14,77 per litre"
Bali New England IPA,"€ 4,60",France,3.80,Prizm Brewing Co.,5.7%,IPA - New England / Hazy,330ml,"€ 13,94 per litre"
Perfection Pale Ale,"€ 6,20",France,3.79,Prizm Brewing Co.,5%,Pale Ale - New England / Hazy,Can 440ml,"€ 14,09 per litre"
Legacy New England Pale Ale,"€ 4,50",France,3.60,Prizm Brewing Co.,5%,Pale Ale - New England / Hazy,330ml,"€ 13,64 per litre"
Fuego Fuego Mexican Lager,"€ 2,60",France,3.44,Vendale,4.2%,Lager - Mexican,330ml,"€ 7,88 per litre"
Koko Barik,"€ 9,50",Belgium,4.10,Galea Craft Beers,14.5%,Stout - Imperial / Double,330ml,"€ 28,79 per litre"
Wadesda 9,"€ 3,80",Belgium,3.83,Brasserie de la Senne,8%,Farmhouse Ale - Bière de Coupage,330ml,"€ 11,52 per litre"
Holsbeekse Tripel,"€ 12,00",Belgium,3.55,Brouwerij De Vlier,8%,Belgian Tripel,Bottle 750ml,"€ 16,00 per litre"
White,"€ 12,00",Belgium,3.37,Brouwerij De Vlier,5.5%,Wheat Beer - Witbier / Blanche,Bottle 750ml,"€ 16,00 per litre"
Carrousel,"€ 12,00",Belgium,3.35,Brouwerij De Vlier,6%,Blonde / Golden Ale - Other,Bottle 750ml,"€ 16,00 per litre"
Sako 2 Year Oude Lambiek Adelaar,"€ 19,92",Belgium,3.77,Brouwerij-Stokerij Sako,6.5%,Lambic - Gueuze,3000ml,"€ 6,64 per litre"
Original,"€ 3,99",Scotland,3.63,Thistly Cross Cider,6.2%,Cider - Traditional / Apfelwein,500ml,"€ 7,98 per litre"
Imperial IPA,"€ 4,25",Germany,3.67,Camba Bavaria,8.9%,IPA - Imperial / Double,Can 440ml,"€ 9,66 per litre"
Märzen,"€ 2,45",Germany,3.44,Camba Bavaria,5.8%,Märzen,500ml,"€ 4,90 per litre"
Saga 10,"€ 4,10",Netherlands,3.76,Zuyd Craft,10%,Belgian Quadrupel,330ml,"€ 12,42 per litre"
Big Doink Double IPA,"€ 7,60",Denmark,4.01,Gamma Brewing Company,8%,IPA - Imperial / Double New England / Hazy,Can 440ml,"€ 17,27 per litre"
Slushasaurus Blue Raspberry Slushy Sour,"€ 7,10",England,3.45,Neon Raptor Brewing Co.,5%,Sour - Fruited,Can 440ml,"€ 16,14 per litre"
Mahrs Brau Helles,"€ 4,70",Germany,3.52,Mahr's Bräu,4.9%,Lager - Helles,500ml,"€ 9,40 per litre"
Unverhopft x Zehlendorf Lichtenfelder Zehli Berlin Pale Ale,"€ 5,19",Germany,3.81,Unverhopft,5.2%,Pale Ale - Other,Can 440ml,"€ 11,80 per litre"
Brewing Melcher Street IPA,"€ 14,99",United States,4.25,Trillium Brewing Company,7.2%,IPA - American,473ml,"€ 31,69 per litre"
Brewing Mass Ave Double IPA,"€ 14,99",United States,4.25,Trillium Brewing Company,8.2%,IPA - Imperial / Double New England / Hazy,473ml,"€ 31,69 per litre"
Brewing Fort Point American Pale Ale,"€ 14,99",United States,4.21,Trillium Brewing Company,6.6%,Pale Ale - American,473ml,"€ 31,69 per litre"
Back Again Triple IPA,"€ 6,99",Germany,3.95,FrauGruber Brewing,9.8%,IPA - Triple New England / Hazy,Can 440ml,"€ 15,89 per litre"
Superdelic DIPA,"€ 6,49",Germany,3.74,FrauGruber Brewing,7.8%,IPA - Imperial / Double New England / Hazy,Can 440ml,"€ 14,75 per litre"
Texels Skuumkoppe,"€ 8,99",Netherlands,3.62,Texelse Bierbrouwerij,6%,Wheat Beer - Dunkelweizen,Can 440ml,"€ 14,75 per litre"
Gentse Strop,"€ 2,45",Belgium,3.56,Brouwerij Van Steenberge,8%,Belgian Tripel,330ml,"€ 7,42 per litre"
Hefe-Weissbier Dunkel,"€ 3,90",Germany,3.55,Paulaner Brauerei,5%,Wheat Beer - Dunkelweizen,500ml,"€ 7,80 per litre"
Bloedappelsien,"€ 13,91",Belgium,3.75,Brouwerij Kestemont,6%,Lambic - Fruit,Bottle 375ml,"€ 37,09 per litre"
Smooth Criminals: Strawberry Daiquiri,"€ 3,59",Netherlands,3.89,Brouwerij Frontaal,6.5%,Sour - Smoothie / Pastry,330ml,"€ 10,88 per litre"
Balcony Bonfire At Your Bnb,"€ 5,20",Netherlands,3.58,Uiltje Brewing Company,5%,IPA - White / Wheat,Can 440ml,"€ 11,82 per litre"
DakuWaqa,"€ 3,19",Netherlands,3.49,De Kromme Haring,6%,IPA - White / Wheat,330ml,"€ 9,67 per litre"
Wyrm Food,"€ 6,99",England,4.15,Azvex Brewing Company,8.4%,IPA - Imperial / Double New England / Hazy,Can 440ml,"€ 15,89 per litre"
Visual Calculus,"€ 5,35",England,4.05,Azvex Brewing Company,7.3%,IPA - New England / Hazy,Can 440ml,"€ 12,16 per litre"
Cosmic Democracy,"€ 5,95",England,4.05,Azvex Brewing Company,7.5%,IPA - New England / Hazy,Can 440ml,"€ 13,52 per litre"
Pantheon,"€ 7,05",England,4.02,Tartarus Beers,8%,IPA - Imperial / Double New England / Hazy,Can 440ml,"€ 16,02 per litre"
Ice Planet By Rackhouse,"€ 16,99",Norway,4.38,LERVIG,14.1%,Stout - Imperial / Double,Bottle 375ml,"€ 45,31 per litre"
Pineapple x Apricot x Vanilla Smoothie Sour Ale,"€ 5,99",Latvia,4.19,Ārpus Brewing Co.,4%,Sour - Smoothie / Pastry,Can 440ml,"€ 13,61 per litre"
Blueberry & Maple Buttermilk Pancake Stack,"€ 8,00",England,4.19,Buxton Brewery,9.7%,Stout - Pastry,Can 440ml,"€ 18,18 per litre"
Blueberry Muffin Waffle Cone Crunch,"€ 10,60",Scotland,4.13,Vault City Brewing,8.3%,Sour - Smoothie / Pastry,Can 440ml,"€ 24,09 per litre"
White Chocolate Cherry Cheesecake,"€ 7,60",Scotland,4.09,Vault City Brewing,6.3%,Sour - Smoothie / Pastry,Can 440ml,"€ 17,27 per litre"
Fizzician Float Session Sour,"€ 7,10",Scotland,4.03,Vault City Brewing,4.5%,Sour - Fruited,Can 440ml,"€ 16,14 per litre"
Very Berry Single Scoop,"€ 7,10",Scotland,4.02,Vault City Brewing,4.1%,Sour - Smoothie / Pastry,Can 440ml,"€ 16,14 per litre"
A Basic Equation  Raspberry Wheat beer,"€ 5,60",England,3.62,Turning Point Brew Co.,4.8%,Wheat Beer - Fruited,Can 440ml,"€ 12,73 per litre"
Milk Foley,"€ 5,90",England,3.57,Brew York/ Turning Point Brew Co.,6.3%,Pale Ale - Milkshake,Can 440ml,"€ 13,41 per litre"
Turtles All The Way Down,"€ 6,00",England,3.81,Duration Brewing,5.5%,IPA - American,Can 440ml,"€ 13,64 per litre"
Another Day Done,"€ 5,40",England,3.64,Duration Brewing,4.4%,Pale Ale - American,Can 440ml,"€ 12,27 per litre"
Sweeping Coast,"€ 5,40",England,3.62,Duration Brewing,4.8%,Pale Ale - American,Can 440ml,"€ 12,27 per litre"
Kasteel Barista,"€ 8,95",Belgium,3.62,Kasteel Brouwerij Vanhonsebrouck,11%,Belgian Quadrupel,Bottle 750ml,"€ 11,93 per litre"
Delirium Red,"€ 2,75",Belgium,3.58,Delirium - Huyghe Brewery,8%,Fruit Beer,330ml,"€ 8,33 per litre"
Peach,"€ 1,80",Belgium,3.34,Brouwerij Liefmans,3.8%,Fruit Beer,Bottle 250ml,"€ 7,20 per litre"
Cult,"€ 4,80",England,3.55,Mash Gang,0.5%,Non-Alcoholic - Pale Ale,Can 440ml,"€ 10,91 per litre"
Kasteel Trignac Xii 2022,"€ 26,99",Belgium,4.08,Kasteel Brouwerij Vanhonsebrouck,12%,Belgian Tripel,Bottle 750ml,"€ 35,99 per litre"
Kasteel Tripel,"€ 6,99",Belgium,3.63,Kasteel Brouwerij Vanhonsebrouck,11%,Belgian Tripel,Bottle 750ml,"€ 9,32 per litre"
Seef Bier,"€ 2,64",Belgium,3.53,Antwerpse Brouw Compagnie,6.5%,Belgian Blonde,330ml,"€ 8,00 per litre"
Pohjala Tundra,"€ 2,60",Estonia,3.05,Põhjala,0.5%,Non-Alcoholic - IPA,330ml,"€ 7,88 per litre"
Bidon Recup,"€ 3,50",Belgium,2.69,Brouwerij Broeder Jacob,0.3%,Non-Alcoholic - Other,330ml,"€ 7,88 per litre"
Happy!,"€ 3,90",England,3.67,Cloudwater Brew Co.,3.5%,Pale Ale - New England / Hazy,4-pack,"Total price: € 3,90"
Happy!,"€ 13,20",England,3.67,Cloudwater Brew Co.,3.5%,Pale Ale - New England / Hazy,4-pack,"Total price: € 13,20"
Tripel,"€ 3,60",Netherlands,3.51,Vijfheeren Bier,8.1%,Belgian Tripel,330ml,"€ 10,91 per litre"
Dubbel,"€ 3,60",Netherlands,3.38,Vijfheeren Bier,7.3%,Belgian Dubbel,330ml,"€ 10,91 per litre"
Skiller Veilige Haven,"€ 13,99",Netherlands,3.83,Ouwe Skilder Brouwerij,9.2%,Porter - Imperial / Double,Bottle 750ml,"€ 18,65 per litre"
Die Rooie,"€ 4,99",Netherlands,3.47,Ouwe Skilder Brouwerij,9.1%,Red Ale - Imperial / Double,330ml,"€ 15,12 per litre"
BA Hybrid Treats  Cinnamon Bun & Dark Roasted Coffee,"€ 11,95",Estonia,4.01,Sori Brewing,12%,Stout - Imperial / Double Pastry,330ml,"€ 36,21 per litre"
Uranus – BA Stout,"€ 13,10",Netherlands,4.35,Moersleutel Craft Brewery,14%,Stout - Russian Imperial,Can 440ml,"€ 29,77 per litre"
Neptune – Mega  Pastry BA Stout,"€ 14,10",Netherlands,4.30,Moersleutel Craft Brewery,14%,Stout - Imperial / Double Pastry,Can 440ml,"€ 32,05 per litre"
Saturn – Mega Pastry Stout,"€ 8,10",Netherlands,4.19,Moersleutel Craft Brewery,11%,Stout - Imperial / Double Pastry,Can 440ml,"€ 18,41 per litre"
Engels & Drop,"€ 3,45",Netherlands,3.64,Brouwerij de Molen,9%,Porter - Imperial / Double,330ml,"€ 10,45 per litre"
Pass Me The Heater,"€ 4,80",England,2.12,Mash Gang,0.5%,Non-Alcoholic - IPA,Can 440ml,"€ 10,91 per litre"
Brutalism,"€ 4,80",England,1.95,Mash Gang,0.5%,Non-Alcoholic - IPA,Can 440ml,"€ 10,91 per litre"
Heir To The Throne,"€ 3,90",Romania,3.96,Bereta Brewing Co.,6.1%,IPA - New England / Hazy,Can 440ml,"€ 8,86 per litre"
Mars – Candybar Stout,"€ 8,10",Netherlands,4.14,Moersleutel Craft Brewery,11%,Stout - Imperial / Double Pastry,Can 440ml,"€ 18,41 per litre"
Earth – Nitro Stout,"€ 7,10",Netherlands,3.71,Moersleutel Craft Brewery,8%,Stout - Other,Can 440ml,"€ 16,14 per litre"
Blanche de Namur Rosée,"€ 1,60",Belgium,3.12,Brasserie du Bocq,3.4%,Wheat Beer - Fruited,Bottle 250ml,"€ 6,40 per litre"
Snicket of Beer,"€ 5,99",Poland,3.90,Magic Road,5.1%,IPA - New Zealand,500ml,"€ 11,98 per litre"
Pretty - Kiwi & Pineapple,"€ 6,29",Poland,3.87,Magic Road,5%,Sour - Smoothie / Pastry,500ml,"€ 12,58 per litre"
Door To Door,"€ 5,99",Poland,3.85,Magic Road,8%,IPA - Imperial / Double,500ml,"€ 11,98 per litre"
"Wonders - Chokeberry, Redcurrant & Coconut","€ 6,29",Poland,3.69,Magic Road,4.9%,Sour - Smoothie / Pastry,500ml,"€ 12,58 per litre"
Straight Outta The Laboratory,"€ 10,50",United States,4.38,Equilibrium Brewery,10.2%,IPA - Triple,473ml,"€ 22,20 per litre"
Vanilla Coffee Bourbon Barrel Dark Apparition,"€ 20,00",United States,4.35,Jackie O's Brewery,13.9%,Stout - Russian Imperial,Bottle 375ml,"€ 53,33 per litre"
Bourbon Barrel Dark Apparition 2024,"€ 20,00",United States,4.34,Jackie O's Brewery,12.5%,Stout - Russian Imperial,Bottle 375ml,"€ 53,33 per litre"
Schmoojee Double Raspberry Puffsicle,"€ 12,00",United States,4.34,Imprint Beer Co.,6.2%,Sour - Smoothie / Pastry,473ml,"€ 25,37 per litre"
Strawberry Float,"€ 12,00",United States,4.32,Spanish Marie Brewery,5%,Sour - Fruited,473ml,"€ 25,37 per litre"
Alfajores,"€ 23,00",United States,4.29,Equilibrium Brewery,11%,Stout - Imperial / Double Pastry,500ml,"€ 46,00 per litre"
The Chosen One,"€ 9,25",United States,4.29,Tilted Barn Brewery,8%,IPA - Imperial / Double,473ml,"€ 19,56 per litre"
Gloopfellas,"€ 12,00",United States,4.27,Imprint Beer Co.,6.5%,Sour - Smoothie / Pastry,473ml,"€ 25,37 per litre"
Overcoil,"€ 24,00",United States,4.26,Jackie O's Brewery,12.9%,Stout - Imperial / Double,Bottle 375ml,"€ 64,00 per litre"
Skelehawk,"€ 10,75",United States,4.26,Parish Brewing Co.,8%,IPA - Imperial / Double New England / Hazy,473ml,"€ 22,73 per litre"
Apple Brandy Barrel Dark Apparition,"€ 20,00",United States,4.23,Jackie O's Brewery,13.5%,Stout - Imperial / Double,Bottle 375ml,"€ 53,33 per litre"
Bourbon Barrel Aged Pecan Like a Bomb,"€ 30,00",United States,4.23,Imprint Beer Co.,13.5%,Stout - Imperial / Double Pastry,500ml,"€ 60,00 per litre"
Goofy Goober,"€ 11,50",United States,4.21,Spanish Marie Brewery,5%,Sour - Smoothie / Pastry,473ml,"€ 24,31 per litre"
You Ever Think About Dying?,"€ 11,50",United States,4.17,Spanish Marie Brewery,5%,Sour - Fruited,473ml,"€ 24,31 per litre"
Ecto Kewler: Sike!,"€ 11,50",United States,4.09,Spanish Marie Brewery,5%,Sour - Fruited,473ml,"€ 24,31 per litre"
Banana Nirvana,"€ 30,00",United States,4.00,Imprint Beer Co.,12%,Stout - Imperial / Double Pastry,500ml,"€ 60,00 per litre"
Schmoojee Puffcello Raspberry White Peach,"€ 12,00",United States,4.00,Imprint Beer Co.,7%,Fruit Beer,473ml,"€ 25,37 per litre"
Spot Hitting Yourself,"€ 11,50",United States,3.96,Spanish Marie Brewery,5%,Sour - Fruited,473ml,"€ 24,31 per litre"
Busy Work,"€ 6,75",United States,3.91,Corporate Ladder Brewing Company,5.25%,Lager - Munich Dunkel,473ml,"€ 14,27 per litre"
Dessert Station Mango Creamsicle,"€ 9,50",United States,3.72,Corporate Ladder Brewing Company,6.5%,Gluten-Free,473ml,"€ 20,08 per litre"
Blinded By Fury,"€ 11,50",United States,3.66,Spanish Marie Brewery,5%,Rauchbier,473ml,"€ 24,31 per litre"
Dessert Station Blueberry Pie,"€ 11,50",United States,4.41,Corporate Ladder Brewing Company,6.5%,Gluten-Free,473ml,"€ 24,31 per litre"
Dessert Station Apple Pie,"€ 11,50",United States,4.40,Corporate Ladder Brewing Company,6.5%,Gluten-Free,473ml,"€ 24,31 per litre"
Super Never Say Never 2023,"€ 19,00",Canada,4.30,Rouge River Brewing Company,11.9%,Stout - Russian Imperial,355ml,"€ 53,52 per litre"
Til The Blood Runs Dry,"€ 12,00",Canada,4.26,Third Moon Brewing Company,10.5%,IPA - Triple New England / Hazy,473ml,"€ 25,37 per litre"
Pseudoscience,"€ 10,00",United States,4.23,BlackStack Brewing,8.4%,IPA - Imperial / Double New England / Hazy,473ml,"€ 21,14 per litre"
Selected Fourth Anniversary,"€ 10,75",Canada,4.21,Third Moon Brewing Company,8%,IPA - Imperial / Double New England / Hazy,473ml,"€ 22,73 per litre"
Barrel Aged Bestowed Birthday 4th Anniversary,"€ 23,00",Canada,4.19,Third Moon Brewing Company,13%,Stout - Imperial / Double Pastry,Bottle 375ml,"€ 61,33 per litre"
Stay Classy,"€ 11,00",Canada,4.19,Wood Brothers Brewing Co.,8%,IPA - Imperial / Double,473ml,"€ 23,26 per litre"
Double Separation Anxiety 2024,"€ 10,50",Canada,4.17,Third Moon Brewing Company,8%,IPA - Imperial / Double New England / Hazy,473ml,"€ 22,20 per litre"
Grip The Nerves,"€ 10,75",Canada,4.17,Third Moon Brewing Company,8%,IPA - Imperial / Double New England / Hazy,473ml,"€ 22,73 per litre"
Dessert Station Strawberry Shortcake,"€ 11,50",United States,4.16,Corporate Ladder Brewing Company,6.5%,Gluten-Free,473ml,"€ 24,31 per litre"
Annihilation,"€ 10,00",United States,4.15,Adroit Theory,7.5%,IPA - Imperial / Double New England / Hazy,473ml,"€ 21,14 per litre"
Never Say Never 2023,"€ 15,50",Canada,4.14,Rouge River Brewing Company,11.9%,Stout - Russian Imperial,355ml,"€ 43,66 per litre"
Trespass,"€ 9,50",Canada,4.14,Third Moon Brewing Company,6.5%,IPA - New England / Hazy,473ml,"€ 20,08 per litre"
Them 2024,"€ 9,50",Canada,4.13,Third Moon Brewing Company,6.5%,IPA - New England / Hazy,473ml,"€ 20,08 per litre"
Bone Tree DDH Fourth Anniversary,"€ 10,00",Canada,4.13,Third Moon Brewing Company,6.5%,IPA - New England / Hazy,473ml,"€ 21,14 per litre"
Statim Finis XTRM TURBO,"€ 10,50",Canada,4.26,Messorem,8.7%,IPA - Imperial / Double,473ml,"€ 22,20 per litre"
Tropical Mutant IPA Experimental Series IV,"€ 4,76",United States,3.71,Oskar Blues Brewery,7%,IPA - Other,355ml,"€ 13,41 per litre"
Dale's American Pale Ale,"€ 5,29",United States,3.37,Oskar Blues Brewery,4.2%,Lager - American Light,355ml,"€ 14,90 per litre"
Hasard,"€ 12,00",Canada,4.41,Brasserie du Bas-Canada,10%,IPA - Triple,473ml,"€ 25,37 per litre"
Aqua Vitae,"€ 11,50",Canada,4.33,Brasserie du Bas-Canada,8.5%,IPA - Imperial / Double,473ml,"€ 24,31 per litre"
Affinité,"€ 10,50",Canada,4.31,Brasserie du Bas-Canada,8.2%,IPA - Imperial / Double,473ml,"€ 22,20 per litre"
Hypa #5,"€ 10,00",Canada,4.30,Brasserie du Bas-Canada,6.5%,IPA - American,473ml,"€ 21,14 per litre"
Dépression Saisonniere,"€ 10,50",Canada,4.29,Brasserie du Bas-Canada,8.2%,IPA - Imperial / Double,473ml,"€ 22,20 per litre"
Maple Coffee Reserve,"€ 15,00",Australia,4.26,Bacchus Brewing Co.,13.2%,Stout - Imperial / Double Coffee,Bottle 375ml,"€ 40,00 per litre"
Substitution,"€ 10,00",Canada,4.26,Brasserie du Bas-Canada,6.9%,IPA - American,473ml,"€ 21,14 per litre"
Mocha Reserve,"€ 15,00",Australia,4.26,Bacchus Brewing Co.,13%,Stout - Imperial / Double Coffee,Bottle 375ml,"€ 40,00 per litre"
Jamingtonne,"€ 13,50",Australia,4.24,Bacchus Brewing Co.,10%,Dark Ale,Bottle 375ml,"€ 36,00 per litre"
Monumintal,"€ 13,50",Australia,4.22,Bacchus Brewing Co.,13.1%,Stout - Imperial / Double Pastry,Bottle 375ml,"€ 36,00 per litre"
Abfaberge Rum Reserve,"€ 15,00",Australia,4.20,Bacchus Brewing Co.,13.4%,Stout - Imperial / Double Pastry,Bottle 375ml,"€ 40,00 per litre"
WAR & PEAT,"€ 20,00",Australia,4.18,Bacchus Brewing Co.,12%,Stout - Russian Imperial,Bottle 375ml,"€ 53,33 per litre"
Cuatro Jinetes: Simcoe,"€ 20,00",United States,4.10,Brujos Brewing,6.9%,IPA - American,473ml,"€ 42,28 per litre"
Cherry Vibe,"€ 13,50",Australia,4.08,Bacchus Brewing Co.,10.2%,Stout - Imperial / Double Milk,Bottle 375ml,"€ 36,00 per litre"
Path of the Ryeteous Man BBA,"€ 15,00",Australia,4.08,Bacchus Brewing Co.,11.7%,IPA - Imperial / Double Black,Bottle 375ml,"€ 40,00 per litre"
Tilquin Oude Gueuze Tilquin à l'ancienne Cuvée Paul,"€ 17,46",Belgium,4.21,Gueuzerie Tilquin,7%,Lambic - Gueuze,Bottle 750ml,"€ 23,28 per litre"
Tilquin Oude Gueuze Tilquin Cuvée Jean-Paul,"€ 17,46",Belgium,4.21,Gueuzerie Tilquin,7%,Lambic - Gueuze,Bottle 750ml,"€ 23,28 per litre"
FF Lekker met je bek in het Zonnetje,"€ 2,65",Netherlands,3.43,Uiltje Brewing Company,3.6%,IPA - Session,330ml,"€ 8,03 per litre"
Momentum Blackcurrant,"€ 4,68",Estonia,4.01,Pühaste Brewery,12%,Porter - Imperial / Double Baltic,Can 330ml,"€ 14,18 per litre"
Rabarber,"€ 15,13",Belgium,3.66,Brouwerij Kestemont,5.5%,Lambic - Other,Bottle 750ml,"€ 20,17 per litre"
Rabarber,"€ 8,82",Belgium,3.66,Brouwerij Kestemont,5.5%,Lambic - Other,Bottle 375ml,"€ 23,52 per litre"
Langbräu Bock Hell,"€ 2,10",Germany,3.30,Lang-Bräu,7.5%,Bock - Doppelbock,500ml,"€ 4,20 per litre"
Meinel Dunkel,"€ 2,00",Germany,3.29,Meinel Bräu,4.3%,Lager - Munich Dunkel,500ml,"€ 4,00 per litre"
Ragnar – Imperial Baltic Porter,"€ 7,45",Poland,3.96,Trzech Kumpli,10.7%,Porter - Imperial / Double Baltic,330ml,"€ 22,58 per litre"
Apple,"€ 1,95",Belgium,3.49,Brouwerij Lindemans,3.5%,Lambic - Fruit,Bottle 250ml,"€ 7,80 per litre"
Peach on the Beach,"€ 4,10",Poland,3.96,Browar Stu Mostów,6%,Sour - Fruited Gose,Can 440ml,"€ 9,32 per litre"
Dreamlight Voyage,"€ 4,60",Poland,3.78,Browar Stu Mostów,8%,IPA - Imperial / Double New England / Hazy,Can 440ml,"€ 10,45 per litre"
Barley Wine z Wiśniami,"€ 6,70",Poland,3.67,Browar Zamkowy Cieszyn,9%,Barleywine - Other,Bottle 330ml,"€ 20,30 per litre"
Pszeniczne,"€ 2,80",Poland,3.33,Browar Zamkowy Cieszyn,5.4%,Wheat Beer - Hefeweizen,Bottle 500ml,"€ 5,60 per litre"
Lager,"€ 2,20",Poland,3.19,Browar Zamkowy Cieszyn,5%,Lager - Pale,Bottle 500ml,"€ 4,40 per litre"
BLACC Bananas Foster,"€ 17,50",Australia,4.38,Bacchus Brewing Co.,14.4%,Stout - Imperial / Double Pastry,Bottle 375ml,"€ 46,67 per litre"
BLACC Pineapple,"€ 17,50",Australia,4.34,Bacchus Brewing Co.,14.6%,Stout - Imperial / Double Pastry,Bottle 375ml,"€ 46,67 per litre"
Salted Caramel Reserve,"€ 15,50",Australia,4.33,Bacchus Brewing Co.,14.7%,Stout - Imperial / Double Pastry,Bottle 375ml,"€ 41,33 per litre"
BLACC Plums Islay Edition,"€ 17,50",Australia,4.33,Bacchus Brewing Co.,15.1%,Stout - Imperial / Double Pastry,Bottle 375ml,"€ 46,67 per litre"
Toblerale,"€ 15,00",Australia,4.32,Bacchus Brewing Co.,14%,Barleywine - Other,Bottle 375ml,"€ 40,00 per litre"
Hyperpastry Espresso,"€ 15,00",Australia,4.31,Bacchus Brewing Co.,13.2%,Stout - Imperial / Double Coffee,Bottle 375ml,"€ 40,00 per litre"
AbFaberge,"€ 14,50",Australia,4.31,Bacchus Brewing Co.,13%,Stout - Imperial / Double Pastry,Bottle 375ml,"€ 38,67 per litre"
The Complete & Udder Desolation of S'more,"€ 15,00",Australia,4.31,Bacchus Brewing Co.,13.5%,Stout - Imperial / Double Pastry,Bottle 375ml,"€ 40,00 per litre"
Yuletide Festive Stout,"€ 14,50",Australia,4.30,Bacchus Brewing Co.,13%,Stout - Imperial / Double Pastry,Bottle 375ml,"€ 38,67 per litre"
Bo Jingles X the Final Chapter,"€ 14,50",Australia,4.30,Bacchus Brewing Co.,13.4%,Stout - Imperial / Double Pastry,Bottle 375ml,"€ 38,67 per litre"
Abfaberge Bourbon Reserve,"€ 15,00",Australia,4.29,Bacchus Brewing Co.,13.4%,Stout - Imperial / Double Pastry,Bottle 375ml,"€ 40,00 per litre"
Persian Princess,"€ 14,50",Australia,4.29,Bacchus Brewing Co.,13%,Stout - Imperial / Double Pastry,Bottle 375ml,"€ 38,67 per litre"
Islay Reserve 2023,"€ 20,00",Australia,4.28,Bacchus Brewing Co.,16.2%,Barleywine - Other,Bottle 375ml,"€ 53,33 per litre"
Ferrero SuperBeast,"€ 15,00",Australia,4.24,Bacchus Brewing Co.,14.3%,Red Ale - Imperial / Double,Bottle 375ml,"€ 40,00 per litre"
Holé Molé,"€ 14,50",Australia,4.12,Bacchus Brewing Co.,13.6%,Stout - Other,Bottle 375ml,"€ 38,67 per litre"
Holé Molé Bourbon Oaked,"€ 15,00",Australia,4.11,Bacchus Brewing Co.,14%,Stout - Other,Bottle 375ml,"€ 40,00 per litre"
Kriek,"€ 2,30",Belgium,3.41,Brouwerij Wilderen,3.5%,Fruit Beer,330ml,"€ 6,97 per litre"
Death of Civillization In Slow Motion Pt. 2,"€ 9,60",United States,4.20,Adroit Theory,8.5%,IPA - Imperial / Double New England / Hazy,330ml,"€ 6,97 per litre"
Confessions (Ghost 1188),"€ 12,10",United States,4.16,Adroit Theory,16.66%,Stout - Russian Imperial,473ml,"€ 25,58 per litre"
Operation Warfare: Sedition,"€ 9,60",United States,4.15,Adroit Theory,8.3%,IPA - New England / Hazy,473ml,"€ 25,58 per litre"
Dorks of Hazard,"€ 9,90",United States,4.05,Hoof Hearted Brewing,7%,IPA - New England / Hazy,473ml,"€ 25,58 per litre"
Moedige Margaretha,"€ 3,10",Netherlands,3.56,Brouwerij De 12 Stuyvers,10%,Belgian Quadrupel,330ml,"€ 9,39 per litre"
Pannepot,"€ 8,50",Belgium,3.96,De Struise Brouwers,10%,Belgian Strong Dark Ale,Bottle 330ml,"€ 25,76 per litre"
Pillows,"€ 6,80",Northern Ireland,3.74,Boundary Brewing,4.3%,Pale Ale - New England / Hazy,Can 440ml,"€ 15,45 per litre"
Kriek,"€ 2,50",Belgium,3.50,Ter Dolen,4.5%,Fruit Beer,330ml,"€ 7,58 per litre"
Balam 2023,"€ 18,50",Canada,4.44,Blood Brothers Brewing,11.9%,Stout - Imperial / Double Coffee,473ml,"€ 39,11 per litre"
Daniel,"€ 15,80",Canada,4.33,Blood Brothers Brewing,14%,Stout - Imperial / Double,473ml,"€ 33,40 per litre"
Kevin,"€ 15,80",Canada,4.23,Blood Brothers Brewing,13.5%,Stout - Imperial / Double,473ml,"€ 33,40 per litre"
Narcosatánicos,"€ 12,00",Canada,3.93,Blood Brothers Brewing,7%,Farmhouse Ale - Saison,473ml,"€ 25,37 per litre"
Autopop - Pineapple Soda,"€ 7,80",Canada,3.87,Blood Brothers Brewing,4%,Sour - Fruited,473ml,"€ 16,49 per litre"
Epos,"€ 1,99",Netherlands,3.18,Bierbrouwerij De Koningshoeven,4%,Non-Alcoholic - Pale Ale,330ml,"€ 6,03 per litre"
Andechs Vollbier Hell,"€ 4,30",Germany,3.56,Klosterbrauerei Andechs,4.8%,Lager - Helles,500ml,"€ 8,60 per litre"
Oude Geuze,"€ 16,07",Belgium,3.75,Brouwerij Kestemont,6%,Lambic - Gueuze,Bottle 750ml,"€ 21,43 per litre"
Pêche Abricot 22,"€ 15,50",France,4.05,La Varette,5.5%,Wild Ale - Other,Bottle 750ml,"€ 20,67 per litre"
Été 2023,"€ 15,50",France,3.53,La Varette,6%,Wild Ale - Other,Bottle 750ml,"€ 20,67 per litre"
Cassis 23,"€ 15,50",France,?,La Varette,6%,Wild Ale - Other,Bottle 750ml,"€ 20,67 per litre"
De Mie,"€ 15,50",France,?,La Varette,6%,Wild Ale - Other,Bottle 750ml,"€ 20,67 per litre"
Fruits Rouges 23,"€ 15,50",France,?,La Varette,6%,Wild Ale - Other,Bottle 750ml,"€ 20,67 per litre"
Fruits rouges 23 Magnum,"€ 32,50",France,?,La Varette,6%,Wild Ale - Other,Bottle 1500ml,"€ 21,67 per litre"
Rhubarbe 23,"€ 15,50",France,?,La Varette,4.5%,Wild Ale - Other,Bottle 750ml,"€ 20,67 per litre"
Humlesovs,"€ 4,10",Denmark,3.55,To Øl,6%,IPA - New England / Hazy,Bottle 750ml,"€ 20,67 per litre"
CANTILLON Brabantiae 2018,"€ 76,00",Belgium,4.40,Brasserie Cantillon,5%,Lambic - Gueuze,Bottle 750ml,"€ 101,33 per litre"
Ardenne Wood My Deer Banyuls B.A (2022),"€ 6,40",Belgium,4.05,Brasserie Minne,12.5%,Barleywine - Other,Bottle 750ml,"€ 101,33 per litre"
Ardenne Wood My Deer Vermouth B.A (2022),"€ 6,40",Belgium,4.04,Brasserie Minne,12.5%,Barleywine - Other,Bottle 750ml,"€ 101,33 per litre"
Schaarbeekske Oude Kriek 2021,"€ 8,50",Belgium,3.87,Brouwerij Eylenbosch,6.2%,Lambic - Kriek,Bottle 750ml,"€ 101,33 per litre"
Oude Kriek 2022,"€ 7,00",Belgium,3.70,Brouwerij Eylenbosch,6.2%,Lambic - Kriek,Bottle 750ml,"€ 101,33 per litre"
TankBusters- Let Me In,"€ 4,50",Poland,3.60,TankBusters.Co,5.2%,Porter - English,500ml,"€ 9,00 per litre"
Winterbinkske,"€ 2,30",Belgium,3.55,Brouwerij Kerkom,8.3%,Winter Ale,500ml,"€ 9,00 per litre"
White Pony Pint,"€ 4,50",Italy,3.53,White Pony Microbrewery,13.5%,Belgian Strong Golden Ale,330ml,"€ 13,64 per litre"
Monster Soup DB,"€ 3,10",Netherlands,3.51,Butcher’s Tears,4.5%,Brown Ale - English,330ml,"€ 13,64 per litre"
Purple Haze,"€ 2,75",United States,3.50,Crow Hop Brewing,,Wheat Beer - American Pale Wheat,,
Hert,"€ 2,40",Belgium,3.24,Brouwerij Het Nest,6.7%,Belgian Blonde,330ml,"€ 7,27 per litre"
Schelde brouwerij degustatie glas,"€ 3,00",Belgium,3.03,Scheldebrouwerij,5%,Pilsner - Other,330ml,"€ 7,27 per litre"
Brew Noir,"€ 5,65",Germany,3.65,Schwarze Rose,5.8%,Stout - Coffee,Can 440ml,"€ 12,84 per litre"
Lone Wolf Single Hop IPA,"€ 3,60",Slovenia,3.61,Reservoir Dogs Brewery,6.66%,IPA - American,Can 440ml,"€ 12,84 per litre"
Modestus Kveik IPA,"€ 2,85",Belgium,3.51,Brouwerij de HopHemel,4%,IPA - Session,330ml,"€ 8,64 per litre"
Gardiaan,"€ 2,30",Belgium,3.45,Brouwerij Het Nest,5.8%,Belgian Blonde,330ml,"€ 6,97 per litre"
Ada Raspberry Basilicum Saison,"€ 3,20",Belgium,3.44,Brouwerij de HopHemel,5.5%,Farmhouse Ale - Saison,330ml,"€ 6,97 per litre"
Fuerst Wiacek Long Tooth (Batch 24) IPA,"€ 6,49",Germany,4.12,FUERST WIACEK,6.8%,IPA - New England / Hazy,Can 440ml,"€ 14,75 per litre"
Fuerst Wiacek Parklife (Batch 24) IPA,"€ 6,49",Germany,3.93,FUERST WIACEK,6.8%,IPA - American,Can 440ml,"€ 14,75 per litre"
Heeren Van Eynthoven Tripel,"€ 4,49",Netherlands,3.82,100 Watt Brewery,9%,Belgian Tripel,330ml,"€ 13,61 per litre"
Fuerst Wiacek Action Directe West Coast IPA,"€ 5,99",Germany,3.81,FUERST WIACEK,7.2%,IPA - American,Can 440ml,"€ 13,61 per litre"
Deeper Shade Of Hop Double NEIPA,"€ 4,99",Netherlands,3.78,100 Watt Brewery,8.4%,IPA - Imperial / Double New England / Hazy,330ml,"€ 15,12 per litre"
Jolie Very Cherry Fruit Beer,"€ 4,49",Netherlands,3.75,Lighttown Brewers,9.8%,Wheat Beer - Other,330ml,"€ 13,61 per litre"
Orchestra Of Angels NEIPA,"€ 4,99",Netherlands,3.65,100 Watt Brewery,6.3%,IPA - New England / Hazy,330ml,"€ 15,12 per litre"
Blonde Boei Tripel,"€ 2,79",Netherlands,3.55,Stadsbrouwerij 013,8.5%,Belgian Tripel,330ml,"€ 8,45 per litre"
Langharig Tuig Hoppy Weizen,"€ 4,69",Netherlands,3.54,Van Moll,5.5%,Wheat Beer - Hopfenweisse,330ml,"€ 14,21 per litre"
Soylent Green No Roast IPA,"€ 4,99",Netherlands,3.53,100 Watt Brewery,7%,IPA - American,330ml,"€ 15,12 per litre"
Non De Jus Cereal Tripel,"€ 4,99",Netherlands,3.53,100 Watt Brewery,8.8%,Belgian Tripel,330ml,"€ 15,12 per litre"
Smash Hit Talus Single Hop IPA,"€ 4,99",Netherlands,3.50,Van Moll,5.5%,IPA - Other,330ml,"€ 15,12 per litre"
Nirvana DH Witbier,"€ 4,69",Netherlands,3.41,Van Moll,5.2%,Wheat Beer - Witbier / Blanche,330ml,"€ 14,21 per litre"
Spelt Geweld Saison,"€ 4,99",Netherlands,3.38,Van Moll,5.5%,Farmhouse Ale - Saison,330ml,"€ 15,12 per litre"
Op Den Ophef Dubble,"€ 3,99",Netherlands,3.35,Stadsbrouwerij 013,7%,Belgian Dubbel,330ml,"€ 12,09 per litre"
Lagerbier Hell,"€ 1,90",Germany,3.24,Innstadt Bräu,4.9%,Lager - Helles,500ml,"€ 3,80 per litre"
Antoniter- Bayrisch Hell,"€ 1,90",Germany,3.23,Kaiser Bräu,5%,Lager - Helles,500ml,"€ 3,80 per litre"
Frankentrunk dunkel,"€ 1,90",Germany,3.17,Eschenbacher Privatbrauerei,5.6%,Lager - Munich Dunkel,500ml,"€ 3,80 per litre"
House Of Temptation,"€ 4,31",Estonia,3.71,Pühaste Brewery,2.5%,Sour - Fruited,Can 330ml,"€ 13,06 per litre"
Balloon Bay,"€ 4,37",Estonia,3.68,Pühaste Brewery,4.6%,Sour - Fruited,Can 330ml,"€ 13,24 per litre"
Pohjala Baltic Porter Day BA 2022,"€ 9,92",Estonia,4.10,Põhjala,10.5%,Porter - Imperial / Double Baltic,330ml,"€ 30,06 per litre"
Pohjala Berry Good,"€ 4,05",Estonia,3.50,Põhjala,5%,Sour - Fruited,Can 330ml,"€ 12,27 per litre"
Element: Fire,"€ 3,49",Netherlands,3.66,Morebeer Brewing,6.5%,IPA - American,Can 330ml,"€ 12,27 per litre"
Element: Water,"€ 3,49",Netherlands,?,Brother Beer,4%,Pilsner - Other,Can 330ml,"€ 12,27 per litre"
What Are Dreams Made Of?  DIPA,"€ 10,90",England,4.17,Verdant Brewing Co,8.4%,IPA - Imperial / Double New England / Hazy,Can 440ml,"€ 24,77 per litre"
Pineapple Express Sabro Dryhopped Witbier with Pineapple,"€ 4,15",Netherlands,3.46,Brouwerij Frontaal,5.2%,Wheat Beer - Witbier / Blanche,Can 330ml,"€ 12,58 per litre"
Ország Söre 2024,"€ 5,30",Hungary,3.75,UGAR Brewery,6%,IPA - New England / Hazy,Can 330ml,"€ 16,06 per litre"
Horizont Gentle Bastard,"€ 3,80",Hungary,3.66,HORIZONT Brewing,6.5%,IPA - American,Can 330ml,"€ 11,52 per litre"
Oude Geuze Cuvée Armand & Gaston,"€ 12,45",Belgium,4.32,Brouwerij 3 Fonteinen,6.4%,Lambic - Gueuze,Bottle 375ml,"€ 33,20 per litre"
Black Albert,"€ 5,71",Belgium,4.18,De Struise Brouwers,13%,Stout - Belgian,330ml,"€ 17,30 per litre"
Abt 12,"€ 3,74",Belgium,4.00,Brouwerij St.Bernardus,10.5%,Belgian Quadrupel,330ml,"€ 11,33 per litre"
Juicy & Wild Gros-Elle,"€ 17,11",Belgium,3.99,Lambiek Fabriek,7.7%,Lambic - Fruit,Bottle 750ml,"€ 22,81 per litre"
Pannepot Vintage Ale 2022,"€ 4,47",Belgium,3.97,De Struise Brouwers,10%,Belgian Strong Dark Ale,330ml,"€ 13,55 per litre"
Alexander,"€ 3,96",Belgium,3.95,Brouwerij Rodenbach,5.6%,Sour - Flanders Red Ale,330ml,"€ 12,00 per litre"
La Trappe Quadrupel,"€ 3,74",Netherlands,3.91,Bierbrouwerij De Koningshoeven,10%,Belgian Quadrupel,330ml,"€ 11,33 per litre"
Sint Amatus Reserva - Oostvleteren 12,"€ 5,30",Belgium,3.86,De Struise Brouwers,10.5%,Belgian Quadrupel,330ml,"€ 16,06 per litre"
Brut Royal Bourbon,"€ 19,31",Belgium,3.85,Dame Jeanne,10.5%,Bière de Champagne / Bière Brut,Bottle 750ml,"€ 25,75 per litre"
Delirium Tremens,"€ 3,83",Belgium,3.85,Delirium - Huyghe Brewery,8.5%,Belgian Strong Golden Ale,330ml,"€ 11,61 per litre"
Rochefort 8,"€ 3,83",Belgium,3.85,Abbaye Notre-Dame de Saint-Rémy,9.2%,Belgian Strong Dark Ale,330ml,"€ 11,61 per litre"
Gulden Draak 9000 Quadruple,"€ 3,54",Belgium,3.82,Brouwerij Van Steenberge,10.5%,Belgian Quadrupel,330ml,"€ 10,73 per litre"
Gouden Carolus Tripel,"€ 3,42",Belgium,3.82,Brouwerij Het Anker,9%,Belgian Tripel,330ml,"€ 10,36 per litre"
La Chouffe Blonde,"€ 3,42",Belgium,3.82,Brasserie d'Achouffe,8%,Belgian Strong Golden Ale,330ml,"€ 10,36 per litre"
Westmalle Tripel,"€ 3,54",Belgium,3.81,Brouwerij der Trappisten van Westmalle,9.5%,Belgian Tripel,330ml,"€ 10,73 per litre"
Rouge,"€ 3,00",Belgium,3.81,Bières de Chimay,7%,Belgian Dubbel,330ml,"€ 9,09 per litre"
Clash of the Titans - Grand Reserva,"€ 7,28",Belgium,3.81,De Struise Brouwers/ Hoppy People,12.6%,Barleywine - Other,330ml,"€ 22,06 per litre"
Gulden Draak,"€ 3,54",Belgium,3.77,Brouwerij Van Steenberge,10.5%,Belgian Strong Dark Ale,330ml,"€ 10,73 per litre"
Delirium Nocturnum,"€ 3,83",Belgium,3.76,Delirium - Huyghe Brewery,9%,Belgian Strong Dark Ale,330ml,"€ 11,61 per litre"
Triple Extra,"€ 3,54",Belgium,3.76,Abbaye Notre-Dame de Saint-Rémy,8.1%,Belgian Tripel,330ml,"€ 10,73 per litre"
Straffe Hendrik Tripel,"€ 4,05",Belgium,3.76,Brouwerij De Halve Maan,9%,Belgian Tripel,330ml,"€ 12,27 per litre"
Tripel,"€ 3,22",Belgium,3.75,Brouwerij St.Bernardus,8%,Belgian Tripel,330ml,"€ 9,76 per litre"
St Feuillien Quadrupel,"€ 4,05",Belgium,3.75,Brasserie St-Feuillien,11%,Belgian Quadrupel,330ml,"€ 12,27 per litre"
Saison dErpe-Mere,"€ 3,96",Belgium,3.73,Brouwerij De Glazen Toren,6.5%,Farmhouse Ale - Saison,330ml,"€ 12,00 per litre"
Tripel,"€ 3,42",Belgium,3.73,Bières de Chimay,8%,Belgian Tripel,330ml,"€ 10,36 per litre"
Duvel,"€ 3,32",Belgium,3.72,Duvel Moortgat,8.5%,Belgian Strong Golden Ale,330ml,"€ 10,06 per litre"
Grand Cru,"€ 3,83",Belgium,3.71,Brasserie St-Feuillien,9.5%,Belgian Strong Golden Ale,330ml,"€ 11,61 per litre"
Rochefort 6,"€ 3,22",Belgium,3.71,Abbaye Notre-Dame de Saint-Rémy,7.5%,Belgian Dubbel,330ml,"€ 9,76 per litre"
Saison Dupont,"€ 2,91",Belgium,3.68,Brasserie Dupont,6.5%,Farmhouse Ale - Saison,330ml,"€ 8,82 per litre"
Extase,"€ 4,88",Belgium,3.68,Brouwerij De Dochter van de Korenaar,8.5%,IPA - Imperial / Double,330ml,"€ 14,79 per litre"
La Trappe Blonde,"€ 3,32",Netherlands,3.67,Bierbrouwerij De Koningshoeven,6.5%,Belgian Blonde,330ml,"€ 10,06 per litre"
Houblon Chouffe,"€ 3,96",Belgium,3.67,Brasserie d'Achouffe,9%,IPA - Belgian,330ml,"€ 12,00 per litre"
St Feuillien Tripel,"€ 3,83",Belgium,3.66,Brasserie St-Feuillien,8.5%,Belgian Tripel,330ml,"€ 11,61 per litre"
Kameradski Balsamico,"€ 5,40",Belgium,3.63,Brouwerij 't Verzet,12.5%,Stout - Russian Imperial,330ml,"€ 16,36 per litre"
Kasteel Tripel,"€ 3,74",Belgium,3.63,Kasteel Brouwerij Vanhonsebrouck,11%,Belgian Tripel,330ml,"€ 11,33 per litre"
La Trappe Dubbel,"€ 3,32",Netherlands,3.63,Bierbrouwerij De Koningshoeven,7%,Belgian Dubbel,330ml,"€ 10,06 per litre"
Tripel Hop Cashmere,"€ 4,25",Belgium,3.61,Duvel Moortgat,9.5%,IPA - Belgian,330ml,"€ 12,88 per litre"
666,"€ 3,32",Belgium,3.61,Duvel Moortgat,6.66%,Belgian Blonde,330ml,"€ 10,06 per litre"
Chouffe Blanche,"€ 3,22",Belgium,3.60,Brasserie d'Achouffe,6.5%,Wheat Beer - Witbier / Blanche,330ml,"€ 9,76 per litre"
La Trappe Witte Trappist,"€ 3,13",Netherlands,3.60,Bierbrouwerij De Koningshoeven,7%,Wheat Beer - Witbier / Blanche,330ml,"€ 9,48 per litre"
Delirium Argentum,"€ 4,25",Belgium,3.60,Delirium - Huyghe Brewery,7%,IPA - Belgian,330ml,"€ 12,88 per litre"
Kasteel Rouge,"€ 3,64",Belgium,3.58,Kasteel Brouwerij Vanhonsebrouck,8%,Fruit Beer,330ml,"€ 11,03 per litre"
Delirium Red,"€ 3,96",Belgium,3.58,Delirium - Huyghe Brewery,8%,Fruit Beer,330ml,"€ 12,00 per litre"
Pêcheresse,"€ 3,63",Belgium,3.57,Brouwerij Lindemans,2.5%,Lambic - Fruit,Bottle 250ml,"€ 14,52 per litre"
Pater 6,"€ 2,59",Belgium,3.55,Brouwerij St.Bernardus,6.7%,Belgian Dubbel,330ml,"€ 7,85 per litre"
Floris Kriek,"€ 4,25",Belgium,3.53,Delirium - Huyghe Brewery,3.6%,Wheat Beer - Fruited,330ml,"€ 12,88 per litre"
Sour Series - Puckery Potion,"€ 4,05",Hungary,3.46,HORIZONT Brewing,7.2%,IPA - Sour,330ml,"€ 12,27 per litre"
Chouffe 0.4,"€ 3,54",Belgium,2.74,Brasserie d'Achouffe,0.4%,Non-Alcoholic - Other,330ml,"€ 10,73 per litre"
Ivan the Terrible (2020),"€ 7,47",Belgium,4.25,De Struise Brouwers,15%,Stout - Russian Imperial,330ml,"€ 22,64 per litre"
Transmutation #7,"€ 25,10",Hungary,4.19,Reketye Brewing Co.,7%,Sour - Flanders Red Ale,500ml,"€ 50,20 per litre"
Stashmere,"€ 11,94",Canada,4.17,Badlands Brewing Company,6.5%,IPA - American,473ml,"€ 25,24 per litre"
Cuvée Delphine,"€ 6,64",Belgium,4.15,De Struise Brouwers,13%,Stout - Russian Imperial,330ml,"€ 20,12 per litre"
Dreamy,"€ 9,45",Canada,4.07,Willibald Farm Brewery,6%,IPA - American,473ml,"€ 19,98 per litre"
Oude Kriek Jart-Elle (2023),"€ 8,20",Belgium,3.87,Lambiek Fabriek,6.4%,Lambic - Kriek,Bottle 375ml,"€ 21,87 per litre"
Holy Funk,"€ 17,64",Hungary,3.85,MadX,5.9%,Sour - Other,Bottle 750ml,"€ 23,52 per litre"
Phi,"€ 4,15",Belgium,3.81,Brouwerij Alvinne,8%,Sour - Other,330ml,"€ 12,58 per litre"
Brut Royal Calvados,"€ 19,31",Belgium,3.79,Dame Jeanne,10.5%,Bière de Champagne / Bière Brut,Bottle 750ml,"€ 25,75 per litre"
Oude Geuze Boon Black Label Edition N°9,"€ 17,43",Belgium,3.74,Brouwerij Boon,7%,Lambic - Gueuze,Bottle 750ml,"€ 23,24 per litre"
Achel Bruin,"€ 3,64",Belgium,3.67,Brouwerij der Sint-Benedictusabdij De Achelse Kluis,8%,Belgian Dubbel,330ml,"€ 11,03 per litre"
Zeezuiper,"€ 3,83",Belgium,3.66,Scheldebrouwerij,8%,Belgian Tripel,330ml,"€ 11,61 per litre"
Mc Chouffe,"€ 3,42",Belgium,3.64,Brasserie d'Achouffe,8%,Belgian Strong Dark Ale,330ml,"€ 10,36 per litre"
Cassis,"€ 3,63",Belgium,3.63,Brouwerij Lindemans,3.5%,Lambic - Fruit,Bottle 250ml,"€ 14,52 per litre"
Sour Series - Cooldown Symphony,"€ 3,22",Hungary,3.63,HORIZONT Brewing,3%,Sour - Fruited Berliner Weisse,330ml,"€ 9,76 per litre"
Shark Pants,"€ 6,23",United States,3.63,3 Floyds Brewing/ De Struise Brouwers,9%,IPA - Imperial / Double,330ml,"€ 18,88 per litre"
La Guillotine,"€ 3,83",Belgium,3.57,Delirium - Huyghe Brewery,8.5%,Belgian Strong Golden Ale,330ml,"€ 11,61 per litre"
Kasteel Rubus Framboise,"€ 3,74",Belgium,3.57,Kasteel Brouwerij Vanhonsebrouck,7%,Fruit Beer,330ml,"€ 11,33 per litre"
Moinette Blonde,"€ 3,42",Belgium,3.56,Brasserie Dupont,8.5%,Belgian Strong Golden Ale,330ml,"€ 10,36 per litre"
Achel Tripel,"€ 3,64",Belgium,3.56,Brouwerij Van Steenberge,8%,Belgian Tripel,330ml,"€ 11,03 per litre"
Floris Framboise,"€ 4,37",Belgium,3.55,Delirium - Huyghe Brewery,3.6%,Fruit Beer,330ml,"€ 13,24 per litre"
Belga Saison Chardonnay,"€ 4,25",Hungary,3.51,Etyeki Sörmanufaktúra,7.1%,Grape Ale - Other,330ml,"€ 12,88 per litre"
Faro,"€ 2,91",Belgium,3.47,Brouwerij Lindemans,4.7%,Lambic - Faro,Bottle 250ml,"€ 11,64 per litre"
Extra 4,"€ 2,49",Belgium,3.43,Brouwerij St.Bernardus,4.8%,Belgian Enkel / Patersbier,330ml,"€ 7,55 per litre"
La Trappe Epos,"€ 3,22",Netherlands,3.18,Bierbrouwerij De Koningshoeven,4.8%,Non-Alcoholic - Pale Ale,330ml,"€ 9,76 per litre"
Oude Kriek Jartelle,"€ 6,50",Belgium,3.93,Lambiek Fabriek,6%,Lambic - Kriek,Bottle 375ml,"€ 17,33 per litre"
Tilquin Gueuze Cognac A L'Ancienne,"€ 33,60",Belgium,4.34,Gueuzerie Tilquin,7.6%,Lambic - Gueuze,Bottle 750ml,"€ 44,80 per litre"
Pineapple Punch,"€ 2,90",England,3.52,Hawkes,4.5%,Cider - Other Fruit,330ml,"€ 8,79 per litre"
Tripel,"€ 24,99",Netherlands,3.50,Brouwerij 't Meuleneind,8%,Belgian Tripel,Bottle 1500ml,"€ 16,66 per litre"
Lervig Rackhouse Vin Santo,"€ 36,10",Norway,4.01,LERVIG,14.1%,Wild Ale - Other,Bottle 750ml,"€ 48,13 per litre"
Lervig Rackhouse Defunked,"€ 33,20",Norway,3.95,LERVIG,6.5%,Wild Ale - Other,Bottle 750ml,"€ 44,27 per litre"
Lervig Kviek Culture: Brewski,"€ 6,80",Norway,3.77,LERVIG,8%,Sour - Smoothie / Pastry,330ml,"€ 20,61 per litre"
Pohjala Heli,"€ 4,90",Estonia,3.30,Põhjala,8%,Sour - Fruited Gose,330ml,"€ 14,85 per litre"
Berliner Pils,"€ 4,49",Poland,3.54,Browar Nepomucen,4.9%,Pilsner - German,500ml,"€ 8,98 per litre"
Hütten Pils,"€ 2,10",Germany,3.31,Brauerei Hütten Trassl,4.8%,Pilsner - German,500ml,"€ 4,20 per litre"
Brulo Lust For Life DDH IPA,"€ 3,60",Scotland,3.41,BRULO,,Non-Alcoholic - IPA,Can 330ml,"€ 10,91 per litre"
Hey! Tjappie,"€ 2,95",Netherlands,3.60,Kiezel,4.5%,Blonde / Golden Ale - Other,330ml,"€ 8,94 per litre"
Beestig,"€ 3,80",Netherlands,3.63,Brouwerij Eembier,10%,Barleywine - Other,330ml,"€ 11,52 per litre"
Gulzig,"€ 3,60",Netherlands,3.47,Brouwerij Eembier,8%,Belgian Strong Golden Ale,330ml,"€ 10,91 per litre"
Jolig,"€ 3,30",Netherlands,3.36,Brouwerij Eembier,6.2%,Blonde / Golden Ale - Other,330ml,"€ 10,00 per litre"
Eem Saisonnig,"€ 3,50",Netherlands,3.34,Brouwerij Eembier,6.5%,Pale Ale - American,330ml,"€ 10,61 per litre"
IPA AAP,"€ 3,10",Netherlands,3.40,Guilty Monkey Brewery,6.6%,IPA - American,330ml,"€ 9,39 per litre"
Brulo 7 Hop 7 Grain DDH IPA,"€ 3,60",Scotland,3.43,BRULO,6.6%,Non-Alcoholic - IPA,Can 330ml,"€ 10,91 per litre"
Brulo 5 Fruit Gose,"€ 3,60",Scotland,3.38,BRULO,6.6%,Non-Alcoholic - Sour,Can 330ml,"€ 10,91 per litre"
The Heart,"€ 6,50",Netherlands,3.91,Brouwerij LOST,6.6%,IPA - New England / Hazy,500ml,"€ 13,00 per litre"
The Mind,"€ 6,50",Netherlands,3.83,Brouwerij LOST,6.3%,IPA - American,500ml,"€ 13,00 per litre"
Val-Dieu Triple,"€ 7,50",Belgium,3.67,Brasserie de l'Abbaye du Val-Dieu,9%,Belgian Tripel,Bottle 750ml,"€ 10,00 per litre"
Mannenpap / Hooglander Knight Cap Brandy BA,"€ 6,75",Netherlands,3.90,Mannenpap,11.1%,Stout - Imperial / Double,330ml,"€ 20,45 per litre"
Marker Maagd,"€ 3,50",Netherlands,3.33,Waterland Brewery,5%,Wheat Beer - Witbier / Blanche,330ml,"€ 10,61 per litre"
Batida Carioca,"€ 6,00",Bulgaria,4.19,Alchemik,6%,Sour - Fruited,Can 330ml,"€ 18,18 per litre"
Criminally Fruity,"€ 6,00",Bulgaria,3.88,Alchemik,7%,Sour - Smoothie / Pastry,Can 330ml,"€ 18,18 per litre"
Spritz It Up,"€ 6,00",Bulgaria,3.79,Alchemik,7.5%,Sour - Other,Can 330ml,"€ 18,18 per litre"
Pinta x Forager Immensity (2024),"€ 16,20",Poland,3.71,Browar PINTA,8%,IPA - Imperial / Double Black,Bottle 330ml,"€ 49,09 per litre"
Corner Guy,"€ 13,95",Finland,4.08,Paihalas Brewery,7.1%,Wild Ale - Other,Bottle 375ml,"€ 37,20 per litre"
Spring Being,"€ 13,95",Finland,3.95,Paihalas Brewery,5.1%,Farmhouse Ale - Saison,Bottle 375ml,"€ 37,20 per litre"
Overtone x State Of Kind Sonnet,"€ 9,60",Scotland,3.98,Overtone Brewing Co,8%,IPA - Imperial / Double New England / Hazy,Can 440ml,"€ 21,82 per litre"
Pils,"€ 2,30",Germany,3.57,Bayerische Staatsbrauerei Weihenstephan,5.1%,Pilsner - German,500ml,"€ 4,60 per litre"
Mannenliefde Saison,"€ 3,25",Netherlands,3.46,Oedipus Brewing,6%,Farmhouse Ale - Saison,330ml,"€ 9,85 per litre"
Irish Dry Stout,"€ 2,00",Ireland,3.31,O'Hara's Brewery,4.3%,Red Ale - Irish,330ml,"€ 6,06 per litre"
La Chouffe Blonde,"€ 6,50",Belgium,3.82,Brasserie d'Achouffe,8%,Belgian Strong Golden Ale,Bottle 750ml,"€ 8,67 per litre"
Mosaic Hop Belgian IPA,"€ 3,40",Netherlands,3.56,Brouwerij Kees,5.5%,IPA - Belgian,Can 330ml,"€ 10,30 per litre"
Wingman Session IPA,"€ 2,35",Scotland,3.46,BrewDog,4.3%,IPA - Session,Can 330ml,"€ 7,12 per litre"
Kerel Grapefruit IPA,"€ 2,95",Belgium,3.27,VBDCK Brewery,4.5%,IPA - Fruited,330ml,"€ 8,94 per litre"
Irish Cider,"€ 3,25",Ireland,?,Magners Irish Cider,5.3%,Cider - Traditional / Apfelwein,568ml,"€ 5,72 per litre"
XX Bitter,"€ 2,35",Belgium,3.47,Brouwerij De Ranke,6%,IPA - Belgian,Bottle 330ml,"€ 7,12 per litre"
Bon Secours Emerite,"€ 2,85",Belgium,3.30,Brasserie Caulier,8%,Brown Ale - Belgian,330ml,"€ 8,64 per litre"
Blaugies La Moneuse,"€ 5,61",Belgium,3.74,Brasserie de Blaugies,8%,Farmhouse Ale - Saison,Bottle 375ml,"€ 14,96 per litre"
Superdelic – Imperial IPA,"€ 6,95",Germany,3.93,FrauGruber Brewing,7.8%,IPA - Imperial / Double,Can 440ml,"€ 15,80 per litre"
Chiemsee Pale – Pale Ale,"€ 3,35",Germany,3.64,Camba Bavaria,5.3%,Pale Ale - Other,Can 440ml,"€ 7,61 per litre"
Black Shark – Imperial Black IPA – Dose,"€ 4,45",Germany,3.51,Camba Bavaria,8.5%,IPA - Imperial / Double Black,Can 440ml,"€ 10,11 per litre"
Hazy Jane IPA,"€ 2,69",Scotland,3.67,BrewDog,5%,IPA - New England / Hazy,330ml,"€ 8,15 per litre"
Cider Wild Berries,"€ 2,59",Germany,3.49,BRLO,4.5%,Cider - Other Fruit,330ml,"€ 7,85 per litre"
Störtebeker Bernstein Weizen,"€ 2,09",Germany,3.43,Störtebeker Braumanufaktur,5.3%,Wheat Beer - Hefeweizen,500ml,"€ 4,18 per litre"
Buddelship x Brouwerij Poesiat & Kater Hunky Dory Cold IPA,"€ 6,49",Netherlands,3.72,Brouwerij Poesiat & Kater,6.5%,IPA - Cold,Can 440ml,"€ 14,75 per litre"
Schnagger Pils,"€ 3,29",Germany,3.52,Buddelship Brauerei,5.3%,Pilsner - German,330ml,"€ 9,97 per litre"
Buddelship x Sakiškės Jasmine IPA,"€ 4,79",Lithuania,3.38,Sakiškės Brewery// Sakiškių Alus,5.4%,Lager - Amber / Red,330ml,"€ 14,52 per litre"
Luchadora Mexican Lager,"€ 2,89",Germany,3.29,BRLO,4.6%,Lager - Mexican,330ml,"€ 8,76 per litre"
IPL Cashmere Ariana,"€ 5,49",Germany,?,Buddelship Brauerei,4.6%,IPA - English,Can 440ml,"€ 12,48 per litre"
BA03,"€ 16,95",Netherlands,4.05,Brouwerij Maallust,11.6%,Belgian Quadrupel,Bottle 750ml,"€ 22,60 per litre"
BURGER BURGER,"€ 5,75",Sweden,3.97,Fermenterarna,8%,Sour - Smoothie / Pastry,Can 440ml,"€ 13,07 per litre"
THE MANGO MAN,"€ 5,59",Sweden,3.80,Fermenterarna,8%,Sour - Fruited,Can 440ml,"€ 12,70 per litre"
MELTED POPSICLE,"€ 4,72",Sweden,3.76,Fermenterarna,5.6%,Sour - Fruited,Can 440ml,"€ 10,73 per litre"
FRUITY SUMMER RIDE,"€ 5,35",Sweden,3.75,Fermenterarna,5.6%,Sour - Fruited,Can 440ml,"€ 12,16 per litre"
WEST COAST IPA #004 IDAHO 7/CRYO POP,"€ 5,35",Sweden,3.68,Fermenterarna,6.8%,IPA - American,Can 440ml,"€ 12,16 per litre"
WEST COAST IPA #003 SABRO/MOSAIC,"€ 5,35",Sweden,3.62,Fermenterarna,6.8%,IPA - American,Can 440ml,"€ 12,16 per litre"
THE CATCHCRY OF THE CLOWN,"€ 4,85",Sweden,3.59,Fermenterarna,6%,Hard Seltzer,Can 440ml,"€ 11,02 per litre"
Chouffe Soleil,"€ 2,20",Belgium,3.56,Brasserie d'Achouffe,6%,Belgian Blonde,330ml,"€ 6,67 per litre"
Falda,"€ 6,45",Spain,3.93,Menno Olivier Brewing,10%,Stout - Imperial / Double,330ml,"€ 19,55 per litre"
CITRA IN LOVE: RIWAKA,"€ 6,29",Sweden,3.94,Fermenterarna,8%,IPA - Imperial / Double New England / Hazy,Can 440ml,"€ 14,30 per litre"
TRIPPING HAZE,"€ 5,50",Sweden,3.92,Fermenterarna,6.1%,IPA - New England / Hazy,Can 440ml,"€ 12,50 per litre"
Maple Decadence,"€ 11,45",Portugal,4.07,Ophiussa Brewing Co.,14%,Porter - Imperial / Double,Can 440ml,"€ 26,02 per litre"
Corner Guy,"€ 13,95",Finland,4.08,Paihalas Brewery,7.1%,Wild Ale - Other,Bottle 375ml,"€ 37,20 per litre"
Beneath my Heart,"€ 12,45",Finland,4.05,Paihalas Brewery,6.2%,Wild Ale - Other,Bottle 375ml,"€ 33,20 per litre"
Plum Porter,"€ 4,65",Estonia,3.84,Põhjala,9.5%,Porter - Imperial / Double Baltic,330ml,"€ 14,09 per litre"
Don't Show Kief Ya Tief,"€ 5,59",England,3.69,Bang The Elephant Brewing Co,8%,IPA - Imperial / Double,Can 440ml,"€ 12,70 per litre"
Vurr,"€ 4,30",Estonia,3.85,Pühaste Brewery,8%,IPA - Imperial / Double New England / Hazy,330ml,"€ 13,03 per litre"
Berry Symphony,"€ 3,80",Estonia,3.80,Pühaste Brewery,6%,Sour - Fruited,330ml,"€ 11,52 per litre"
Mocha Buzz,"€ 3,85",Estonia,3.76,Pühaste Brewery,7%,Brown Ale - Other,330ml,"€ 11,67 per litre"
Gymnastic Flies,"€ 3,45",Estonia,3.69,Pühaste Brewery,6.9%,IPA - American,330ml,"€ 10,45 per litre"
Pinta A Ja Pale Ale,"€ 2,92",Poland,3.50,Browar PINTA,5%,Pale Ale - American,500ml,"€ 5,84 per litre"
Sylvan Folly,"€ 5,95",Germany,4.00,Sudden Death Brewing Co.,7.7%,IPA - Imperial / Double New England / Hazy,Can 440ml,"€ 13,52 per litre"
Aspiring Beam Of Light,"€ 5,95",Germany,3.94,Sudden Death Brewing Co.,5%,Sour - Fruited,Can 440ml,"€ 13,52 per litre"
Passion For Session,"€ 3,35",Netherlands,3.47,Brouwerij Kees,4.5%,IPA - Session,Can 440ml,"€ 7,61 per litre"
MODELK-52,"€ 5,19",Spain,3.98,Garage Beer Co.,7%,IPA - New England / Hazy,Can 440ml,"€ 11,80 per litre"
CLAPSTICKS,"€ 5,19",Spain,3.80,Garage Beer Co.,7%,IPA - Other,Can 440ml,"€ 11,80 per litre"
Rebreather,"€ 6,10",Norway,4.16,Salikatt Bryggeri,8%,IPA - Imperial / Double New England / Hazy,Can 440ml,"€ 13,86 per litre"
Chasing Rainbows,"€ 5,85",Norway,3.95,Salikatt Bryggeri,6%,IPA - New England / Hazy,Can 440ml,"€ 13,30 per litre"
Mata,"€ 4,20",Poland,3.56,Browar Birbant,6.3%,IPA - Cold,Can 500ml,"€ 8,40 per litre"
Heka,"€ 4,20",Poland,3.53,Browar Birbant,6%,IPA - Cold,Can 500ml,"€ 8,40 per litre"
Loko,"€ 3,30",Poland,3.51,Browar Birbant,4.5%,Pilsner - New Zealand,Can 500ml,"€ 6,60 per litre"
Vanilla Bean Truth - Tanzania,"€ 77,99",United States,4.43,Tree House Brewing Company,13.2%,Stout - Imperial / Double,Can 500ml,"€ 6,60 per litre"
Death Hex DIPA,"€ 6,15",Sweden,4.15,Apex Brewing Company,8%,IPA - Imperial / Double New England / Hazy,Can 440ml,"€ 13,98 per litre"
Barren Magick DIPA,"€ 6,15",Sweden,4.05,Apex Brewing Company,8%,IPA - Imperial / Double New England / Hazy,Can 440ml,"€ 13,98 per litre"
Void IPA,"€ 5,65",Sweden,3.95,Apex Brewing Company,6.5%,IPA - New England / Hazy,Can 440ml,"€ 12,84 per litre"
Death Bolt IPA,"€ 5,65",Sweden,3.95,Apex Brewing Company,6.5%,IPA - New England / Hazy,Can 440ml,"€ 12,84 per litre"
Hellbender IPA,"€ 5,65",Sweden,3.94,Apex Brewing Company,6.5%,IPA - New England / Hazy,Can 440ml,"€ 12,84 per litre"
Dawn,"€ 6,99",Finland,4.09,Revenant Brewing Project,8.5%,IPA - Imperial / Double New England / Hazy,Can 440ml,"€ 15,89 per litre"
Perennial,"€ 4,90",Finland,4.04,Revenant Brewing Project,7.5%,IPA - New England / Hazy,330ml,"€ 14,85 per litre"
Fate Loves The Fearless,"€ 5,25",Netherlands,3.91,Brouwerij Kees,14.8%,Barleywine - American,330ml,"€ 15,91 per litre"
Bottle Logic Shaded Sentry 2023,"€ 34,95",United States,4.30,Bottle Logic Brewing,14.2%,Stout - Imperial / Double,500ml,"€ 69,90 per litre"
Black Oxx,"€ 3,90",Netherlands,3.74,Mannenpap,10.2%,Stout - Russian Imperial,330ml,"€ 11,82 per litre"
St. Stevens 1275,"€ 3,30",Netherlands,3.70,Kronenburger Brouwers,9.8%,Belgian Quadrupel,330ml,"€ 10,00 per litre"
Muifel / Mannenpap Olga,"€ 3,95",Netherlands,3.64,Muifelbrouwerij,6.5%,IPA - New England / Hazy,330ml,"€ 11,97 per litre"
Nectar,"€ 3,60",Netherlands,3.61,Mannenpap,5.8%,IPA - American,330ml,"€ 10,91 per litre"
Weiss Ass,"€ 2,20",Belgium,3.42,Brouwerij Palm,5.41%,IPA - White / Wheat,330ml,"€ 6,67 per litre"
Legacy,"€ 3,78",France,3.60,Prizm Brewing Co.,5%,Pale Ale - New England / Hazy,330ml,"€ 11,45 per litre"
Hefeberg's Golden,"€ 3,10",Poland,3.51,Piwne Podziemie,4.9%,Wheat Beer - Hefeweizen,Bottle 500ml,"€ 6,20 per litre"
Homes Same Same Different,"€ 9,60",United States,4.09,HOMES Brewery,6.8%,IPA - American,Can 473ml,"€ 20,30 per litre"
Ray of Sunshine,"€ 3,29",Netherlands,3.58,Baxbier,5.5%,Wheat Beer - Witbier / Blanche,330ml,"€ 9,97 per litre"
Butchers Banquet – Triple IPA,"€ 6,95",Germany,3.96,FrauGruber Brewing,10.2%,IPA - Triple New England / Hazy,Can 440ml,"€ 15,80 per litre"
Back Again – Triple IPA,"€ 6,95",Germany,3.95,FrauGruber Brewing,9.8%,IPA - Triple New England / Hazy,Can 440ml,"€ 15,80 per litre"
Paradise Cove – India Pale Ale,"€ 6,25",Germany,3.83,FrauGruber Brewing,6.5%,IPA - New England / Hazy,Can 440ml,"€ 14,20 per litre"
Retro Futurism – New England IPA,"€ 6,45",Germany,3.74,FrauGruber Brewing,5.5%,IPA - New England / Hazy,Can 440ml,"€ 14,66 per litre"
Gone Bowling – Imperial IPA,"€ 6,95",Germany,3.85,FrauGruber Brewing,8.2%,IPA - Imperial / Double New England / Hazy,Can 440ml,"€ 15,80 per litre"
Solar Haze Organic IPA x Kølster,"€ 6,80",Denmark,3.64,Kølster Malt og Øl,6%,IPA - New England / Hazy,Can 440ml,"€ 15,45 per litre"
Oude Geuze Boon Lambic 25cl,"€ 4,70",Belgium,3.93,Brouwerij Boon,7%,Lambic - Gueuze,Bottle 250ml,"€ 18,80 per litre"
Framboise Boon Fruited Lambic 25cl,"€ 5,70",Belgium,3.54,Brouwerij Boon,5%,Lambic - Framboise,Bottle 250ml,"€ 22,80 per litre"
Kriek Boon Fruited Lambic 25cl,"€ 4,60",Belgium,3.53,Brouwerij Boon,4%,Lambic - Kriek,Bottle 250ml,"€ 18,40 per litre"
Mr. B. New England IPA,"€ 5,99",Germany,3.75,Buddelship Brauerei,6.7%,IPA - New England / Hazy,Can 440ml,"€ 13,61 per litre"
Superfreunde Rookie IPA,"€ 3,39",Germany,3.70,SUPERFREUNDE,6%,IPA - American,330ml,"€ 10,27 per litre"
Scottish Ale,"€ 3,49",Scotland,3.58,Belhaven Brewery,5.2%,Scottish Ale,330ml,"€ 10,58 per litre"
Insel-Brauerei Natur Cider Genuss 2x + Glas,"€ 14,99",Germany,3.45,Rügener Insel-Brauerei,5.6%,Cider - Dry,330ml,"€ 45,42 per litre"
Happy Pils,"€ 2,39",Germany,3.36,BRLO,4.9%,Pilsner - Other,Can 330ml,"€ 7,24 per litre"
Heimathafen Hefeweizen,"€ 3,69",Germany,3.33,Heimathafen - Erfurter Braumanufaktur,5.2%,Wheat Beer - Hefeweizen,330ml,"€ 11,18 per litre"
Heimathafen IPA,"€ 3,79",Germany,3.33,Heimathafen - Erfurter Braumanufaktur,5.2%,Wheat Beer - Hefeweizen,330ml,"€ 11,48 per litre"
Heimathafen Egon Pils,"€ 2,69",Germany,3.29,Heimathafen - Erfurter Braumanufaktur,4.7%,Pilsner - German,330ml,"€ 8,15 per litre"
Corona Extra,"€ 2,19",Mexico,3.13,Grupo Modelo,4.6%,Lager - Mexican,355ml,"€ 6,17 per litre"
Braaaaaaaains Ruby Red Smoothie Sour,"€ 14,99",United States,4.24,Drekker Brewing Company,6%,Sour - Smoothie / Pastry,473ml,"€ 31,69 per litre"
May DIPA (2024),"€ 14,99",Canada,4.22,Badlands Brewing Company,8.2%,IPA - Imperial / Double,473ml,"€ 31,69 per litre"
Badlands/Nano Cinco & Toltèk Expression Innox NEIPA,"€ 13,99",Canada,4.22,Badlands Brewing Company,6.5%,IPA - American,473ml,"€ 29,58 per litre"
MC² Double New England IPA,"€ 10,99",United States,4.21,Equilibrium Brewery,8%,IPA - Imperial / Double New England / Hazy,473ml,"€ 23,23 per litre"
dHop15 Double New England IPA,"€ 11,99",United States,4.17,Equilibrium Brewery,8.5%,IPA - Imperial / Double,473ml,"€ 25,35 per litre"
Upon Us New England IPA,"€ 11,99",Canada,4.16,Third Moon Brewing Company,6.5%,IPA - New England / Hazy,473ml,"€ 25,35 per litre"
Third Moon/All My Friends All My Buds Hazy IPA,"€ 12,49",Canada,4.15,Third Moon Brewing Company,6.5%,IPA - New England / Hazy,473ml,"€ 26,41 per litre"
Equilibrium/Aslin Neoblaster Double New England IPA,"€ 11,99",United States,4.14,Equilibrium Brewery,8.5%,IPA - Imperial / Double,473ml,"€ 25,35 per litre"
Toppling Goliath/Boulevard Haze Cadet Double New England IPA,"€ 12,99",United States,4.13,Toppling Goliath Brewing Co.,7.8%,IPA - Imperial / Double New England / Hazy,473ml,"€ 27,46 per litre"
Forks Of The Credit New England IPA,"€ 13,99",Canada,4.13,Badlands Brewing Company,6.7%,IPA - New England / Hazy,473ml,"€ 29,58 per litre"
Data Points Double New England IPA,"€ 11,99",United States,4.11,Equilibrium Brewery,8.5%,IPA - Imperial / Double,473ml,"€ 25,35 per litre"
Conjuration 22 Double West Coast IPA,"€ 13,99",Canada,4.09,Third Moon Brewing Company,8%,IPA - Imperial / Double,473ml,"€ 29,58 per litre"
Willibald Dreamy New England IPA,"€ 11,49",Canada,4.07,Willibald Farm Brewery,6%,IPA - American,473ml,"€ 24,29 per litre"
The Veil Two Parts Monster New England IPA,"€ 10,99",United States,4.01,The Veil Brewing Co.,6%,IPA - New England / Hazy,473ml,"€ 23,23 per litre"
Tie-Dye Science New England IPA,"€ 9,99",United States,3.97,Equilibrium Brewery,6.5%,IPA - New England / Hazy,473ml,"€ 21,12 per litre"
Toppling Goliath/Radiant Radiant Haze American IPA,"€ 9,99",United States,3.92,Toppling Goliath Brewing Co.,7%,IPA - American,473ml,"€ 21,12 per litre"
Willibald/Escarpment Yeast Labs Terps West Coast IPA,"€ 11,49",Canada,3.71,Willibald Farm Brewery,6.5%,Lager - Dortmunder / Export,473ml,"€ 24,29 per litre"
Deichbier Lager,"€ 2,39",Germany,3.37,Freie Brau Union Bremen,5.2%,Lager - Helles,330ml,"€ 7,24 per litre"
Lime Time Witbier,"€ 2,79",Germany,3.28,Freie Brau Union Bremen,4.9%,Wheat Beer - Witbier / Blanche,330ml,"€ 8,45 per litre"
Limbo Vanilla Raspberry Sour,"€ 4,30",Denmark,3.78,Mikkeller,0.3%,Non-Alcoholic - Sour,330ml,"€ 13,03 per litre"
Burst Free IPA,"€ 4,10",Denmark,3.30,Mikkeller,0.3%,Non-Alcoholic - IPA,330ml,"€ 12,42 per litre"
Easy Peasy Pilsner,"€ 3,90",Denmark,3.22,Mikkeller,0.3%,Non-Alcoholic - Lager,330ml,"€ 11,82 per litre"
Energibajer Lemon Lager,"€ 4,10",Denmark,3.17,Mikkeller,0.3%,Non-Alcoholic - Lager,330ml,"€ 12,42 per litre"
Blanche de Namur – Witbier,"€ 2,95",Belgium,3.40,Brasserie du Bocq,4.5%,Wheat Beer - Witbier / Blanche,330ml,"€ 8,94 per litre"
DUST Rosé,"€ 27,35",Belgium,4.07,DUST Blending,7.6%,Lambic - Other,Bottle 750ml,"€ 36,47 per litre"
DUST Jurange II,"€ 27,35",Belgium,4.06,DUST Blending,8.8%,Lambic - Other,Bottle 750ml,"€ 36,47 per litre"
DUST Wüüüüw D'Alsace,"€ 27,35",Belgium,3.89,DUST Blending,9.2%,Lambic - Other,Bottle 750ml,"€ 36,47 per litre"
"DUST I ""Love"" Gamay","€ 27,35",Belgium,3.80,DUST Blending,7.4%,Lambic - Other,Bottle 750ml,"€ 36,47 per litre"
Moriau Oude Geuze,"€ 7,08",Belgium,3.81,Brouwerij Boon,7%,Lambic - Gueuze,Bottle 750ml,"€ 9,44 per litre"
Mooie Nel IPA,"€ 7,45",Netherlands,3.88,Jopen,7%,IPA - American,Bottle 750ml,"€ 9,93 per litre"
Blurred Lines NEIPA,"€ 7,25",Netherlands,3.65,Jopen,5.3%,IPA - New England / Hazy,Bottle 750ml,"€ 9,67 per litre"
Schübel - Hell,"€ 2,00",Germany,3.28,Schübel Bräu,4.9%,Kellerbier / Zwickelbier,500ml,"€ 4,00 per litre"
Bourbon County Brand Eagle Rare 2-Year Reserve Stout (2023),"€ 91,95",United States,4.57,Goose Island Beer Co.,14.5%,Stout - Imperial / Double,473ml,"€ 194,40 per litre"
Bourbon County Brand Angel's Envy 2-Year Cask Finish Stout (2023),"€ 91,95",United States,4.50,Goose Island Beer Co.,15.5%,Stout - Imperial / Double,473ml,"€ 194,40 per litre"
Bourbon County Brand Proprietor's Stout (2023),"€ 77,95",United States,4.42,Goose Island Beer Co.,14.3%,Stout - Imperial / Double,473ml,"€ 164,80 per litre"
Bourbon County Brand Stout (2023),"€ 36,95",United States,4.42,Goose Island Beer Co.,14.6%,Stout - Imperial / Double,473ml,"€ 78,12 per litre"
Phi,"€ 3,60",Belgium,3.81,Brouwerij Alvinne,8%,Sour - Other,330ml,"€ 10,91 per litre"
Tripel Karmeliet – Abteibier,"€ 3,45",Belgium,3.99,Brouwerij Bosteels,8.4%,Belgian Tripel,330ml,"€ 10,45 per litre"
Blanche de Namur Rosee – Witbier,"€ 2,25",Belgium,3.12,Brasserie du Bocq,3.4%,Wheat Beer - Fruited,330ml,"€ 6,82 per litre"
Round Trip,"€ 4,99",Italy,3.77,Ritual Lab,6.2%,IPA - American,330ml,"€ 15,12 per litre"
Chardonnay – Nettle & Dandelion,"€ 8,20",England,3.82,Buxton Brewery,6.5%,Farmhouse Ale - Saison,330ml,"€ 24,85 per litre"
No Stone Unturned,"€ 6,75",Netherlands,4.04,Rock City Brewing,10%,IPA - Triple New England / Hazy,Can 440ml,"€ 15,34 per litre"
Frontal Blizzard,"€ 5,70",Netherlands,3.66,Rock City Brewing,5.5%,IPA - Cold,Can 440ml,"€ 12,95 per litre"
Caramel Fudge Stout Cognac,"€ 4,75",Netherlands,3.95,Brouwerij Kees,11%,Stout - Imperial / Double Pastry,330ml,"€ 14,39 per litre"
Irish Stout Nitro,"€ 3,10",Ireland,3.46,O'Hara's Brewery,4.3%,Stout - Irish Dry,Can 440ml,"€ 7,05 per litre"
Irish Red Nitro,"€ 3,10",Ireland,3.40,O'Hara's Brewery,4.3%,Red Ale - Irish,Can 440ml,"€ 7,05 per litre"
Wycisk,"€ 3,80",Poland,3.64,Przetwórnia Chmielu,5%,Sour - Fruited,Can 500ml,"€ 7,60 per litre"
Słoneczny Dzień,"€ 2,60",Poland,3.52,Browar Za Miastem,5.3%,Wheat Beer - Fruited,Bottle 500ml,"€ 5,20 per litre"
Woerdens Wit (batch#1),"€ 3,30",Netherlands,3.44,Bierloods22,5%,Wheat Beer - Witbier / Blanche,330ml,"€ 10,00 per litre"
Gold Blend,"€ 26,40",Australia,4.02,Wildflower Brewing & Blending,5%,Wild Ale - Other,Bottle 750ml,"€ 35,20 per litre"
Good As Gold,"€ 26,40",Australia,4.01,Wildflower Brewing & Blending,5%,Wild Ale - Other,Bottle 750ml,"€ 35,20 per litre"
Dinlosaur,"€ 5,00",England,3.54,Staggeringly Good,4.5%,Lager - Pale,Can 440ml,"€ 11,36 per litre"
Pater Pek,"€ 8,50",Netherlands,3.84,Rock City Brewing,11%,Stout - Russian Imperial,330ml,"€ 25,76 per litre"
Younger Dryas,"€ 13,95",England,4.41,Primordial Brewing,11.3%,Stout - Imperial / Double Pastry,Bottle 375ml,"€ 37,20 per litre"
Impact Hypothesis,"€ 13,95",England,4.32,Primordial Brewing,11.3%,Stout - Imperial / Double Pastry,Bottle 375ml,"€ 37,20 per litre"
Ancient Cataclysm,"€ 13,95",England,4.22,Primordial Brewing,11.3%,Stout - Imperial / Double Pastry,Bottle 375ml,"€ 37,20 per litre"
Miami Feelings,"€ 6,60",Wales,3.76,Polly's Brew Co.,6.5%,IPA - American,Can 440ml,"€ 15,00 per litre"
La Vermontoise,"€ 9,99",Belgium,3.80,Brasserie de Blaugies/ Hill Farmstead Brewery,6%,Farmhouse Ale - Saison,Bottle 750ml,"€ 13,32 per litre"
La Moneuse,"€ 9,99",Belgium,3.74,Brasserie de Blaugies,8%,Farmhouse Ale - Saison,Bottle 750ml,"€ 13,32 per litre"
Saison d'Epautre,"€ 9,99",Belgium,3.72,Brasserie de Blaugies,6%,Farmhouse Ale - Saison,Bottle 750ml,"€ 13,32 per litre"
BDB,"€ 9,99",Belgium,3.70,Brasserie de Blaugies,8%,Belgian Strong Golden Ale,Bottle 750ml,"€ 13,32 per litre"
Slapshot,"€ 6,00",Germany,3.80,Sudden Death Brewing Co.,5.6%,Pale Ale - American,Can 440ml,"€ 13,64 per litre"
Hero Sin,"€ 3,00",Spain,3.36,Basqueland Brewing,0.5%,Non-Alcoholic - IPA,330ml,"€ 9,09 per litre"
Bereta / Pulfer Venom,"€ 8,21",Romania,4.13,Bereta Brewing Co.,10%,Stout - Imperial / Double Pastry,330ml,"€ 24,88 per litre"
Under A Black Sun,"€ 12,95",Romania,4.02,Strange Companion,12%,Stout - Imperial / Double,Bottle 375ml,"€ 34,53 per litre"
Above the Unseen,"€ 6,02",Romania,3.99,Bereta Brewing Co.,7.7%,IPA - Imperial / Double New England / Hazy,Can 440ml,"€ 13,68 per litre"
Severe Tilt,"€ 5,96",Romania,3.96,Bereta Brewing Co.,6%,IPA - New England / Hazy,Can 440ml,"€ 13,55 per litre"
Joint Effort,"€ 5,96",Romania,3.87,Bereta Brewing Co.,6.2%,IPA - New England / Hazy,Can 440ml,"€ 13,55 per litre"
Northern Monk x Uchu Patrons Project 34.05 Wheel Of Fortune (BBE 25/12/24),"€ 5,30",England,3.47,Northern Monk,6%,IPA - Fruited,Can 440ml,"€ 12,05 per litre"
Patrons Project 26.06 Classic Summer Punch (BBE 12/12/24),"€ 5,10",England,3.42,Northern Monk,5.6%,Pale Ale - Fruited,Can 440ml,"€ 11,59 per litre"
Pride 2024 Rootin Tootin (BBE 06/12/24),"€ 5,10",England,3.26,Northern Monk,5%,Pale Ale - Fruited,Can 440ml,"€ 11,59 per litre"
Gebrouwen Om Te Trouwen,"€ 3,90",Netherlands,3.63,Gebrouwen Door Vrouwen,6.3%,Belgian Blonde,330ml,"€ 11,82 per litre"
Blonde Botbekker,"€ 3,20",Netherlands,3.42,Stadsbrouwerij Vos Elburg,6%,Belgian Blonde,330ml,"€ 9,70 per litre"
Hop Art Gluten Free,"€ 3,10",Netherlands,3.41,vandeStreek bier,5%,IPA - American,330ml,"€ 9,39 per litre"
Blond,"€ 3,20",Netherlands,3.39,Duits & Lauret,6.5%,Blonde / Golden Ale - Other,330ml,"€ 9,70 per litre"
Eilandkriebel,"€ 3,10",Netherlands,3.36,Tesselaar Familiebrouwerij Diks,6.4%,Blonde / Golden Ale - Other,330ml,"€ 9,39 per litre"
Model-K52,"€ 6,25",Spain,3.98,Garage Beer Co.,7%,IPA - New England / Hazy,Can 440ml,"€ 14,20 per litre"
Stratocaster,"€ 6,00",Spain,3.84,Garage Beer Co.,7%,IPA - American,Can 440ml,"€ 13,64 per litre"
Clapsticks,"€ 6,25",Spain,3.80,Garage Beer Co.,7%,IPA - Other,Can 440ml,"€ 14,20 per litre"
"Be Wise - 0,3%25 - Alcoholvrij","€ 2,50",Netherlands,3.18,Brouwerij Kees,0.3%,Non-Alcoholic - Wheat,330ml,"€ 7,58 per litre"
Apple,"€ 1,79",Denmark,3.30,Carlsberg Group,4.5%,Cider - Sweet,330ml,"€ 5,42 per litre"
Lollihop,"€ 4,87",Czech Republic,3.77,Sibeeria,6.6%,IPA - American,Can 500ml,"€ 9,74 per litre"
Delirium Red,"€ 2,85",Belgium,3.58,Delirium - Huyghe Brewery,8%,Fruit Beer,330ml,"€ 8,64 per litre"
Nexus,"€ 3,40",Poland,3.58,Browar Dziki Wschód,5.5%,IPA - Other,Bottle 500ml,"€ 6,80 per litre"
Syreni Śpiew,"€ 3,20",Poland,3.40,Browar Dziki Wschód,4%,IPA - Session,Bottle 500ml,"€ 6,40 per litre"
Wiśniowa,"€ 2,20",Poland,3.06,Browar Fortuna,5.1%,Fruit Beer,Bottle 500ml,"€ 4,40 per litre"
Straffe Hendrik Brugs Tripel Bier Wild (2024),"€ 3,95",Belgium,3.47,Brouwerij De Halve Maan,10%,Brett Beer,330ml,"€ 11,97 per litre"
Neptune,"€ 12,65",Netherlands,4.30,Moersleutel Craft Brewery,14%,Stout - Imperial / Double Pastry,Can 440ml,"€ 28,75 per litre"
Crab Hands (2024),"€ 5,85",Germany,4.12,FUERST WIACEK,8%,IPA - Imperial / Double New England / Hazy,Can 440ml,"€ 13,30 per litre"
Beer Geek Fudgesicle (2023),"€ 10,15",Denmark,4.07,Mikkeller,11%,Stout - Imperial / Double Oatmeal,Can 440ml,"€ 23,07 per litre"
It's Been Awhile,"€ 5,49",Germany,4.03,FUERST WIACEK,6.8%,IPA - New England / Hazy,Can 440ml,"€ 12,48 per litre"
Exploding Rainbows (2024),"€ 5,10",Germany,4.02,FUERST WIACEK,6.8%,IPA - New England / Hazy,Can 440ml,"€ 11,59 per litre"
Big Worster,"€ 9,85",Denmark,3.99,Mikkeller,15.4%,Barleywine - American,Bottle 375ml,"€ 26,27 per litre"
Solar Flare,"€ 5,40",Germany,3.95,FUERST WIACEK,6.8%,IPA - New England / Hazy,Can 440ml,"€ 12,27 per litre"
Shoegazer (2024),"€ 5,40",Germany,3.94,FUERST WIACEK,6.8%,IPA - New England / Hazy,Can 440ml,"€ 12,27 per litre"
To Some Extent,"€ 6,90",England,3.94,DEYA Brewing Company,6.8%,IPA - Other,500ml,"€ 13,80 per litre"
Palms (2024),"€ 5,75",Germany,3.89,FUERST WIACEK,6.8%,IPA - Other,Can 440ml,"€ 13,07 per litre"
Back In The Dayz,"€ 8,45",Denmark,3.81,Mikkeller,10%,IPA - Triple,Can 440ml,"€ 19,20 per litre"
Gebroeders Hermans Freres Tipsy Gold,"€ 3,20",Belgium,3.45,Gebroeders Hermans Frères bv,7.5%,Belgian Blonde,330ml,"€ 9,70 per litre"
Tesselaar Eilandkriebel,"€ 2,95",Netherlands,3.36,Tesselaar Familiebrouwerij Diks,6.4%,Blonde / Golden Ale - Other,330ml,"€ 8,94 per litre"
Twenty Four - Coconut Macaroon,"€ 48,75",United States,4.42,Central Waters Brewing Company,14.3%,Stout - Imperial / Double,Bottle 650ml,"€ 75,00 per litre"
XXX Bitter,"€ 9,36",Belgium,3.64,Brouwerij De Ranke,6%,IPA - Belgian,Bottle 750ml,"€ 12,48 per litre"
Saison de Dottignies,"€ 7,59",Belgium,3.42,Brouwerij De Ranke,5.5%,Farmhouse Ale - Saison,Bottle 750ml,"€ 10,12 per litre"
Zeezuiper,"€ 2,90",Belgium,3.66,Scheldebrouwerij,8%,Belgian Tripel,Bottle 750ml,"€ 10,12 per litre"
Spikes,"€ 5,70",Estonia,3.69,Põhjala,6.4%,IPA - American,Can 440ml,"€ 12,95 per litre"
Fate Loves The Fearless,"€ 4,90",Netherlands,3.91,Brouwerij Kees,14.8%,Barleywine - American,330ml,"€ 14,85 per litre"
Stop ou Amphore 004,"€ 13,30",France,4.16,Nano Brasserie SPO,5.9%,Farmhouse Ale - Other,Bottle 750ml,"€ 17,73 per litre"
Grapevine Montepulciano,"€ 10,99",Belgium,3.88,Brouwerij De Ranke,6.5%,Lambic - Fruit,Bottle 750ml,"€ 14,65 per litre"
Pohjala Spikes,"€ 5,90",Estonia,3.69,Põhjala,6.4%,IPA - American,Can 440ml,"€ 13,41 per litre"
Superside,"€ 5,10",Hungary,3.72,Yeast Side,6%,IPA - New England / Hazy,Can 500ml,"€ 10,20 per litre"
Helles Vollbier,"€ 2,20",Germany,3.29,Löwenbräu Buttenheim,5%,Lager - Helles,500ml,"€ 4,40 per litre"
Keller Leicht,"€ 2,20",Germany,2.96,Löwenbräu Buttenheim,2.5%,Lager - Leichtbier,500ml,"€ 4,40 per litre"
Happily Cherried,"€ 4,50",Netherlands,3.06,Rabauw Craft Beer,4.5%,Sour - Fruited,Can 440ml,"€ 10,23 per litre"
Jubiläumsbier- 10 Jahre  Bierothek® Bamberg,"€ 3,50",Germany,3.45,Braumanufaktur Hertl,4.8%,Kellerbier / Zwickelbier,500ml,"€ 7,00 per litre"
Dolina,"€ 4,82",Croatia,3.67,The Garden Brewery,7.1%,Sour - Fruited,Can 440ml,"€ 10,95 per litre"
Oersted,"€ 8,29",Italy,4.15,Ritual Lab,13%,Porter - Imperial / Double,330ml,"€ 25,12 per litre"
Dead Water,"€ 13,25",Finland,4.09,Paihalas Brewery,5.8%,Wild Ale - Other,Bottle 375ml,"€ 35,33 per litre"
Rested Wind,"€ 13,25",Finland,4.08,Paihalas Brewery,5.4%,Wild Ale - Other,Bottle 375ml,"€ 35,33 per litre"
Quem Bebe Por Gosto (5º Aniversário),"€ 6,75",Portugal,3.88,Fermentage,9%,IPA - Imperial / Double Black,Bottle 375ml,"€ 18,00 per litre"
Enchanted Island (v7),"€ 9,15",United States,4.00,Humble Forager Brewery,9%,Sour - Fruited,355ml,"€ 25,77 per litre"
Flux Hazy Pale Ale,"€ 4,29",Sweden,3.63,Apex Brewing Company,4.5%,Pale Ale - New England / Hazy,Can 440ml,"€ 9,75 per litre"
Pink Lake,"€ 7,15",Spain,4.08,SOMA Beer,7%,IPA - New England / Hazy,Can 440ml,"€ 16,25 per litre"
Dota,"€ 8,50",Spain,4.05,Menno Olivier Brewing,11.3%,Stout - Imperial / Double,330ml,"€ 25,76 per litre"
Sailing To the Moon,"€ 14,95",Netherlands,4.03,Brouwerij Kees,14.2%,Old / Stock Ale,Bottle 750ml,"€ 19,93 per litre"
Jupiter,"€ 7,75",Netherlands,3.92,Moersleutel Craft Brewery,9%,IPA - Triple,Can 440ml,"€ 17,61 per litre"
Cookie Policy,"€ 19,75",Denmark,4.01,To Øl,12.8%,Stout - Imperial / Double Pastry,Bottle 750ml,"€ 26,33 per litre"
Bombo,"€ 8,50",Spain,4.01,Menno Olivier Brewing,11.5%,Strong Ale - Other,330ml,"€ 25,76 per litre"
Enchanted Island (v2),"€ 9,15",United States,4.28,Humble Forager Brewery,9%,Sour - Other,355ml,"€ 25,77 per litre"
Coastal Sunshine (v4),"€ 8,95",United States,4.22,Humble Forager Brewery,6%,Sour - Fruited,473ml,"€ 18,92 per litre"
Eugene's Axe,"€ 17,95",United States,4.43,Fidens Brewing Co,8.5%,IPA - Imperial / Double New England / Hazy,473ml,"€ 37,95 per litre"
Milkshake IPA (Double Extra Vanilla),"€ 11,65",United States,4.36,Tired Hands Brewing Company,9.2%,IPA - Imperial / Double Milkshake,473ml,"€ 24,63 per litre"
9 Pieds Sous Terre XTRM TURBO,"€ 9,30",Canada,4.33,Messorem,8.4%,IPA - Imperial / Double,473ml,"€ 19,66 per litre"
Voyons Donc,"€ 10,05",Canada,4.32,Brasserie du Bas-Canada,10%,IPA - Triple,473ml,"€ 21,25 per litre"
Directions,"€ 9,30",Canada,4.31,Brasserie du Bas-Canada,8.1%,IPA - Imperial / Double,473ml,"€ 19,66 per litre"
DDH Grassman (Citra & Nelson),"€ 10,05",United States,4.30,Tired Hands Brewing Company,8.7%,IPA - Imperial / Double,473ml,"€ 21,25 per litre"
Ces Vipères,"€ 8,90",Canada,4.30,Messorem,9.1%,IPA - Imperial / Double,473ml,"€ 18,82 per litre"
One Hunna: Citra,"€ 8,90",Canada,4.25,Messorem,8.2%,IPA - Imperial / Double,473ml,"€ 18,82 per litre"
Below Sea Level,"€ 9,05",United States,4.24,Vitamin Sea Brewing,8%,IPA - Imperial / Double New England / Hazy,473ml,"€ 19,13 per litre"
May DIPA (2024),"€ 9,30",Canada,4.22,Badlands Brewing Company,8.2%,IPA - Imperial / Double,473ml,"€ 19,66 per litre"
The Enemies I've Earned (2024),"€ 8,90",Canada,4.17,Third Moon Brewing Company,8%,IPA - Imperial / Double New England / Hazy,473ml,"€ 18,82 per litre"
Bzart Krieklambiek Brut 2019,"€ 27,71",Belgium,4.15,Oud Beersel,7%,Lambic - Kriek,Bottle 750ml,"€ 36,95 per litre"
Struise Sint Amatus Reserva 2020,"€ 4,27",Belgium,3.89,De Struise Brouwers,10.5%,Belgian Quadrupel,330ml,"€ 12,94 per litre"
Bzart Lambiek Brut Nature 2018,"€ 24,89",Belgium,3.87,Oud Beersel,7%,Lambic - Traditional,Bottle 750ml,"€ 33,19 per litre"
Daily Serving: Raspberry & Passion Fruit,"€ 11,99",United States,4.28,Trillium Brewing Company,4.2%,Sour - Fruited Berliner Weisse,473ml,"€ 25,35 per litre"
Fort Point,"€ 9,35",United States,4.21,Trillium Brewing Company,6.6%,Pale Ale - American,473ml,"€ 19,77 per litre"
Warmouth V12,"€ 3,99",Netherlands,3.75,De Kromme Haring,6%,IPA - New England / Hazy,330ml,"€ 12,09 per litre"
Don't Show Kief Ya Tief,"€ 6,75",England,3.69,Bang The Elephant Brewing Co,8%,IPA - Imperial / Double,Can 440ml,"€ 15,34 per litre"
Flashback,"€ 5,45",Spain,4.05,SOMA Beer,6.5%,IPA - New England / Hazy,Can 440ml,"€ 12,39 per litre"
Necessary Evil,"€ 7,19",Spain,4.03,SOMA Beer,11%,Stout - Imperial / Double,Can 440ml,"€ 16,34 per litre"
Ice Breaker,"€ 5,25",Spain,3.98,SOMA Beer,7%,IPA - New England / Hazy,Can 440ml,"€ 11,93 per litre"
VORTEX,"€ 5,25",Spain,3.94,SOMA Beer,7%,IPA - New England / Hazy,Can 440ml,"€ 11,93 per litre"
The Veil White Russian Whangdoodle,"€ 42,95",United States,4.35,The Veil Brewing Co.,11.5%,Stout - Imperial / Double Milk,500ml,"€ 85,90 per litre"
The Veil Apple Brandy Barrel Whangdoodle (2023),"€ 38,75",United States,4.21,The Veil Brewing Co.,11.5%,Stout - Imperial / Double Milk,500ml,"€ 77,50 per litre"
The Veil Headhunter's Cove,"€ 46,75",United States,4.20,The Veil Brewing Co.,13%,Stout - Imperial / Double Pastry,500ml,"€ 93,50 per litre"
The Veil Neopolitan Whangdoodle (2023),"€ 42,95",United States,4.17,The Veil Brewing Co.,11.5%,Stout - Imperial / Double Milk,500ml,"€ 85,90 per litre"
Hop Hop Hoppy! Modern Grodziskie,"€ 4,50",Poland,3.52,Browar Stu Mostów,2.9%,Grodziskie / Grätzer,Can 440ml,"€ 10,23 per litre"
Bistro Triple Berry Parfait,"€ 10,90",United States,4.26,Energy City Brewing,6.5%,Sour - Fruited Berliner Weisse,Can 440ml,"€ 10,23 per litre"
Digi Digi Digi,"€ 10,60",New Zealand,3.62,Yeastie Boys,5.7%,IPA - New Zealand,330ml,"€ 32,12 per litre"
Radix,"€ 8,99",Norway,4.18,Salikatt Bryggeri,8%,Sour - Smoothie / Pastry,Can 440ml,"€ 20,43 per litre"
Nordic Trails,"€ 17,99",Norway,3.99,Salikatt Bryggeri,7.1%,Farmhouse Ale - Saison,Bottle 375ml,"€ 47,97 per litre"
Chasing Rainbows,"€ 5,10",Norway,3.95,Salikatt Bryggeri,6%,IPA - New England / Hazy,Can 440ml,"€ 11,59 per litre"
Tart Buds,"€ 9,99",United States,4.24,DankHouse Brewing Company,6%,Sour - Fruited,Can 440ml,"€ 11,59 per litre"
Lift Sesh,"€ 10,25",United States,4.17,DankHouse Brewing Company,8.5%,IPA - Imperial / Double New England / Hazy,Can 440ml,"€ 11,59 per litre"
Cuvée Jonny,"€ 4,80",Belgium,3.62,Brouwerij Alvinne,13.5%,Sour - Other,Can 440ml,"€ 11,59 per litre"
Poz-naj AIPA,"€ 3,70",Poland,3.60,Poznańskie Browary Rzemieślnicze,5%,Pale Ale - American,Bottle 500ml,"€ 7,40 per litre"
Nice to Feed You,"€ 4,20",Poland,3.56,Browar Harpagan,5.3%,IPA - Fruited,Bottle 500ml,"€ 8,40 per litre"
Pils,"€ 3,10",Poland,3.27,Browar Harpagan,4.7%,Pilsner - Czech / Bohemian,Bottle 500ml,"€ 6,20 per litre"
Cask Aged Black Agnes,"€ 61,95",United States,4.55,Schramm's Mead,12.5%,Mead - Melomel,Bottle 375ml,"€ 165,20 per litre"
Taking Flight,"€ 31,95",United States,4.41,Forager Brewery,15.2%,Barleywine - American,187ml,"€ 170,86 per litre"
Devil's Heart Of Gold (2023),"€ 59,95",United States,4.38,Perennial Artisan Ales,14.4%,Wheat Beer - Wheat Wine,Bottle 750ml,"€ 79,93 per litre"
On The Threshold Of A Dream,"€ 59,95",United States,4.36,Perennial Artisan Ales,13.8%,Stout - Imperial / Double Pastry,Bottle 750ml,"€ 79,93 per litre"
Barrel Aged Double Vanilla Scoop Shake,"€ 43,95",United States,4.31,3 Sons Brewing Co.,14.9%,Stout - Imperial / Double Pastry,500ml,"€ 87,90 per litre"
Alchemy Of Elements (2022),"€ 32,95",United States,4.28,Bottle Logic Brewing,14%,Stout - Imperial / Double,500ml,"€ 65,90 per litre"
BA Banana Drip (2023),"€ 26,45",United States,4.22,Finback Brewery,13.1%,Stout - Imperial / Double Pastry,500ml,"€ 52,90 per litre"
Technical Challenge (2021),"€ 32,95",United States,4.22,Bottle Logic Brewing,13.77%,Stout - Imperial / Double Pastry,500ml,"€ 65,90 per litre"
Run To Daylight,"€ 11,45",United States,4.34,Hop Butcher For The World,10.5%,IPA - Triple New England / Hazy,473ml,"€ 24,21 per litre"
Bistro Pineapple Banana Cream Pie,"€ 10,45",United States,4.32,Energy City Brewing,6.5%,Sour - Fruited Berliner Weisse,473ml,"€ 22,09 per litre"
Ripe In The Machine,"€ 9,90",United States,4.31,Parish Brewing Co.,8.5%,IPA - Imperial / Double New England / Hazy,473ml,"€ 20,93 per litre"
Bistro Ambrosia,"€ 10,45",United States,4.30,Energy City Brewing,6.5%,Sour - Fruited Berliner Weisse,473ml,"€ 22,09 per litre"
Loophole Technicality,"€ 8,45",United States,4.26,Hop Butcher For The World,7.5%,IPA - Imperial / Double New England / Hazy,473ml,"€ 17,86 per litre"
Ultimate Villain,"€ 9,25",United States,4.26,District 96 Beer Factory,11.5%,IPA - Triple New England / Hazy,473ml,"€ 19,56 per litre"
Second Term,"€ 9,25",United States,4.25,District 96 Beer Factory,7%,IPA - New England / Hazy,473ml,"€ 19,56 per litre"
High-Low,"€ 8,50",United States,4.22,Finback Brewery,8.5%,IPA - Imperial / Double,473ml,"€ 17,97 per litre"
Death of Civillization In Slow Motion Pt. 2 (Ghost MORSOV),"€ 8,20",United States,4.20,Adroit Theory,8.5%,IPA - Imperial / Double New England / Hazy,473ml,"€ 17,34 per litre"
Cerberus,"€ 9,25",United States,4.17,District 96 Beer Factory,8.6%,IPA - Imperial / Double New England / Hazy,473ml,"€ 19,56 per litre"
Operation Warfare 2 – Sedition (Ghost: Sedition),"€ 8,20",United States,4.15,Adroit Theory,8.3%,IPA - New England / Hazy,473ml,"€ 17,34 per litre"
Haze Cadet,"€ 9,95",United States,4.13,Toppling Goliath Brewing Co.,7.8%,IPA - Imperial / Double New England / Hazy,473ml,"€ 21,04 per litre"
State Machine DDH Riwaka,"€ 9,95",United States,4.11,Spyglass Brewing Company,6.6%,IPA - New England / Hazy,473ml,"€ 21,04 per litre"
Krema,"€ 9,95",United States,4.10,3 Sons Brewing Co.,8%,IPA - Imperial / Double New England / Hazy,473ml,"€ 21,04 per litre"
Surfing While Sciencing,"€ 7,96",United States,4.04,Equilibrium Brewery,8%,IPA - Imperial / Double,473ml,"€ 16,83 per litre"
Binary Stars Eclipse,"€ 9,95",United States,4.00,Spyglass Brewing Company,7.2%,IPA - New England / Hazy,473ml,"€ 21,04 per litre"
Struise Pannepot 2023,"€ 3,13",Belgium,3.92,De Struise Brouwers,10%,Belgian Strong Dark Ale,330ml,"€ 9,48 per litre"
Struise Dirty Horse Kriek 2018,"€ 4,97",Belgium,3.71,De Struise Brouwers,7%,Sour - Fruited,330ml,"€ 15,06 per litre"
Uzzewuzze Terrerre,"€ 3,40",Netherlands,3.67,Dorpsbrouwerij Uzzewuzze,10%,Stout - Imperial / Double,330ml,"€ 10,30 per litre"
Störtebeker Scotch-Ale,"€ 4,20",Germany,2.88,Störtebeker Braumanufaktur,9%,Scotch Ale / Wee Heavy,500ml,"€ 8,40 per litre"
Oude Geuze - Cuvee Jean-Paul - 2020/2021,"€ 16,30",Belgium,4.21,Gueuzerie Tilquin,7%,Lambic - Gueuze,Bottle 750ml,"€ 21,73 per litre"
Oude Geuze - Cuvee Paul - 2020/2021,"€ 17,10",Belgium,4.21,Gueuzerie Tilquin,7%,Lambic - Gueuze,Bottle 750ml,"€ 22,80 per litre"
Oude Airelle Sauvage - 2021/2022,"€ 20,70",Belgium,4.15,Gueuzerie Tilquin,6.5%,Lambic - Fruit,Bottle 750ml,"€ 27,60 per litre"
Tasting,"€ 90,00",United States,3.98,Funk Factory Geuzeria,8%,Grape Ale - Other,Bottle 750ml,"€ 120,00 per litre"
Tasting -  75cl,"€ 89,95",Belgium,3.70,De Struise Brouwers,11%,Farmhouse Ale - Saison,3-pack,"Total price: € 89,95"
Wijndruif Geuze,"€ 30,29",Belgium,4.15,Publitasting,6.4%,Lambic - Gueuze,Bottle 750ml,"€ 40,39 per litre"
Braambes Geuze,"€ 30,29",Belgium,4.12,Publitasting,6%,Lambic - Gueuze,Bottle 750ml,"€ 40,39 per litre"
Appel - Blauwe Bes Geuze,"€ 30,29",Belgium,4.08,Publitasting,6.3%,Lambic - Gueuze,Bottle 750ml,"€ 40,39 per litre"
Bloedappelsien Geuze,"€ 30,29",Belgium,4.00,Publitasting,6.3%,Lambic - Gueuze,Bottle 750ml,"€ 40,39 per litre"
Papa´s Weißheit,"€ 2,90",Germany,3.55,Braumanufaktur Hertl,5.1%,Wheat Beer - Hefeweizen,500ml,"€ 5,80 per litre"
Blond,"€ 12,00",Belgium,3.47,Brouwerij Adept,7.5%,Belgian Blonde,Bottle 750ml,"€ 16,00 per litre"
Breugem High Five,"€ 3,15",Netherlands,3.57,Breugem Bier,7.9%,Belgian Tripel,330ml,"€ 9,55 per litre"
Störtebeker Baltik-Lager,"€ 2,29",Germany,3.33,Störtebeker Braumanufaktur,5.5%,Märzen,500ml,"€ 4,58 per litre"
Reef Point,"€ 3,49",England,3.02,Big Drop Brewing Co,0.5%,Non-Alcoholic - Lager,330ml,"€ 10,58 per litre"
Greif Bräu - Hell,"€ 1,90",Germany,3.48,Brauerei Josef Greif,4.9%,Lager - Helles,500ml,"€ 3,80 per litre"
Huppendorfer Pils,"€ 1,90",Germany,3.35,Brauerei Gasthof Grasser,4.9%,Pilsner - German,500ml,"€ 3,80 per litre"
Coconut Coffee Stout By Rackhouse,"€ 18,55",Norway,4.38,LERVIG,12.8%,Stout - Imperial / Double,Bottle 375ml,"€ 49,47 per litre"
Kasteel Rouge,"€ 3,01",Belgium,3.58,Kasteel Brouwerij Vanhonsebrouck,8%,Fruit Beer,330ml,"€ 9,12 per litre"
Ice Planet by Rackhouse,"€ 18,00",Norway,4.38,LERVIG,14.1%,Stout - Imperial / Double,Bottle 375ml,"€ 48,00 per litre"
Fate Loves the Fearless,"€ 4,80",Netherlands,3.91,Brouwerij Kees,14.8%,Barleywine - American,330ml,"€ 14,55 per litre"
Passion for Session,"€ 4,25",Netherlands,3.47,Brouwerij Kees,4.5%,IPA - Session,Can 440ml,"€ 9,66 per litre"
Rackhouse Vanilla Dreams Tennessee Whiskey Barrel Aged Imperial Stout,"€ 18,95",Norway,4.31,LERVIG,13.1%,Stout - Imperial / Double,Bottle 375ml,"€ 50,53 per litre"
Dreams Barrel Aged Icebock Barleywine,"€ 17,95",Austria,4.27,Brauhaus Bevog,18.5%,Freeze-Distilled Beer,330ml,"€ 54,39 per litre"
Big La Chouffe Blond,"€ 15,95",Belgium,3.79,Brasserie d'Achouffe,8%,Belgian Strong Golden Ale,Bottle 1500ml,"€ 10,63 per litre"
Dubbel,"€ 2,25",Belgium,3.69,Brouwerij der Trappisten van Westmalle,7%,Belgian Dubbel,330ml,"€ 6,82 per litre"
The Original Smokey Imperial Porter,"€ 3,55",Netherlands,3.62,De Kromme Haring,8.5%,Porter - Smoked,Can 330ml,"€ 10,76 per litre"
Coffee Grinder Coffee Stout,"€ 6,10",Netherlands,3.61,Moersleutel Craft Brewery,6%,Stout - Coffee,Can 440ml,"€ 13,86 per litre"
Kriek,"€ 2,00",Belgium,3.57,Brouwerij Lindemans,3.5%,Lambic - Kriek,Bottle 250ml,"€ 8,00 per litre"
Abbey Rave Tripel,"€ 3,00",Netherlands,3.56,Baxbier,8.7%,Belgian Tripel,Can 330ml,"€ 9,09 per litre"
Egmondse Tripel Biologisch Abdijbier,"€ 3,45",Netherlands,3.54,Brouwerij Egmond,7.5%,Belgian Tripel,330ml,"€ 10,45 per litre"
Deugniet Strong Golden Ale,"€ 5,15",Belgium,3.53,Brasserie du Bocq,7.5%,Belgian Strong Golden Ale,Bottle 750ml,"€ 6,87 per litre"
Morland Old Speckled Hen,"€ 3,50",England,3.37,Greene King,5%,Pale Ale - English,500ml,"€ 7,00 per litre"
"WILD#27 Grodziskie Mixed Fermentation - 37,5cl","€ 9,80",Poland,4.16,Browar Stu Mostów,3.8%,Grodziskie / Grätzer,Bottle 375ml,"€ 26,13 per litre"
Messie,"€ 6,40",Poland,4.14,Browar Stu Mostów,6%,Sour - Smoothie / Pastry,Can 440ml,"€ 14,55 per litre"
Holy Beans,"€ 6,60",Poland,4.01,Browar Stu Mostów,10.5%,Porter - Imperial / Double Baltic,330ml,"€ 20,00 per litre"
Celestine New England DIPA,"€ 5,70",Poland,4.01,Browar Stu Mostów,7.7%,IPA - Imperial / Double New England / Hazy,Can 440ml,"€ 12,95 per litre"
Floccus Sour IPA,"€ 5,20",Poland,3.96,Browar Stu Mostów,5.6%,IPA - Sour,Can 440ml,"€ 12,95 per litre"
Abt 12,"€ 6,40",Belgium,4.00,Brouwerij St.Bernardus,10%,Belgian Quadrupel,Bottle 330ml,"€ 19,39 per litre"
Pater 6,"€ 3,90",Belgium,3.55,Brouwerij St.Bernardus,6.7%,Belgian Dubbel,Bottle 330ml,"€ 11,82 per litre"
Kirsch Weisse – ( MHD 10.06.2022 ) Berliner Weisse mit Kirschen,"€ 3,45",Germany,3.27,Brauerei Lemke,4%,Sour - Fruited Berliner Weisse,330ml,"€ 10,45 per litre"
Triple Trouble,"€ 2,95",Netherlands,3.58,Van Moll,8.2%,Belgian Tripel,330ml,"€ 8,94 per litre"
Funky Falcon,"€ 2,95",Netherlands,3.50,Two Chefs Brewing,5.2%,Pale Ale - American,330ml,"€ 8,94 per litre"
VandeStreek Broeders,"€ 2,75",Netherlands,3.32,vandeStreek bier,6%,Blonde / Golden Ale - Other,330ml,"€ 8,33 per litre"
Ondergronds,"€ 2,95",Belgium,3.32,Brouwerij Kompel,6%,Brown Ale - Belgian,330ml,"€ 8,94 per litre"
To Ol 45 Dias Mexican Lager,"€ 2,50",Denmark,2.86,To Øl,4.5%,Lager - Mexican,330ml,"€ 7,58 per litre"
Fate loves the Fearless,"€ 4,99",Netherlands,3.91,Brouwerij Kees,14.8%,Barleywine - American,330ml,"€ 15,12 per litre"
The Sassy Swordfish,"€ 4,99",Sweden,3.83,The Pine Ridge Brewery,7%,IPA - New England / Hazy,Can 440ml,"€ 11,34 per litre"
Raspberry Maple Mac,"€ 299,99",United States,4.78,Pips Meadery,14%,Mead - Other,Can 440ml,"€ 11,34 per litre"
Maltvin (Blend #1),"€ 249,99",United States,4.48,Evil Twin Brewing/ Side Project Brewing,15%,Barleywine - English,Bottle 750ml,"€ 333,32 per litre"
Mass Action (2021),"€ 69,99",United States,4.47,Bottle Logic Brewing,14.61%,Stout - Imperial / Double Pastry,Bottle 750ml,"€ 333,32 per litre"
De Cam Perzik Peach,"€ 12,15",Belgium,4.26,Geuzestekerij De Cam,5.5%,Lambic - Fruit,Bottle 375ml,"€ 32,40 per litre"
De Cam Chardonnay Lambic 2023,"€ 31,96",Belgium,4.15,Geuzestekerij De Cam,8%,Lambic - Fruit,Bottle 750ml,"€ 42,61 per litre"
De Cam Pinot Noir Lambic 2023,"€ 31,96",Belgium,3.99,Geuzestekerij De Cam,8%,Lambic - Fruit,Bottle 750ml,"€ 42,61 per litre"
Modern Grodziskie zwrotna,"€ 2,10",Poland,3.53,Browar Grodzisk,3.1%,Grodziskie / Grätzer,Bottle 500ml,"€ 4,20 per litre"
Summacrush,"€ 5,00",England,3.68,New Bristol Brewery,4%,IPA - Session,Can 440ml,"€ 11,36 per litre"
Rebelse Strop,"€ 2,55",Belgium,3.30,Brouwerij Roman,5%,Brett Beer,330ml,"€ 7,73 per litre"
Old Zealand Finest,"€ 4,60",Netherlands,3.69,Dutch Bargain,8%,IPA - New Zealand,330ml,"€ 13,94 per litre"
Camba Imperial IPA,"€ 5,25",Germany,3.67,Camba Bavaria,8.9%,IPA - Imperial / Double,Can 440ml,"€ 11,93 per litre"
Hakuna Batatta DIPA,"€ 4,50",Netherlands,3.63,Dutch Bargain,8%,IPA - Imperial / Double,330ml,"€ 13,64 per litre"
Camba Chiemsee Dark,"€ 3,95",Germany,3.53,Camba Bavaria,5.6%,Schwarzbier,Can 440ml,"€ 8,98 per litre"
Yakiniku,"€ 4,75",Netherlands,3.47,Dutch Bargain,5.2%,Lager - Japanese Rice,Can 440ml,"€ 10,80 per litre"
Camba Chiemsee Hopla,"€ 3,90",Germany,3.44,Camba Bavaria,5.1%,Lager - IPL (India Pale Lager),Can 440ml,"€ 8,86 per litre"
Walhalla Double Elixer IX,"€ 6,20",Netherlands,3.43,Walhalla Brouwerij & Proeflokaal,7.8%,Sour - Fruited,Can 440ml,"€ 14,09 per litre"
Walhalla Toci,"€ 3,90",Netherlands,3.43,Walhalla Brouwerij & Proeflokaal,3.5%,Sour - Fruited,330ml,"€ 11,82 per litre"
Tripel Eucos,"€ 3,80",Netherlands,3.41,De Grieze,8.2%,Belgian Tripel,330ml,"€ 11,52 per litre"
Maturation: Bocoy,"€ 28,95",Denmark,3.97,Insight Cellars,7.2%,Wild Ale - Other,Bottle 750ml,"€ 38,60 per litre"
Muifel Zuster Agatha Vatgerijpt #13 Bourbon Blend,"€ 7,75",Netherlands,4.15,Muifelbrouwerij,11%,Belgian Strong Dark Ale,330ml,"€ 23,48 per litre"
Yard Sale,"€ 8,40",England,4.08,Drop Project,8%,IPA - Imperial / Double,Can 440ml,"€ 19,09 per litre"
Rattle,"€ 5,90",England,3.74,Drop Project,4.8%,Pale Ale - Other,Can 440ml,"€ 13,41 per litre"
Blud,"€ 6,80",England,3.68,Drop Project,5.3%,Sour - Fruited,Can 440ml,"€ 15,45 per litre"
Didko x Zen Brewery Muteness,"€ 7,20",Ukraine,3.96,Дідько Brewery,11.8%,Barleywine - American,330ml,"€ 21,82 per litre"
Magnus 23 Barrel Aged Imperial Stout,"€ 44,20",United States,4.49,Forager Brewery,15%,Stout - Imperial / Double,187ml,"€ 236,36 per litre"
Terps IPA x Escarpment Labs,"€ 9,70",Canada,3.85,Willibald Farm Brewery,6.5%,IPA - American,473ml,"€ 20,51 per litre"
Sin & Remorse Dru Whiskey BA,"€ 14,99",Netherlands,4.02,Jopen,11.6%,Stout - Imperial / Double,Bottle 750ml,"€ 19,99 per litre"
Sin & Remorse Peated Whiskey Blend BA,"€ 18,95",Netherlands,3.76,Jopen,12%,Stout - Imperial / Double,Bottle 750ml,"€ 25,27 per litre"
Swift Haze,"€ 2,69",Sweden,3.47,Brewski,4.2%,Pale Ale - New England / Hazy,330ml,"€ 8,15 per litre"
DR. Raptor,"€ 4,99",Netherlands,3.68,Uiltje Brewing Company,9.2%,IPA - Imperial / Double,330ml,"€ 15,12 per litre"
Bird of Prey,"€ 3,89",Netherlands,3.60,Uiltje Brewing Company,5.8%,IPA - American,330ml,"€ 11,79 per litre"
Feel the Beat,"€ 10,99",Poland,4.31,Browar Stu Mostów,13.5%,Stout - Imperial / Double Pastry,330ml,"€ 33,30 per litre"
Peanut Cloud,"€ 22,99",United States,4.31,Equilibrium Brewery,11%,Stout - Imperial / Double,500ml,"€ 45,98 per litre"
Emperor's Marshmelatonin - Batch 2,"€ 28,99",United States,4.28,Equilibrium Brewery,11%,Stout - Imperial / Double Pastry,500ml,"€ 45,98 per litre"
Warmouth V12,"€ 3,79",Netherlands,3.75,De Kromme Haring,6.3%,IPA - New England / Hazy,330ml,"€ 11,48 per litre"
Opah,"€ 3,39",Netherlands,3.63,De Kromme Haring,6.3%,IPA - American,330ml,"€ 10,27 per litre"
Daku Waqa,"€ 3,29",Netherlands,3.49,De Kromme Haring,4.3%,IPA - White / Wheat,330ml,"€ 9,97 per litre"
De Cam Nectarine,"€ 12,15",Belgium,4.14,Geuzestekerij De Cam,6.5%,Lambic - Fruit,Bottle 375ml,"€ 32,40 per litre"
De Cam Abrikoos Lambic,"€ 23,90",Belgium,4.05,Geuzestekerij De Cam,5%,Lambic - Fruit,Bottle 750ml,"€ 31,87 per litre"
De Cam Abrikoos Lambic,"€ 12,15",Belgium,4.05,Geuzestekerij De Cam,5%,Lambic - Fruit,Bottle 375ml,"€ 32,40 per litre"
De Cam Lambiek,"€ 6,94",Belgium,3.86,Geuzestekerij De Cam,6.5%,Lambic - Traditional,Bottle 375ml,"€ 18,51 per litre"
De Cam Oude Lambiek,"€ 12,04",Belgium,3.86,Geuzestekerij De Cam,6.5%,Lambic - Traditional,Bottle 750ml,"€ 16,05 per litre"
Very Berry Single Scoop,"€ 6,60",Scotland,4.02,Vault City Brewing,4.1%,Sour - Smoothie / Pastry,Can 440ml,"€ 15,00 per litre"
Strawberry Sundae,"€ 3,75",Scotland,3.95,Vault City Brewing,5%,Sour - Fruited,330ml,"€ 11,36 per litre"
Hopzz_ Enriched,"€ 6,20",Poland,3.85,Browar PINTA,6%,IPA - New England / Hazy,500ml,"€ 12,40 per litre"
The Offended Octopus,"€ 5,00",Sweden,3.84,The Pine Ridge Brewery,7%,IPA - New England / Hazy,Can 440ml,"€ 11,36 per litre"
No Monkey Business Angry and Improved,"€ 4,50",Sweden,3.62,The Pine Ridge Brewery,5.6%,Pale Ale - American,Can 440ml,"€ 10,23 per litre"
Last 10 Seconds,"€ 4,00",Netherlands,3.59,Cockroach Brew,7%,IPA - American,330ml,"€ 12,12 per litre"
Welcome Back,"€ 3,50",Netherlands,3.57,Cockroach Brew,4.5%,Pale Ale - New England / Hazy,330ml,"€ 10,61 per litre"
Shaky Bones 2024,"€ 4,99",Netherlands,3.82,Rock City Brewing,7%,IPA - New England / Hazy,Can 440ml,"€ 11,34 per litre"
Hazy Leven,"€ 2,99",Netherlands,3.53,Hert Bier,6%,IPA - New England / Hazy,330ml,"€ 9,06 per litre"
Vurr,"€ 4,50",Estonia,3.85,Pühaste Brewery,8%,IPA - Imperial / Double New England / Hazy,330ml,"€ 13,64 per litre"
The Death Of Civilization,"€ 9,99",United States,4.15,Adroit Theory,8.5%,IPA - Imperial / Double New England / Hazy,473ml,"€ 21,12 per litre"
Moersleutel Earth,"€ 7,99",Netherlands,3.71,Moersleutel Craft Brewery,8%,Stout - Other,Can 440ml,"€ 18,16 per litre"
Lodgepole Farmhouse,"€ 33,60",United States,4.17,The Ale Apothecary,6.36%,Wild Ale - American,Bottle 750ml,"€ 44,80 per litre"
Saddle Up,"€ 12,10",United States,4.08,Pipeworks Brewing Company,11.3%,Barleywine - Other,473ml,"€ 25,58 per litre"
Designated Dryver,"€ 2,70",Netherlands,3.15,Dutch Bargain,0.3%,Non-Alcoholic - Other,330ml,"€ 8,18 per litre"
Jaguar Warrior,"€ 4,50",Belgium,3.85,Galea Craft Beers,14%,Barleywine - American,330ml,"€ 13,64 per litre"
Holy Roasty,"€ 4,20",Belgium,3.20,Galea Craft Beers,0.3%,Non-Alcoholic - Porter / Stout,330ml,"€ 12,73 per litre"
Hero,"€ 4,50",Spain,3.36,Basqueland Brewing,0.5%,Non-Alcoholic - IPA,330ml,"€ 13,64 per litre"
Amora Mist,"€ 3,40",Poland,3.69,Browar Dziki Wschód,5%,IPA - New England / Hazy,Bottle 500ml,"€ 6,80 per litre"
Taree'uux,"€ 3,10",Poland,3.69,Browar Dziki Wschód,4.5%,Sour - Tomato / Vegetable Gose,Can 500ml,"€ 6,20 per litre"
Król Lata,"€ 3,20",Poland,3.57,Browar PINTA,4%,Wheat Beer - Witbier / Blanche,Bottle 500ml,"€ 6,40 per litre"
Elektryczna Pomarańcza,"€ 3,50",Poland,3.51,Browar Dziki Wschód,7.5%,Belgian Strong Golden Ale,Can 500ml,"€ 7,00 per litre"
Dziewczyna Szamana,"€ 3,20",Poland,3.23,Browar Dziki Wschód,5.6%,Fruit Beer,Bottle 500ml,"€ 6,40 per litre"
Dead Wax,"€ 4,70",England,3.58,Orbit Beers,5.5%,Porter - English,Bottle 330ml,"€ 14,24 per litre"
Sunstead: White Nectarine 2023,"€ 28,95",Denmark,4.30,Insight Cellars,6.6%,Wild Ale - Other,Bottle 750ml,"€ 38,60 per litre"
Insight Cellars / Bofkont / Tommie Sjef Congruity: Cuvée,"€ 46,55",Denmark,4.20,Insight Cellars,7.2%,Wild Ale - Other,Bottle 750ml,"€ 62,07 per litre"
Maturation: Vin Jaune,"€ 28,95",Denmark,4.01,Insight Cellars,7.7%,Wild Ale - Other,Bottle 750ml,"€ 38,60 per litre"
Sunstead: Apricot 2023,"€ 28,95",Denmark,3.96,Insight Cellars,6.7%,Wild Ale - Other,Bottle 750ml,"€ 38,60 per litre"
Camba Island,"€ 4,99",Germany,3.77,Camba Bavaria/ Thompson Island Brewing Company,6.6%,IPA - New England / Hazy,Can 440ml,"€ 11,34 per litre"
Imperial IPA,"€ 4,99",Germany,3.67,Camba Bavaria,8.9%,IPA - Imperial / Double,Can 440ml,"€ 11,34 per litre"
The Rowdy Rooster's Raspberry Kettle Sour,"€ 3,79",Sweden,3.46,The Pine Ridge Brewery,4.7%,Sour - Fruited,330ml,"€ 11,48 per litre"
Lager Lab: 15 Red Lager Cherry Wood,"€ 2,69",Netherlands,3.38,Brouwerij Noordt,3.7%,Lager - Other,330ml,"€ 8,15 per litre"
Lager Lab: 14 Lager de Table French Oak,"€ 2,69",Netherlands,3.19,Brouwerij Noordt,3.2%,Lager - Other,330ml,"€ 8,15 per litre"
Kramah India Pale Ale,"€ 3,56",Austria,3.62,Brauhaus Bevog,6.5%,IPA - American,Can 330ml,"€ 10,79 per litre"
Death Grip IPA,"€ 7,29",Sweden,3.71,Apex Brewing Company,7.5%,IPA - American,Can 440ml,"€ 16,57 per litre"
High Wire,"€ 3,79",England,3.65,Magic Rock Brewing,5.5%,Pale Ale - American,Can 330ml,"€ 11,48 per litre"
Baltic Porter,"€ 3,49",France,3.89,Brasserie Cambier/ Brasserie de la Vallée du Giffre,8%,Porter - Baltic,330ml,"€ 10,58 per litre"
BBC 2022 - Imperial Stout,"€ 7,91",Romania,4.03,Bereta Brewing Co.,11%,Stout - Imperial / Double Pastry,330ml,"€ 23,97 per litre"
Wolgor: November 2023 blend,"€ 15,95",Austria,4.18,Brauhaus Bevog,11.4%,Stout - Russian Imperial,330ml,"€ 48,33 per litre"
Du Bois Des Pendus Tripel,"€ 3,20",Belgium,3.64,Brasserie des Légendes,10%,Belgian Tripel,330ml,"€ 9,70 per litre"
Orca Brau Kellerbier BIO Saphir,"€ 3,59",Germany,3.66,orca brau,5.4%,Kellerbier / Zwickelbier,330ml,"€ 10,88 per litre"
Orca Brau Local IPA BIO,"€ 3,89",Germany,3.64,orca brau,6.5%,IPA - Other,330ml,"€ 11,79 per litre"
Grüner Vollbier Hell,"€ 1,97",Germany,3.57,Brauerei-Gasthof zum Grünen Baum Bayer Theinheim,4.7%,Kellerbier / Zwickelbier,500ml,"€ 3,94 per litre"
Sebaldus Weizen Helles Hefe,"€ 2,19",Germany,3.56,Tucher Bräu,6%,Wheat Beer - Hefeweizen,500ml,"€ 4,38 per litre"
Hoppy Pilsener,"€ 2,29",Germany,3.55,Ratsherrn Brauerei,4.9%,Pilsner - Other,330ml,"€ 6,94 per litre"
Hofbräu Original,"€ 1,97",Germany,3.55,Staatliches Hofbräuhaus München,5.1%,Lager - Helles,500ml,"€ 3,94 per litre"
Kloster Andechs Spezial Hell,"€ 2,19",Germany,3.52,Klosterbrauerei Andechs,5.9%,Festbier,500ml,"€ 4,38 per litre"
Orca Brau Fränkisches Landbier BIO,"€ 2,99",Germany,3.42,orca brau,5.2%,Historical Beer - Other,330ml,"€ 9,06 per litre"
Wildwuchs Frau Knolle BIO Helles mit Ingwer,"€ 4,19",Germany,3.42,Wildwuchs Brauwerk Hamburg,4.5%,Spiced / Herbed Beer,330ml,"€ 12,70 per litre"
Hofbräu Hell,"€ 2,29",Germany,3.34,Weyermann Braumanufaktur,5%,Lager - Helles,500ml,"€ 4,58 per litre"
Früh Kölsch,"€ 2,19",Germany,3.32,Cölner Hofbräu Früh,4.8%,Kölsch,500ml,"€ 4,38 per litre"
Duckstein Rotblond Original,"€ 3,29",Germany,3.27,Holsten-Brauerei AG,4.9%,Altbier - Traditional,500ml,"€ 6,58 per litre"
Schorschbock Eisbock Limited Edition 23,"€ 21,99",Germany,3.20,Schorschbräu,25%,Bock - Doppelbock,200ml,"€ 109,95 per litre"
Wildwuchs Wilde Holle Holunder Weiße,"€ 3,19",Germany,3.20,Wildwuchs Brauwerk Hamburg,1.5%,Shandy / Radler,330ml,"€ 9,67 per litre"
Scottish Fruits,"€ 3,99",Scotland,3.66,Thistly Cross Cider,3.4%,Cider - Other Fruit,330ml,"€ 9,67 per litre"
7 Hops,"€ 2,69",Netherlands,3.57,Brouwerij Noordt,7%,Pale Ale - Other,330ml,"€ 8,15 per litre"
Pomelo IPA,"€ 3,69",Netherlands,3.47,Brouwerij Noordt,6%,IPA - Fruited,330ml,"€ 11,18 per litre"
Second Term,"€ 8,99",United States,4.25,District 96 Beer Factory,7%,IPA - New England / Hazy,330ml,"€ 11,18 per litre"
Apolitical,"€ 8,99",United States,4.10,District 96 Beer Factory,6.5%,IPA - New England / Hazy,330ml,"€ 11,18 per litre"
Sailing To The Moon,"€ 15,99",Netherlands,4.03,Brouwerij Kees,14.2%,Old / Stock Ale,Bottle 750ml,"€ 21,32 per litre"
Troubadour Westkust,"€ 2,75",Belgium,3.56,Brouwerij The Musketeers,8.5%,IPA - Imperial / Double Black,Bottle 750ml,"€ 21,32 per litre"
CATHARSIS#1,"€ 13,45",Spain,4.14,La Calavera,11%,Sour - Other,Bottle 375ml,"€ 35,87 per litre"
Brewdog Double Hazy Jane,"€ 3,25",Scotland,3.84,BrewDog,7.2%,IPA - Imperial / Double New England / Hazy,Bottle 375ml,"€ 35,87 per litre"
Bird of Prey,"€ 51,88",Netherlands,3.60,Uiltje Brewing Company,5.8%,IPA - American,24-pack,"Total price: € 51,88"
Hazy APA,"€ 2,30",Poland,3.34,Sulimar - Browar Cornelius,5%,Pale Ale - American,Bottle 500ml,"€ 4,60 per litre"
Hazy IPA,"€ 2,40",Poland,3.30,Sulimar - Browar Cornelius,6.5%,IPA - New England / Hazy,Bottle 500ml,"€ 4,80 per litre"
Hazy Pszeniczne z Grejpfrutem,"€ 2,10",Poland,3.18,Sulimar - Browar Cornelius,3%,Wheat Beer - Hefeweizen,Bottle 500ml,"€ 4,20 per litre"
IPA Whisky,"€ 2,20",Poland,2.79,Sulimar - Browar Cornelius,6%,IPA - Other,Bottle 500ml,"€ 4,40 per litre"
Daily Serving Raspberry Passionfruit,"€ 13,50",United States,4.28,Trillium Brewing Company,7.2%,Sour - Fruited Berliner Weisse,473ml,"€ 28,54 per litre"
Melcher Street,"€ 13,50",United States,4.25,Trillium Brewing Company,7.2%,IPA - American,473ml,"€ 28,54 per litre"
Fort Point,"€ 13,00",United States,4.21,Trillium Brewing Company,6.6%,Pale Ale - American,473ml,"€ 27,48 per litre"
Congo Vanilla Crown And Crate,"€ 13,50",United States,4.15,Trillium Brewing Company,8.5%,IPA - Imperial / Double New England / Hazy,473ml,"€ 28,54 per litre"
Caramel Fudge Stout,"€ 3,95",Netherlands,3.88,Brouwerij Kees,11.5%,Stout - Imperial / Double,330ml,"€ 11,97 per litre"
Fourchette Grand Cru Sauvignon Blanc BA,"€ 29,50",Belgium,3.87,Brouwerij Van Steenberge,7.5%,Belgian Tripel,Bottle 750ml,"€ 39,33 per litre"
Shaky Bones 2024,"€ 5,50",Netherlands,3.82,Rock City Brewing,7%,IPA - New England / Hazy,Can 440ml,"€ 12,50 per litre"
De Moersleutel CYCT Vibration,"€ 5,95",Netherlands,3.73,Moersleutel Craft Brewery,6.5%,IPA - New England / Hazy,Can 440ml,"€ 13,52 per litre"
Better Than I,"€ 6,50",Netherlands,3.70,Brouwerij Poesiat & Kater,5.7%,IPA - New England / Hazy,Can 440ml,"€ 14,77 per litre"
Franziskaner Hefe Weisse,"€ 2,35",Germany,3.69,Spaten-Franziskaner-Löwenbräu-Gruppe,5%,Wheat Beer - Hefeweizen,500ml,"€ 4,70 per litre"
Rock City / Frontaal Frontal Blizzard,"€ 5,23",Netherlands,3.66,Rock City Brewing,5.5%,IPA - Cold,Can 440ml,"€ 11,89 per litre"
Kerkom Hop Verdomme,"€ 2,75",Belgium,3.63,De Struise Brouwers,7%,IPA - Triple,330ml,"€ 8,33 per litre"
Mosaic Hop,"€ 3,20",Netherlands,3.56,Brouwerij Kees,5.5%,IPA - Belgian,330ml,"€ 9,70 per litre"
Fresh & Spiky,"€ 3,15",Netherlands,3.51,Brouwerij Kees,6.2%,IPA - American,330ml,"€ 9,55 per litre"
Kompaan Thrill Seeker,"€ 3,00",Netherlands,3.26,KOMPAAN Dutch Craft Beer Company,0.3%,Non-Alcoholic - IPA,330ml,"€ 9,09 per litre"
Be Wise,"€ 2,95",Netherlands,3.18,Brouwerij Kees,0.3%,Non-Alcoholic - Wheat,330ml,"€ 8,94 per litre"
Entropy (New Version),"€ 6,30",Wales,3.98,Dark Element Brew Co,6.5%,IPA - New England / Hazy,Can 440ml,"€ 14,32 per litre"
Earth Nitro Stout,"€ 9,70",Netherlands,3.71,Moersleutel Craft Brewery,8%,Stout - Other,Can 440ml,"€ 22,05 per litre"
Colon-Elle Single & Wild,"€ 14,71",Belgium,3.97,Lambiek Fabriek,11%,Lambic - Gueuze,Bottle 750ml,"€ 19,61 per litre"
Black-Belle BIO,"€ 9,78",Belgium,3.94,Lambiek Fabriek,7%,Lambic - Fruit,Bottle 750ml,"€ 13,04 per litre"
Ridgeback B.A. 2024,"€ 5,25",Netherlands,4.13,Brouwerij Frontaal,10.5%,Barleywine - American,330ml,"€ 15,91 per litre"
For the Love of Hops ”Mauve”,"€ 4,35",Netherlands,3.85,Brouwerij Frontaal,8%,IPA - Imperial / Double New England / Hazy,330ml,"€ 13,18 per litre"
Barrel Aged Double Vanilla Scoop Shake,"€ 50,00",United States,4.31,3 Sons Brewing Co.,14.9%,Stout - Imperial / Double Pastry,500ml,"€ 100,00 per litre"
Cerberus,"€ 11,25",United States,4.17,District 96 Beer Factory,6.5%,IPA - Imperial / Double New England / Hazy,473ml,"€ 23,78 per litre"
Haze Cadet,"€ 9,95",United States,4.13,Toppling Goliath Brewing Co.,7.8%,IPA - Imperial / Double New England / Hazy,473ml,"€ 21,04 per litre"
Sunflowers,"€ 94,50",United States,4.67,Schramm's Mead,10%,Mead - Traditional,Bottle 375ml,"€ 252,00 per litre"
Turing Machine TDH Citra,"€ 11,50",United States,4.24,Spyglass Brewing Company,10%,IPA - Triple New England / Hazy,473ml,"€ 24,31 per litre"
Extra Extra Juicy Bits,"€ 7,65",United States,4.31,WeldWerks Brewing Co.,8.6%,IPA - Imperial / Double New England / Hazy,473ml,"€ 16,17 per litre"
Ripe In the Machine,"€ 9,59",United States,4.31,Parish Brewing Co.,8.5%,IPA - Imperial / Double New England / Hazy,473ml,"€ 20,27 per litre"
DDH It's A Unicorn Thing,"€ 8,99",United States,4.21,WeldWerks Brewing Co.,8.5%,IPA - Imperial / Double New England / Hazy,473ml,"€ 19,01 per litre"
Alto Body Experience,"€ 8,32",United States,4.20,Hoof Hearted Brewing,8%,IPA - Imperial / Double New England / Hazy,473ml,"€ 17,59 per litre"
Semper Supra,"€ 9,75",United States,4.29,District 96 Beer Factory,8%,IPA - Imperial / Double New England / Hazy,473ml,"€ 20,61 per litre"
Political Animal,"€ 9,75",United States,4.29,District 96 Beer Factory,8%,IPA - Imperial / Double New England / Hazy,473ml,"€ 20,61 per litre"
Killah Trichomes,"€ 9,89",United States,4.25,DankHouse Brewing Company,10%,IPA - Triple New England / Hazy,473ml,"€ 20,91 per litre"
Second Term,"€ 8,90",United States,4.25,District 96 Beer Factory,7%,IPA - New England / Hazy,473ml,"€ 18,82 per litre"
Dorks of Hazard Redorx,"€ 8,49",United States,4.22,Hoof Hearted Brewing,8.6%,IPA - Imperial / Double New England / Hazy,473ml,"€ 17,95 per litre"
Lift Sesh,"€ 8,90",United States,4.17,DankHouse Brewing Company,8.5%,IPA - Imperial / Double New England / Hazy,473ml,"€ 18,82 per litre"
Cerberus,"€ 9,99",United States,4.17,District 96 Beer Factory,8.6%,IPA - Imperial / Double New England / Hazy,473ml,"€ 21,12 per litre"
Hyper Fractal Supernova Set,"€ 9,35",United States,4.16,Equilibrium Brewery,10%,IPA - Triple,473ml,"€ 19,77 per litre"
Operation Warfare 2 – Sedition (Ghost: Sedition),"€ 8,32",United States,4.15,Adroit Theory,8.4%,IPA - New England / Hazy,473ml,"€ 17,59 per litre"
VOIID-03 (Ghost VOIID-03),"€ 8,90",United States,4.12,Adroit Theory,9%,IPA - Imperial / Double New England / Hazy,473ml,"€ 18,82 per litre"
Surfing While Sciencing,"€ 8,49",United States,4.04,Equilibrium Brewery,8%,IPA - Imperial / Double,473ml,"€ 17,95 per litre"
Nilla Galaxy,"€ 8,90",United States,3.95,Equilibrium Brewery,8%,IPA - Imperial / Double,473ml,"€ 18,82 per litre"
9 Pieds Sous Terre XTRM TURBO,"€ 9,75",Canada,4.33,Messorem,8.4%,IPA - Imperial / Double,473ml,"€ 20,61 per litre"
We're All Doomed XTRM TURBO,"€ 9,75",Canada,4.32,Messorem,9.1%,IPA - Imperial / Double,473ml,"€ 20,61 per litre"
Ces Vipères,"€ 9,75",Canada,4.30,Messorem,9.1%,IPA - Imperial / Double,473ml,"€ 20,61 per litre"
AntiMatter (Ghost ANTIMATTER),"€ 8,90",United States,4.15,Adroit Theory,10.5%,IPA - Imperial / Double New England / Hazy,473ml,"€ 18,82 per litre"
Silence,"€ 9,00",Ukraine,4.11,Дідько Brewery,11.9%,Stout - Imperial / Double,Can 440ml,"€ 20,45 per litre"
Kiss My Hops Moutere,"€ 5,50",Ukraine,3.80,Дідько Brewery,7.8%,IPA - Imperial / Double New England / Hazy,Can 440ml,"€ 12,50 per litre"
Group E,"€ 6,00",Ukraine,3.61,Дідько Brewery,7%,Sour - Fruited Gose,Can 440ml,"€ 13,64 per litre"
Mata,"€ 5,00",Poland,3.56,Browar Birbant,6.3%,IPA - Cold,500ml,"€ 10,00 per litre"
Heka,"€ 5,35",Poland,3.53,Browar Birbant,6%,IPA - Cold,500ml,"€ 10,70 per litre"
Daku Waqa,"€ 3,40",Netherlands,3.49,De Kromme Haring,4.3%,IPA - White / Wheat,330ml,"€ 10,30 per litre"
Gember Gold,"€ 2,99",Netherlands,3.18,Gebrouwen Door Vrouwen,4.6%,Spiced / Herbed Beer,330ml,"€ 9,06 per litre"
Fagnes Brune,"€ 2,10",Belgium,3.40,Brasserie des Fagnes,7.5%,Belgian Dubbel,330ml,"€ 9,06 per litre"
Trappistes Rochefort 10,"€ 6,80",Belgium,4.05,Abbaye Notre-Dame de Saint-Rémy,11.3%,Belgian Quadrupel,Bottle 330ml,"€ 20,61 per litre"
St Bernardus Tripel,"€ 4,50",Belgium,3.75,Brouwerij St.Bernardus,8%,Belgian Tripel,Bottle 330ml,"€ 13,64 per litre"
Super Muffin,"€ 7,40",France,4.12,Les Intenables - Craft Beer -,6.7%,Sour - Smoothie / Pastry,Can 440ml,"€ 16,82 per litre"
Muffin Myrtille,"€ 7,40",France,4.07,Les Intenables - Craft Beer -,6.7%,Sour - Smoothie / Pastry,Can 440ml,"€ 16,82 per litre"
Choco Gringo,"€ 6,95",France,3.97,Les Intenables - Craft Beer -,10.5%,Stout - Imperial / Double,Can 440ml,"€ 15,80 per litre"
Citra In Love: Riwaka,"€ 6,99",Sweden,3.94,Fermenterarna,8.2%,IPA - Imperial / Double New England / Hazy,Can 440ml,"€ 15,89 per litre"
Fruity Summer Ride,"€ 6,49",Sweden,3.75,Fermenterarna,5.6%,Sour - Fruited,Can 440ml,"€ 14,75 per litre"
Mata,"€ 5,49",Poland,3.56,Browar Birbant,6.3%,IPA - Cold,500ml,"€ 10,98 per litre"
Cherry Chzcake,"€ 9,29",United States,4.35,Newgrass Brewing Co.,5%,Sour - Smoothie / Pastry,500ml,"€ 10,98 per litre"
Cask Strength,"€ 34,29",United States,4.30,Newgrass Brewing Co.,15%,Stout - Imperial / Double,500ml,"€ 10,98 per litre"
Parallelograms,"€ 7,69",United States,4.02,Newgrass Brewing Co.,6.8%,IPA - New England / Hazy,500ml,"€ 10,98 per litre"
Brunch-O-Meter Blender #3,"€ 9,29",United States,4.01,Newgrass Brewing Co.,4.2%,Sour - Smoothie / Pastry,500ml,"€ 10,98 per litre"
Mindkiller,"€ 7,99",United States,3.96,Newgrass Brewing Co.,8.8%,IPA - Imperial / Double New England / Hazy,500ml,"€ 10,98 per litre"
Ram Lord,"€ 6,29",United States,3.93,Newgrass Brewing Co.,8%,Bock - Doppelbock,500ml,"€ 10,98 per litre"
Fiddler's Dream,"€ 7,69",United States,3.93,Newgrass Brewing Co.,6.7%,IPA - New England / Hazy,473ml,"€ 16,26 per litre"
Droppin' Hammers,"€ 7,29",United States,3.88,Newgrass Brewing Co.,8%,IPA - Imperial / Double,473ml,"€ 16,26 per litre"
Parting Glass,"€ 6,49",United States,3.84,Newgrass Brewing Co.,5.4%,Porter - Other,473ml,"€ 16,26 per litre"
Tip of the Vibers,"€ 19,50",United States,4.12,Fonta Flora Brewery,6.4%,Wild Ale - American,500ml,"€ 39,00 per litre"
Squizz,"€ 4,00",Belgium,3.48,Fugu Brewing Co.,6%,Fruit Beer,330ml,"€ 12,12 per litre"
Abstinenence Absolue NA IPA,"€ 4,00",Belgium,3.25,Brasserie Surréaliste,0.4%,Non-Alcoholic - IPA,330ml,"€ 12,12 per litre"
Equilibrium x Aslin Beer Co Alfajores,"€ 21,95",Canada,3.51,Nickel Brook Brewing Co.,11%,Bitter - Extra Special / Strong (ESB),500ml,"€ 43,90 per litre"
Grapefruit Lollihop,"€ 5,05",Czech Republic,3.76,Sibeeria,6.6%,IPA - Fruited,Can 500ml,"€ 10,10 per litre"
Patronus,"€ 2,92",Czech Republic,3.47,Sibeeria,3.8%,Lager - Světlé (Czech Pale),Can 500ml,"€ 5,84 per litre"
Whale Watching,"€ 8,95",United States,4.25,Finback Brewery,8.4%,IPA - Imperial / Double,473ml,"€ 18,92 per litre"
Time Travel Stuff,"€ 8,95",United States,4.16,Finback Brewery,8.5%,IPA - Imperial / Double New England / Hazy,473ml,"€ 18,92 per litre"
Brewing Co. x Basqueland Krema,"€ 6,99",United States,4.10,3 Sons Brewing Co.,8%,IPA - Imperial / Double New England / Hazy,473ml,"€ 14,78 per litre"
The Veil Two Parts Monster,"€ 8,25",United States,4.01,The Veil Brewing Co.,6%,IPA - New England / Hazy,473ml,"€ 17,44 per litre"
For All Alienkind  (pulp),"€ 7,99",Sweden,4.16,Elmeleven,5%,Sour - Smoothie / Pastry,Can 440ml,"€ 18,16 per litre"
Space Guide for Humans  (pulp),"€ 7,99",Sweden,4.16,Elmeleven,5%,Sour - Smoothie / Pastry,Can 440ml,"€ 18,16 per litre"
Berry Symphony,"€ 3,69",Estonia,3.80,Pühaste Brewery,6%,Sour - Fruited,330ml,"€ 11,18 per litre"
Binary Stars Eclipse,"€ 7,99",United States,4.00,Spyglass Brewing Company,7.2%,IPA - New England / Hazy,473ml,"€ 16,89 per litre"
Mocha Buzz,"€ 4,49",Estonia,3.76,Pühaste Brewery,7%,Brown Ale - Other,330ml,"€ 13,61 per litre"
Gymnastic Flies,"€ 3,19",Estonia,3.69,Pühaste Brewery,6.9%,IPA - American,330ml,"€ 9,67 per litre"
State Machine DDH Riwaka,"€ 7,99",United States,4.11,Spyglass Brewing Company,6.6%,IPA - New England / Hazy,473ml,"€ 16,89 per litre"
Warmouth V12,"€ 4,00",Netherlands,3.75,De Kromme Haring,6.3%,IPA - New England / Hazy,330ml,"€ 12,12 per litre"
Pleroma Peach Melba Crème Brûlee Sour,"€ 7,30",Sweden,3.65,Omnipollo,6%,Sour - Smoothie / Pastry,330ml,"€ 22,12 per litre"
Coconut Concrete Jungle Juice,"€ 5,99",Scotland,3.82,Vault City Brewing,6.6%,Sour - Fruited,Can 440ml,"€ 13,61 per litre"
Ruud,"€ 5,70",Norway,3.43,MikroMeyer Bryggerhus AS,6.5%,IPA - White / Wheat,500ml,"€ 11,40 per litre"
Ivo,"€ 4,10",England,3.55,Orbit Beers,5.3%,Pale Ale - American,Bottle 330ml,"€ 12,42 per litre"
Hopfenspiel,"€ 2,29",Austria,3.20,Trumer Privatbrauerei,2.9%,Pilsner - Other,330ml,"€ 6,94 per litre"
Big Chouffe Collector's Edition,"€ 14,95",Belgium,3.82,Brasserie d'Achouffe,5%,Belgian Strong Golden Ale,Bottle 1500ml,"€ 9,97 per litre"
IJwit,"€ 2,75",Netherlands,3.68,Brouwerij 't IJ,6.5%,Wheat Beer - Witbier / Blanche,330ml,"€ 8,33 per litre"
Chouffe Lite 4.0,"€ 2,45",Belgium,3.32,Brasserie d'Achouffe,4%,Pale Ale - Belgian,330ml,"€ 7,42 per litre"
24033 Triple,"€ 3,10",Belgium,3.66,Brasserie St-Feuillien,8.5%,Belgian Tripel,330ml,"€ 7,42 per litre"
Pecheresse,"€ 2,14",Belgium,3.57,Brouwerij Lindemans,2.5%,Lambic - Fruit,Bottle 250ml,"€ 8,56 per litre"
Duc De Montagne Low Alcohol Cider,"€ 4,40",Belgium,3.20,Stassen,1.1%,Cider - Traditional / Apfelwein,Bottle 750ml,"€ 5,87 per litre"
Force Majeur  Tripel,"€ 2,75",Belgium,2.99,Force Majeure,0.4%,Non-Alcoholic - Other,330ml,"€ 8,33 per litre"
Pjassel 2018,"€ 189,99",Belgium,4.46,Bokke,6%,Lambic - Fruit,330ml,"€ 8,33 per litre"
Alcoholvrij,"€ 1,00",Germany,2.58,Bitburger Brauerei,2%,Shandy / Radler,330ml,"€ 3,03 per litre"
Crunch Royale Imperial Pastry Stout,"€ 8,60",Spain,3.95,Attik Brewing,10.5%,Stout - Imperial / Double Pastry,Can 440ml,"€ 19,55 per litre"
no thing beats Summer – Session IPA,"€ 3,25",Germany,3.77,orca brau,4.2%,IPA - Session,330ml,"€ 9,85 per litre"
Kellerbier Saphir,"€ 2,75",Germany,3.66,orca brau,5.4%,Kellerbier / Zwickelbier,330ml,"€ 8,33 per litre"
Fuiyoh – Neo Asian Style Lager mit Schisandra Beere,"€ 3,75",Germany,3.57,orca brau,6.2%,Lager - Japanese Rice,330ml,"€ 11,36 per litre"
Op Jou Kan Ik Brouwen,"€ 9,95",Netherlands,3.54,Mister Hop,7%,Blonde / Golden Ale - Other,Bottle 750ml,"€ 13,27 per litre"
Bedrankt,"€ 9,95",Netherlands,3.50,Mister Hop,7%,Blonde / Golden Ale - Other,Bottle 750ml,"€ 13,27 per litre"
Dos Burros,"€ 3,30",Netherlands,3.49,Brouwerij Poesiat & Kater,5.5%,Pale Ale - American,330ml,"€ 10,00 per litre"
Papa,"€ 9,95",Netherlands,3.47,Mister Hop,7%,Blonde / Golden Ale - Other,Bottle 750ml,"€ 13,27 per litre"
De Cam Chardonnay 2023,"€ 35,71",Belgium,4.15,Geuzestekerij De Cam,8%,Lambic - Fruit,Bottle 750ml,"€ 47,61 per litre"
De Cam Pinot Noir 2023,"€ 35,71",Belgium,3.99,Geuzestekerij De Cam,8%,Lambic - Fruit,Bottle 750ml,"€ 47,61 per litre"
De Cam (Oude) Geuze 2023,"€ 16,97",Belgium,3.98,Geuzestekerij De Cam,6.5%,Lambic - Gueuze,Bottle 750ml,"€ 22,63 per litre"
DDVD Korenaar Embrasse Blended Whiskey BA,"€ 6,53",Belgium,3.90,Brouwerij De Dochter van de Korenaar,9%,Belgian Strong Dark Ale,330ml,"€ 19,79 per litre"
DDVD Korenaar Embrasse Peated Whisky BA,"€ 6,53",Belgium,3.81,Brouwerij De Dochter van de Korenaar,9%,Belgian Strong Dark Ale,330ml,"€ 19,79 per litre"
DDVD Korenaar L'Ensemble,"€ 5,17",Belgium,3.94,Brouwerij De Dochter van de Korenaar,13%,Barleywine - English,330ml,"€ 15,67 per litre"
DDVD Korenaar Sans Pardon Bourbon Barrel Aged,"€ 7,21",Belgium,3.93,Brouwerij De Dochter van de Korenaar,11%,Stout - Russian Imperial,330ml,"€ 21,85 per litre"
DDVD Korenaar Rien Ne Va Plus 6 Years BA,"€ 28,74",Belgium,3.78,Brouwerij De Dochter van de Korenaar,19%,Barleywine - Other,500ml,"€ 57,48 per litre"
DDVDK Maurice,"€ 13,55",Belgium,3.45,Brouwerij De Dochter van de Korenaar,7%,Lambic - Traditional,Bottle 750ml,"€ 18,07 per litre"
BA 23.02 Heaven Hill Bourbon,"€ 6,40",Netherlands,4.04,Baxbier,9.7%,Stout - Imperial / Double Pastry,330ml,"€ 19,39 per litre"
BA 23.01 Jack Daniels,"€ 6,40",Netherlands,4.03,Baxbier,11.2%,Stout - Imperial / Double Pastry,Can 330ml,"€ 19,39 per litre"
Cuvee Freddy  Dark Sour,"€ 6,05",Belgium,3.90,Brouwerij Alvinne,8%,Sour - Flanders Oud Bruin,330ml,"€ 18,33 per litre"
Gateway NEDIPA,"€ 3,90",Netherlands,3.75,Baxbier,8%,IPA - Imperial / Double New England / Hazy,330ml,"€ 11,82 per litre"
De Cam Perzik 2023,"€ 16,97",Belgium,4.18,Geuzestekerij De Cam,5%,Lambic - Fruit,Bottle 375ml,"€ 45,25 per litre"
Earth,"€ 6,49",Netherlands,3.71,Moersleutel Craft Brewery,8%,Stout - Other,Can 440ml,"€ 14,75 per litre"
Vicious Crush,"€ 10,20",United States,3.76,KCBC - Kings County Brewers Collective,5.2%,Sour - Fruited,Can 473ml,"€ 21,56 per litre"
Golden Iris,"€ 4,39",Denmark,3.29,Mikkeller,4.5%,Blonde / Golden Ale - Other,330ml,"€ 13,30 per litre"
Framboos Noyaux (2019),"€ 199,99",Belgium,4.52,Bokke,6%,Lambic - Framboise,330ml,"€ 13,30 per litre"
Abrikoos (2018),"€ 199,99",Belgium,4.40,Bokke,6%,Lambic - Fruit,330ml,"€ 13,30 per litre"
Zomerhof (2019),"€ 199,99",Belgium,4.51,Bokke,6%,Lambic - Fruit,330ml,"€ 13,30 per litre"
Pruim Reine Claude (2019),"€ 199,99",Belgium,4.49,Bokke,6%,Lambic - Fruit,330ml,"€ 13,30 per litre"
Framboos Puur (2019),"€ 199,99",Belgium,4.49,Bokke,6%,Lambic - Framboise,Bottle 750ml,"€ 266,65 per litre"
Wijngaard - Rood (2017),"€ 199,99",Belgium,4.44,Bokke,6%,Lambic - Fruit,Bottle 750ml,"€ 266,65 per litre"
Wijngaard Saison (2018),"€ 189,99",Belgium,4.36,Bokke,6%,Lambic - Fruit,Bottle 750ml,"€ 266,65 per litre"
Fig Dish Deluxe,"€ 19,90",Germany,3.65,Freigeist Bierkultur,8%,Sour - Fruited Gose,Bottle 750ml,"€ 26,53 per litre"
Heil Kräuter,"€ 24,90",Germany,3.59,Freigeist Bierkultur,9%,Sour - Other,Bottle 750ml,"€ 33,20 per litre"
Nog Eendje Funky Blond,"€ 3,45",Netherlands,3.45,Bird Brewery,6%,Blonde / Golden Ale - Other,330ml,"€ 10,45 per litre"
Het Hoppige Hert India Pale Ale IPA,"€ 3,50",Netherlands,3.43,Bennebroecks,6%,IPA - American,Bottle 750ml,"€ 4,67 per litre"
Ritual Lab x Deya- Moons Opera,"€ 3,79",Italy,4.05,Ritual Lab,8.5%,IPA - Imperial / Double New England / Hazy,330ml,"€ 11,48 per litre"
Bigfoot,"€ 3,70",United States,3.64,Sierra Nevada Brewing Co.,9.6%,Barleywine - American,355ml,"€ 10,42 per litre"
Herkenrode Abbey Noctis,"€ 3,10",Belgium,3.39,Brouwerij Cornelissen,7%,Brown Ale - Belgian,330ml,"€ 9,39 per litre"
Pohjala - Belle Bulle (Cellar Series),"€ 7,00",Estonia,3.88,Põhjala,8%,Sour - Fruited Gose,330ml,"€ 21,21 per litre"
Peach Nordic Sour,"€ 3,31",Sweden,3.73,Poppels Bryggeri,4.5%,Sour - Fruited,Can 330ml,"€ 10,03 per litre"
Sprong,"€ 33,50",Netherlands,4.26,Tommie Sjef,6.6%,Wild Ale - Other,Bottle 750ml,"€ 44,67 per litre"
Sourtime Mirabelka Limonka,"€ 3,40",Poland,3.65,Maryensztadt,5%,Sour - Fruited,Bottle 500ml,"€ 6,80 per litre"
Three Times Three Vol 3 Imperial Stout x Side Project x 3 Sons x Private Press x Horus x Angry Chair x Phase Three,"€ 19,10",Sweden,4.22,Omnipollo,12%,Stout - Imperial / Double,Can 440ml,"€ 43,41 per litre"
Pale Ale (hops vary) - approx,"€ 3,80",England,3.81,The Kernel Brewery,5.3%,Pale Ale - American,Bottle 330ml,"€ 11,52 per litre"
Bird Of Prey Ipa,"€ 3,99",Netherlands,3.60,Uiltje Brewing Company,5.8%,IPA - American,330ml,"€ 12,09 per litre"
Morpheus Druif,"€ 6,50",Belgium,3.80,Brouwerij Alvinne,5.5%,Grape Ale - Other,500ml,"€ 13,00 per litre"
A Pile of Stone 2022,"€ 28,90",Belgium,3.76,Brouwerij Alvinne,9%,Farmhouse Ale - Saison,Bottle 750ml,"€ 38,53 per litre"
Plum & Smoked Beetroot,"€ 4,30",Belgium,3.66,Brouwerij Alvinne,5.5%,Smoked Beer,,
Local IPA – IPA,"€ 3,35",Germany,3.64,orca brau,6.4%,IPA - Other,330ml,"€ 10,15 per litre"
"Guadalupe –  Mexican Lager mit Salz, Lime und Chilli","€ 2,95",Germany,3.40,Kraftpaule/ orca brau,4.9%,Lager - Mexican,330ml,"€ 8,94 per litre"
Sunfire Ol'Tanner's Kick & A Burn,"€ 4,55",Netherlands,3.54,Brouwerij IJssel,7.6%,Belgian Strong Golden Ale,330ml,"€ 13,79 per litre"
Candy Kittens Eton Mess Strawberry & Vanilla – New England IPA,"€ 6,25",Scotland,3.10,BrewDog,6%,IPA - Fruited,Can 440ml,"€ 14,20 per litre"
Caribbean Rum Cask – Barrel Aged Rotbier,"€ 3,45",Germany,?,Rotes Pony,6.8%,Festbier,330ml,"€ 10,45 per litre"
Baladin Agrumata,"€ 2,60",Italy,3.52,BIRRIFICIO AGRICOLO BALADIN - Baladin Indipendente Italian Farm Brewery,5%,Wheat Beer - Witbier / Blanche,200ml,"€ 13,00 per litre"
Brauherren Pils,"€ 2,40",Germany,3.39,Einbecker Brauhaus,4.9%,Pilsner - German,500ml,"€ 4,80 per litre"
Mai-Ur-Bock,"€ 2,60",Germany,3.29,Einbecker Brauhaus,6.5%,Bock - Hell / Maibock / Lentebock,500ml,"€ 5,20 per litre"
Bloc Party,"€ 7,25",Portugal,4.02,Fermentage,5.5%,IPA - Sour,Bottle 375ml,"€ 19,33 per litre"
Mango Smoothie,"€ 6,50",Norway,3.97,Salikatt Bryggeri,5.5%,Sour - Smoothie / Pastry,Can 440ml,"€ 14,77 per litre"
Violet Drops,"€ 7,25",Portugal,3.88,Fermentage,4%,Sour - Fruited,Bottle 375ml,"€ 19,33 per litre"
Grill On Fire,"€ 6,45",Norway,3.81,Salikatt Bryggeri,6%,IPA - American,Can 440ml,"€ 14,66 per litre"
Papouilles & Pils (Pilsner Italian),"€ 6,25",France,3.71,Les Intenables - Craft Beer -,5.2%,Pilsner - Italian,Can 440ml,"€ 14,20 per litre"
Green Manufaktur (Hopfenweisse),"€ 6,40",France,3.69,Les Intenables - Craft Beer -,6.5%,Wheat Beer - Hopfenweisse,Can 440ml,"€ 14,55 per litre"
Head In The Clouds,"€ 5,95",Portugal,3.69,Fermentage,5%,Farmhouse Ale - Saison,Bottle 375ml,"€ 15,87 per litre"
Hoptown Funk,"€ 5,00",Portugal,3.58,Fermentage,4.8%,Pale Ale - Belgian,330ml,"€ 15,15 per litre"
Botanic Bubbles,"€ 5,95",Portugal,3.56,Fermentage,5%,Farmhouse Ale - Saison,Bottle 375ml,"€ 15,87 per litre"
Funky Falcon,"€ 3,65",Netherlands,3.50,Two Chefs Brewing,5.2%,Pale Ale - American,330ml,"€ 11,06 per litre"
Rochefort Triple Extra,"€ 3,39",Belgium,3.76,Abbaye Notre-Dame de Saint-Rémy,8.1%,Belgian Tripel,330ml,"€ 10,27 per litre"
Kriek Lambic,"€ 2,19",Belgium,3.40,Kasteel Brouwerij Vanhonsebrouck,4%,Lambic - Kriek,Bottle 250ml,"€ 8,76 per litre"
Schneeeule x Sour Cellars Spiced Weisse,"€ 18,99",Germany,3.71,Schneeeule,3.8%,Sour - Berliner Weisse,Bottle 750ml,"€ 25,32 per litre"
Ohne Filter Alkoholfrei,"€ 2,29",Germany,2.83,Privatbrauerei Waldhaus,0.5%,Non-Alcoholic - Other,330ml,"€ 6,94 per litre"
Weizen,"€ 2,90",Germany,3.58,Weißtaubenbräu UG,5.5%,Wheat Beer - Hefeweizen,500ml,"€ 5,80 per litre"
Sourtime Mango IIPA,"€ 3,50",Poland,3.66,Maryensztadt,8.5%,IPA - Sour,Bottle 500ml,"€ 7,00 per litre"
Zenne Pils,"€ 3,00",Belgium,3.48,Brasserie de la Senne,4.9%,Pilsner - Other,330ml,"€ 9,09 per litre"
Double Potato Spaghetti Town,"€ 11,50",United States,4.27,Other Half Brewing Co.,8.4%,IPA - Imperial / Double New England / Hazy,473ml,"€ 24,31 per litre"
Ticker Shock,"€ 11,50",United States,4.21,Other Half Brewing Co.,8.5%,IPA - Imperial / Double New England / Hazy,473ml,"€ 24,31 per litre"
Comfort Hops,"€ 11,50",United States,4.19,Other Half Brewing Co.,8.5%,IPA - Imperial / Double New England / Hazy,473ml,"€ 24,31 per litre"
Riwaka Chroma,"€ 10,00",United States,4.13,Other Half Brewing Co.,6.3%,IPA - New Zealand,473ml,"€ 21,14 per litre"
Schout bij Nacht # 6,"€ 3,49",Netherlands,3.51,Bierbrouwerij De Magistraat,7.5%,Porter - Baltic,473ml,"€ 21,14 per litre"
Broward County Brand Barleywine (2022),"€ 40,00",United States,4.23,3 Sons Brewing Co.,13.9%,Barleywine - English,Bottle 375ml,"€ 106,67 per litre"
Vanilla Bean Abraxas (2023),"€ 31,50",United States,4.26,Perennial Artisan Ales,10.5%,Stout - Imperial / Double,Bottle 750ml,"€ 42,00 per litre"
Rebrew: Home,"€ 14,95",Ukraine,4.05,Rebrew,5.5%,Bock - Doppelbock,Bottle 750ml,"€ 19,93 per litre"
Blanche de Bruxelles,"€ 3,60",Belgium,3.54,Brasserie Lefebvre,4.5%,Wheat Beer - Witbier / Blanche,330ml,"€ 10,91 per litre"
Flensburger Edles Helles,"€ 3,70",Germany,3.32,Flensburger Brauerei Emil Petersen,5.4%,Lager - Helles,330ml,"€ 11,21 per litre"
TDH Double Gong Rip,"€ 8,99",United States,4.16,Benchtop Brewing Company,8.5%,IPA - Imperial / Double New England / Hazy,330ml,"€ 11,21 per litre"
Raspberry Peach J.R.E.A.M.,"€ 9,99",United States,4.03,Burley Oak Brewing Company,4.8%,Sour - Fruited,330ml,"€ 11,21 per litre"
Set the Tone / Barrique,"€ 7,49",United States,4.02,Benchtop Brewing Company,5%,Pilsner - Other,330ml,"€ 11,21 per litre"
Off Menu,"€ 9,99",United States,4.00,Burley Oak Brewing Company,8%,IPA - Imperial / Double,330ml,"€ 11,21 per litre"
Imazaccya Out,"€ 8,29",United States,3.94,Benchtop Brewing Company,7%,IPA - New England / Hazy,,
Gong Show,"€ 8,29",United States,3.94,Benchtop Brewing Company,7%,IPA - New England / Hazy,,
Proven Theory,"€ 8,29",United States,3.94,Benchtop Brewing Company,7%,IPA - American,473ml,"€ 17,53 per litre"
Lost IPA,"€ 5,69",United States,3.90,Burley Oak Brewing Company,7.2%,IPA - American,473ml,"€ 17,53 per litre"
Baby Brochachosaurus,"€ 8,29",United States,3.89,Benchtop Brewing Company,6%,IPA - New England / Hazy,473ml,"€ 17,53 per litre"
Club Sandwich,"€ 9,99",United States,3.83,Burley Oak Brewing Company,7%,IPA - Imperial / Double,473ml,"€ 17,53 per litre"
Sorry Chicky,"€ 5,49",United States,3.80,Burley Oak Brewing Company,4.4%,Sour - Other,473ml,"€ 17,53 per litre"
Blueberry Coconut Lemon J.R.E.A.M.,"€ 9,99",United States,3.80,Burley Oak Brewing Company,4.8%,Sour - Fruited,473ml,"€ 17,53 per litre"
Big V Energy,"€ 8,69",United States,3.77,Benchtop Brewing Company,6.7%,IPA - New England / Hazy,473ml,"€ 17,53 per litre"
Adventure,"€ 4,99",United States,3.72,Burley Oak Brewing Company,5.1%,IPA - Session,473ml,"€ 17,53 per litre"
Baby Zombies,"€ 8,29",United States,3.71,Benchtop Brewing Company,5.2%,IPA - American,473ml,"€ 17,53 per litre"
Tegernseer Spezial,"€ 4,70",Germany,3.60,Herzoglich Bayerisches Brauhaus Tegernsee,5.6%,Lager - Dortmunder / Export,500ml,"€ 9,40 per litre"
Zwaar Leven,"€ 3,50",Netherlands,3.45,Hert Bier,7.7%,Belgian Tripel,330ml,"€ 10,61 per litre"
"Bayreuther Hell 0,33L","€ 1,80",Germany,3.52,Bayreuther Bierbrauerei,4.9%,Lager - Helles,330ml,"€ 5,45 per litre"
Kentucky Brunch Brand Stout (2022),"€ 565,00",United States,4.80,Toppling Goliath Brewing Co.,11.5%,Stout - Imperial / Double Coffee,330ml,"€ 5,45 per litre"
Wood Vinum - 2021,"€ 5,00",Belgium,3.77,Brasserie Minne,10%,Grape Ale - Other,330ml,"€ 15,15 per litre"
Aard,"€ 10,00",Netherlands,3.60,Nevel Wild Ales,5.5%,Wild Ale - Other,Bottle 750ml,"€ 13,33 per litre"
Delirium Tremens Zwaar Blond,"€ 2,80",Belgium,3.85,Delirium - Huyghe Brewery,8.5%,Belgian Strong Golden Ale,330ml,"€ 8,48 per litre"
Wit,"€ 2,25",Netherlands,2.94,Lowlander Beer,8.5%,Non-Alcoholic - Wheat,330ml,"€ 6,82 per litre"
Paradis Pineapple,"€ 9,45",Sweden,4.05,Omnipollo,10%,IPA - Triple New England / Hazy,Can 440ml,"€ 21,48 per litre"
Casual Pale,"€ 3,50",England,3.63,UnBarred Brewery,4.5%,Pale Ale - American,Can 330ml,"€ 10,61 per litre"
Vanilla Maple Madness 4.0,"€ 2,95",Netherlands,3.81,Brouwerij Klein Duimpje,11%,Stout - Russian Imperial,330ml,"€ 8,94 per litre"
Tripel,"€ 3,10",Netherlands,3.62,Brouwerij Artemis,8.5%,Belgian Tripel,330ml,"€ 9,39 per litre"
Tripel,"€ 2,40",Belgium,3.61,Ter Dolen,8.1%,Belgian Tripel,330ml,"€ 7,27 per litre"
Zuyd / De Klep Maas Baas,"€ 6,95",Netherlands,3.69,Zuyd Craft,6.5%,IPA - New England / Hazy,Can 440ml,"€ 15,80 per litre"
Val-Dieu Triple,"€ 2,75",Belgium,3.67,Brasserie de l'Abbaye du Val-Dieu,9%,Belgian Tripel,330ml,"€ 8,33 per litre"
Colombo,"€ 3,10",Belgium,3.44,Rimor Brewery,6.4%,Belgian Blonde,330ml,"€ 9,39 per litre"
Form & Insight(2021),"€ 18,50",Denmark,4.10,Baghaven Brewing and Blending,9.1%,Wild Ale - Other,Bottle 750ml,"€ 24,67 per litre"
Alvinne's Fellowship 2023 The Prancing Pony,"€ 25,97",Belgium,3.93,Brouwerij Alvinne,9%,Sour - Other,Bottle 750ml,"€ 34,63 per litre"
Omega Kriek Framboos,"€ 5,21",Belgium,3.89,Brouwerij Alvinne,6%,Sour - Fruited,330ml,"€ 15,79 per litre"
Stu Mostow X Kompaan X Morpheus,"€ 4,49",Belgium,3.84,Brouwerij Alvinne,5%,Sour - Other,330ml,"€ 13,61 per litre"
Alvinne / Holy Goat Plum & Smoked Beetroot,"€ 5,21",Belgium,3.66,Brouwerij Alvinne,5.5%,Smoked Beer,330ml,"€ 15,79 per litre"
Simple Things Fermentations x McColl's ESBeet,"€ 5,70",Scotland,3.56,Simple Things Fermentations,6.2%,Bitter - Extra Special / Strong (ESB),Can 440ml,"€ 12,95 per litre"
Mega Shonks,"€ 10,10",England,4.30,Baron Brewing,8.4%,IPA - Imperial / Double New England / Hazy,Can 500ml,"€ 20,20 per litre"
Cerebral Bore,"€ 10,80",England,4.15,Neon Raptor Brewing Co.,10%,Sour - Smoothie / Pastry,Can 440ml,"€ 24,55 per litre"
Chronoscepter,"€ 10,80",England,4.13,Neon Raptor Brewing Co.,12%,Stout - Imperial / Double Pastry,Can 440ml,"€ 24,55 per litre"
Fuerst Wiacek x Finback Palms (2024),"€ 7,80",Germany,4.11,FUERST WIACEK,6.8%,IPA - New England / Hazy,Can 440ml,"€ 17,73 per litre"
Fuerst Wiacek x Track It's Been A While,"€ 7,80",Germany,4.03,FUERST WIACEK,6.8%,IPA - New England / Hazy,Can 440ml,"€ 17,73 per litre"
Unicorn Wizard (2024),"€ 8,00",Scotland,3.92,Holy Goat Brewing,5.6%,Sour - Fruited,Bottle 375ml,"€ 21,33 per litre"
Stigbergets x Cervisiam Ojo Rojo,"€ 8,10",Sweden,3.86,Stigbergets Bryggeri,7%,Sour - Fruited,Can 440ml,"€ 18,41 per litre"
Non(netje) IPA,"€ 2,95",Netherlands,3.10,Jopen,0.3%,Non-Alcoholic - IPA,330ml,"€ 8,94 per litre"
Blanc 1664 Witbier,"€ 2,19",France,3.48,Kronenbourg Brewery,5%,Wheat Beer - Witbier / Blanche,330ml,"€ 6,64 per litre"
Helles,"€ 2,39",Germany,3.33,Freie Brau Union Bremen,4.8%,Lager - Helles,500ml,"€ 4,78 per litre"
De Moersleutel 8 Year Anniversary Serie: Mars,"€ 7,00",Netherlands,4.20,Moersleutel Craft Brewery,11%,Stout - Imperial / Double,Can 440ml,"€ 15,91 per litre"
De Moersleutel 8 Year Anniversary Serie: Saturn,"€ 6,95",Netherlands,4.20,Moersleutel Craft Brewery,11%,Stout - Imperial / Double,Can 440ml,"€ 15,80 per litre"
De Molen Balcones Imperial Milkstout BA 2024,"€ 6,50",Netherlands,3.92,Brouwerij de Molen,9.9%,Stout - Imperial / Double Milk,330ml,"€ 19,70 per litre"
Endless Echoes,"€ 6,25",United States,3.90,Jackie O's Brewery,7%,IPA - New England / Hazy,355ml,"€ 17,61 per litre"
De Moersleutel 8 Year Anniversary Serie: Earth,"€ 5,95",Netherlands,3.84,Moersleutel Craft Brewery,8%,IPA - Imperial / Double New England / Hazy,Can 440ml,"€ 13,52 per litre"
De Moersleutel 8 Year Anniversary Serie: Neptune,"€ 11,50",Netherlands,3.84,Moersleutel Craft Brewery,14%,IPA - Imperial / Double New England / Hazy,Can 440ml,"€ 26,14 per litre"
De Moersleutel 8 Year Anniversary Serie: Uranus,"€ 11,75",Netherlands,3.84,Moersleutel Craft Brewery,14%,IPA - Imperial / Double New England / Hazy,Can 440ml,"€ 26,70 per litre"
Hooglander #BackInBlack,"€ 6,50",Netherlands,3.72,Hooglander Bier,8%,IPA - Imperial / Double Black,Can 440ml,"€ 14,77 per litre"
Kees / Floem Summer In Paradise,"€ 8,50",Netherlands,3.70,Brouwerij Kees,7.5%,IPA - Imperial / Double,Can 440ml,"€ 19,32 per litre"
De Klep / Kameraod Brouwers De Kleppende Kameraod,"€ 3,95",Netherlands,3.60,Brouwerij De Klep,6%,IPA - White / Wheat,330ml,"€ 11,97 per litre"
De Stramme Kabouter Stoute Kabouter,"€ 3,80",Netherlands,3.60,Streekbrouwerij De Stramme Kabouter,10.5%,Stout - Russian Imperial,330ml,"€ 11,52 per litre"
Welcome Back,"€ 3,95",Netherlands,3.57,Cockroach Brew,4.5%,Pale Ale - New England / Hazy,330ml,"€ 11,97 per litre"
De Afmelder,"€ 3,60",Netherlands,3.49,Brewery42,5.3%,Wheat Beer - Witbier / Blanche,330ml,"€ 10,91 per litre"
Van Moll / Gulpener Spelt Geweld,"€ 3,30",Netherlands,3.38,Van Moll,5.5%,Farmhouse Ale - Saison,330ml,"€ 10,00 per litre"
Cuvée René - Oude Gueuze 2022,"€ 4,10",Belgium,3.66,Brouwerij Lindemans,6%,Lambic - Gueuze,Bottle 375ml,"€ 10,93 per litre"
Smoochie Orange,"€ 3,00",Netherlands,3.56,Brouwerij LOST,0.3%,Non-Alcoholic - Sour,330ml,"€ 9,09 per litre"
Faro,"€ 1,40",Belgium,3.47,Brouwerij Lindemans,4.5%,Lambic - Faro,Bottle 250ml,"€ 5,60 per litre"
Stelzer - Ritter Trunk,"€ 2,10",Germany,3.57,Schloßbrauerei Stelzer Fattigau,5.5%,Lager - Munich Dunkel,500ml,"€ 4,20 per litre"
Spezial,"€ 1,90",Germany,3.35,Brauerei Simon,5.6%,Lager - Rotbier,500ml,"€ 3,80 per litre"
Würzburger Hofbräu - Sternla,"€ 2,10",Germany,3.28,Würzburger Hofbräu,4.9%,Lager - Helles,500ml,"€ 4,20 per litre"
Lammsbräu Urstoff,"€ 2,20",Germany,3.25,Neumarkter Lammsbräu,4.7%,Lager - Helles,500ml,"€ 4,40 per litre"
Leicht,"€ 2,10",Germany,2.66,Kulmbacher Brauerei,2.9%,Lager - Leichtbier,500ml,"€ 4,20 per litre"
Duchesse De Bourgogne Flanders Red Ale 75cl,"€ 13,20",Belgium,3.66,Brouwerij Verhaeghe,6.2%,Sour - Flanders Red Ale,Bottle 750ml,"€ 17,60 per litre"
Kingston Black Organic Cider,"€ 6,50",England,3.84,Dunkertons,7.5%,Cider - Traditional / Apfelwein,500ml,"€ 13,00 per litre"
Court Royal Dry Cider BIO,"€ 6,25",England,3.55,Dunkertons,7.5%,Cider - Traditional / Apfelwein,500ml,"€ 12,50 per litre"
Rutte Barrel aged,"€ 28,45",Canada,3.33,High Key Brewing Co,9.8%,Märzen,700ml,"€ 40,64 per litre"
Veni Vidi Superdelic 10,"€ 5,30",Czech Republic,3.77,Rodinný Pivovar Zichovec,4.1%,IPA - Session,Can 500ml,"€ 10,60 per litre"
Overboard (2022),"€ 159,99",United States,4.67,Pips Meadery,14%,Mead - Other,Can 500ml,"€ 10,60 per litre"
Derivation 18,"€ 179,99",United States,4.56,Side Project Brewing,15%,Stout - Imperial / Double,Bottle 375ml,"€ 479,97 per litre"
Barrel Aged Poppa Bear,"€ 79,99",United States,4.44,Equilibrium Brewery,17%,Stout - Imperial / Double,Bottle 375ml,"€ 479,97 per litre"
Parfait (Blend #7),"€ 42,99",United States,4.33,Side Project Brewing,12%,Stout - Imperial / Double Pastry,Bottle 375ml,"€ 479,97 per litre"
Oude du Ble (Vintage 2023),"€ 47,99",United States,4.30,Side Project Brewing,6%,Farmhouse Ale - Saison,Bottle 375ml,"€ 479,97 per litre"
Secondhand Casket,"€ 119,99",United States,4.29,Troon Brewing,14%,Barleywine - English,Bottle 375ml,"€ 479,97 per litre"
Barrel Aged Equilibrium = Mostra Coffee Cuvée (Lime Green),"€ 69,99",United States,4.27,Equilibrium Brewery,17%,Stout - Imperial / Double,500ml,"€ 139,98 per litre"
Peach,"€ 89,99",United States,4.18,Pips Meadery,14%,Mead - Melomel,500ml,"€ 139,98 per litre"
Outlier,"€ 9,49",United States,3.86,Tree House Brewing Company,4.3%,Kölsch,500ml,"€ 139,98 per litre"
Granola Brown Ale,"€ 4,99",United States,3.70,Black Hog Brewing Co.,5.7%,Brown Ale - American,500ml,"€ 139,98 per litre"
DDVDK Maurice Outdoor Lambic,"€ 10,57",Belgium,3.45,Brouwerij De Dochter van de Korenaar,7%,Lambic - Traditional,Bottle 750ml,"€ 14,09 per litre"
Oude Rhubarbe à l'ancienne 2023,"€ 21,50",Belgium,3.97,Gueuzerie Tilquin,6%,Lambic - Other,Bottle 750ml,"€ 28,67 per litre"
Zeeuwse Lust,"€ 3,50",Netherlands,3.39,Brouwerij Kees,5%,Wheat Beer - Hefeweizen,330ml,"€ 10,61 per litre"
Shiso Rouge 2023,"€ 16,00",France,4.06,Popihn Sauvages,7%,Wild Ale - Other,Bottle 750ml,"€ 21,33 per litre"
Imperial stout Whisky Irlandais BA,"€ 8,00",France,3.99,Popihn,11.8%,Stout - Imperial / Double,330ml,"€ 24,24 per litre"
Framboise 2023,"€ 18,50",France,3.94,Popihn Sauvages,6.5%,Wild Ale - Other,Bottle 750ml,"€ 24,67 per litre"
Moineau,"€ 4,21",Belgium,3.58,La Source Beer Co.,2.7%,IPA - Session,330ml,"€ 12,76 per litre"
XX Bitter,"€ 2,61",Belgium,3.47,Brouwerij De Ranke,6%,IPA - Belgian,330ml,"€ 7,91 per litre"
Van Honsebrouck Kasteel Cuvee du Chateau,"€ 3,10",Belgium,3.81,Kasteel Brouwerij Vanhonsebrouck,11%,Belgian Quadrupel,330ml,"€ 9,39 per litre"
De Moersleutel Fruit Bomb,"€ 4,75",Netherlands,3.77,Moersleutel Craft Brewery,8%,IPA - Imperial / Double New England / Hazy,Can 440ml,"€ 10,80 per litre"
Grand Cru,"€ 3,30",Belgium,3.65,Brouwerij Rodenbach,6%,Sour - Flanders Red Ale,330ml,"€ 10,00 per litre"
Blonde Tripel,"€ 2,90",Belgium,3.60,Brasserie Lupulus,8.5%,Belgian Tripel,330ml,"€ 8,79 per litre"
Paljas Saison,"€ 2,55",Belgium,3.42,Brouwerij Henricus,6%,Farmhouse Ale - Saison,330ml,"€ 7,73 per litre"
Mango Colada,"€ 6,00",Sweden,3.67,Brewski,4%,Sour - Fruited Berliner Weisse,Can 330ml,"€ 18,18 per litre"
HEMP,"€ 3,49",Netherlands,3.07,Berging Brouwerij,5.55%,Spiced / Herbed Beer,330ml,"€ 10,58 per litre"
Sowie Marcowe,"€ 2,40",Poland,3.35,Browar Wielka Sowa,6.3%,Märzen,Bottle 500ml,"€ 4,80 per litre"
Sowie Pszeniczne z Mango i Marakują,"€ 2,70",Poland,3.30,Browar Wielka Sowa,4.9%,Wheat Beer - Other,Bottle 500ml,"€ 5,40 per litre"
Stoopermassive Café Deth,"€ 59,99",United States,4.48,Revolution Brewing Company,14.9%,Stout - Imperial / Double Coffee,560ml,"€ 107,13 per litre"
Super Massive Café Deth,"€ 19,49",United States,4.37,Revolution Brewing Company,14.8%,Stout - Imperial / Double Coffee,560ml,"€ 107,13 per litre"
Super Massive Café Mocha Deth,"€ 54,99",United States,4.37,Revolution Brewing Company,14.7%,Stout - Imperial / Double Coffee,560ml,"€ 98,20 per litre"
"Lord Maris, The Otter","€ 32,99",United States,4.36,Elder Pine Brewing & Blending,15.7%,Barleywine - English,,
Single Shot,"€ 15,99",United States,4.28,Tree House Brewing Company,6.4%,Stout - Coffee,,
The Otter In the Rye,"€ 32,99",United States,4.26,Elder Pine Brewing & Blending,13%,Rye Wine,,
Treasures of the Deep,"€ 18,99",United States,4.17,Tree House Brewing Company,7.7%,IPA - Imperial / Double New England / Hazy,,
Organic Shapes,"€ 18,99",United States,4.16,Fidens Brewing Co,6.3%,IPA - New England / Hazy,,
Board Sports,"€ 18,99",United States,4.13,Humble Sea Brewing Company,8.4%,IPA - Imperial / Double New England / Hazy,,
Under a Black Sun,"€ 12,99",Romania,4.02,Strange Companion,12%,Stout - Imperial / Double,Bottle 375ml,"€ 34,64 per litre"
Trail Nelson,"€ 9,99",United States,4.02,Tree House Brewing Company,5.1%,Pilsner - German,Bottle 375ml,"€ 34,64 per litre"
Socks & Sandals,"€ 18,99",United States,3.99,Humble Sea Brewing Company,6.6%,IPA - New England / Hazy,473ml,"€ 40,15 per litre"
Right Place,"€ 8,99",United States,3.97,Tree House Brewing Company,4.8%,Pilsner - Czech / Bohemian,473ml,"€ 40,15 per litre"
Earth Day,"€ 11,99",United States,3.96,Tree House Brewing Company,5%,Pale Ale - American,473ml,"€ 40,15 per litre"
Storyline,"€ 14,99",United States,3.95,Fidens Brewing Co,3.5%,Blonde / Golden Ale - Other,473ml,"€ 40,15 per litre"
House Lager Motueka,"€ 9,99",United States,3.94,Tree House Brewing Company,4.3%,Lager - American Light,473ml,"€ 40,15 per litre"
Shipshape,"€ 11,99",United States,3.93,Tree House Brewing Company,4.8%,Pilsner - Czech / Bohemian,473ml,"€ 40,15 per litre"
El Mago,"€ 8,99",United States,3.86,Tree House Brewing Company,4.8%,Lager - Mexican,473ml,"€ 40,15 per litre"
House Lager Lime,"€ 9,99",United States,3.84,Tree House Brewing Company,4.3%,Lager - American Light,473ml,"€ 40,15 per litre"
Forest of Mabon,"€ 10,99",Romania,3.83,Strange Companion,9.3%,Grape Ale - Other,Bottle 375ml,"€ 29,31 per litre"
Spritzy Lemon,"€ 9,29",United States,3.68,Tree House Brewing Company,3.1%,Shandy / Radler,Bottle 375ml,"€ 29,31 per litre"
Spritzy Blood Orange,"€ 9,29",United States,3.67,Tree House Brewing Company,3.1%,Shandy / Radler,Bottle 375ml,"€ 29,31 per litre"
Stout Imperial Russe à l'érable 2023,"€ 19,50",Canada,4.07,Brasserie Dunham,10.2%,Stout - Russian Imperial,Bottle 750ml,"€ 26,00 per litre"
L'esprit Des Hautes Côtes,"€ 19,00",Canada,4.04,Brasserie Dunham,5.5%,Farmhouse Ale - Saison,Bottle 750ml,"€ 25,33 per litre"
Grisette de Dunham,"€ 13,50",Canada,3.86,Brasserie Dunham,5.2%,Farmhouse Ale - Grisette,Bottle 750ml,"€ 18,00 per litre"
Imperial Barley Wine (Glutenvrij),"€ 3,99",Netherlands,3.66,Brouwerij Klein Duimpje,14%,Gluten-Free,330ml,"€ 12,09 per litre"
Oude Pinot Noir à l'ancienne 2022,"€ 28,00",Belgium,4.24,Gueuzerie Tilquin,8%,Lambic - Fruit,Bottle 750ml,"€ 37,33 per litre"
Oude Mourvèdre à l'ancienne 2023,"€ 28,00",Belgium,4.21,Gueuzerie Tilquin,7.7%,Lambic - Fruit,Bottle 750ml,"€ 37,33 per litre"
Oude Viognier à l'ancienne 2023,"€ 28,00",Belgium,4.20,Gueuzerie Tilquin,8%,Lambic - Fruit,Bottle 750ml,"€ 37,33 per litre"
Grapevine 2023 - Montepulciano,"€ 13,75",Belgium,3.88,Brouwerij De Ranke,6.5%,Lambic - Fruit,Bottle 750ml,"€ 18,33 per litre"
On The Threshold Of A Dream,"€ 67,50",United States,4.36,Perennial Artisan Ales,13.8%,Stout - Imperial / Double Pastry,Bottle 750ml,"€ 90,00 per litre"
Barrel Aged Double Vanilla Scoop Shake,"€ 56,95",United States,4.31,3 Sons Brewing Co.,14.9%,Stout - Imperial / Double Pastry,500ml,"€ 113,90 per litre"
Bottle Logic Alchemy Of Elements (2022),"€ 39,95",United States,4.28,Bottle Logic Brewing,14%,Stout - Imperial / Double,500ml,"€ 79,90 per litre"
Bottle Logic Technical Challenge (2021),"€ 39,95",United States,4.22,Bottle Logic Brewing,13.77%,Stout - Imperial / Double Pastry,500ml,"€ 79,90 per litre"
Bottle Logic Finite Universe (2023),"€ 39,95",United States,4.21,Bottle Logic Brewing,12.8%,Stout - Imperial / Double Pastry,500ml,"€ 79,90 per litre"
Nilla Galaxy,"€ 10,50",United States,3.95,Equilibrium Brewery,8.5%,IPA - Imperial / Double,473ml,"€ 22,20 per litre"
La Mule Tropical Weisse,"€ 3,33",Belgium,3.40,Brasserie de la Mule,5%,Lager - IPL (India Pale Lager),330ml,"€ 10,09 per litre"
Citrus Season #2,"€ 15,99",United States,4.01,Afterthought Brewing Company,5%,Farmhouse Ale - Saison,500ml,"€ 31,98 per litre"
Enchanted Island (v7) Lava Flow,"€ 9,79",United States,4.00,Humble Forager Brewery,9%,Sour - Fruited,355ml,"€ 27,58 per litre"
Greetings From Cypremort Point,"€ 9,29",United States,3.92,Parish Brewing Co.,5.6%,Sour - Fruited Berliner Weisse,473ml,"€ 19,64 per litre"
Abbaye de Saint Bon Chien 2019,"€ 24,50",Switzerland,4.35,Brasserie des Franches-Montagnes (BFM),11%,Sour - Other,Bottle 750ml,"€ 32,67 per litre"
Dubbel Wit Zomerfit,"€ 3,39",Netherlands,3.40,Vet & Lazy,7.2%,Wheat Beer - Witbier / Blanche,330ml,"€ 10,27 per litre"
Lervig No Worries Mango,"€ 2,40",Norway,3.27,LERVIG,0.5%,Non-Alcoholic - IPA,330ml,"€ 7,27 per litre"
Lervig No Worries,"€ 2,60",Norway,3.19,LERVIG,0.5%,Non-Alcoholic - IPA,330ml,"€ 7,88 per litre"
St. Austell Proper Job IPA,"€ 4,49",England,3.44,St Austell Brewery,4.5%,IPA - English,500ml,"€ 8,98 per litre"
Kord Red Wine Pinot Noir Barrel Aged,"€ 9,95",Poland,4.26,Jan Olbracht Browar Rzemieślniczy,12%,Belgian Quadrupel,Bottle 370ml,"€ 26,89 per litre"
Kord Red Wine Tempranillo Barrel Aged,"€ 9,95",Poland,4.04,Jan Olbracht Browar Rzemieślniczy,12%,Belgian Quadrupel,Bottle 370ml,"€ 26,89 per litre"
Gimme that boom,"€ 5,90",France,3.93,Prizm Brewing Co.,6%,Sour - Smoothie / Pastry,Can 440ml,"€ 13,41 per litre"
Knives in the back,"€ 6,10",France,3.91,Prizm Brewing Co.,8%,IPA - Imperial / Double New England / Hazy,Can 440ml,"€ 13,86 per litre"
Austerity,"€ 5,90",France,3.84,Prizm Brewing Co.,7%,IPA - New England / Hazy,Can 440ml,"€ 13,41 per litre"
Temporality,"€ 5,90",France,3.83,Prizm Brewing Co.,7%,IPA - New England / Hazy,Can 440ml,"€ 13,41 per litre"
Perfection,"€ 5,80",New Zealand,3.50,Renaissance Brewing Company,5%,Pale Ale - English,Can 440ml,"€ 13,18 per litre"
Barleywine 2024,"€ 10,60",Scotland,3.92,Vault City Brewing,12.2%,Barleywine - English,Can 330ml,"€ 32,12 per litre"
Cascadian Tides Stout,"€ 3,50",Scotland,3.27,BRULO,12.2%,Non-Alcoholic - Porter / Stout,330ml,"€ 10,61 per litre"
Weizen Hell,"€ 1,90",Germany,3.61,Brauerei Kundmüller,5.2%,Wheat Beer - Hefeweizen,500ml,"€ 3,80 per litre"
Baptist Helles,"€ 1,00",Germany,3.48,Brauerei Göller,4.9%,Lager - Helles,500ml,"€ 2,00 per litre"
Blurry,"€ 5,50",Slovenia,3.65,Reset Brewery,5.4%,Pale Ale - New England / Hazy,500ml,"€ 11,00 per litre"
Iron Maiden Trooper Ale,"€ 3,90",England,3.37,Robinsons Brewery,4.7%,Bitter - Best,500ml,"€ 7,80 per litre"
Big Nugget,"€ 39,99",United States,4.42,Tree House Brewing Company,11.4%,Stout - Imperial / Double,500ml,"€ 7,80 per litre"
Free Gelato: Szarlotka,"€ 4,15",Poland,3.84,Funky Fluid,0.5%,Non-Alcoholic - Sour,500ml,"€ 8,30 per litre"
Klr,"€ 3,10",Romania,3.54,Bereta Brewing Co.,5.4%,Kellerbier / Zwickelbier,Can 440ml,"€ 7,05 per litre"
Hazy Weekend,"€ 3,60",Netherlands,3.62,vandeStreek bier,6.6%,IPA - New England / Hazy,330ml,"€ 10,91 per litre"
Non-Alcoholic Second Date,"€ 3,60",Netherlands,3.32,Rock City Brewing,0.3%,Non-Alcoholic - IPA,330ml,"€ 10,91 per litre"
Heisse Weißen,"€ 3,20",Netherlands,3.27,Dorpsbrouwerij de Pimpelmeesch,5.5%,Wheat Beer - Hefeweizen,330ml,"€ 9,70 per litre"
Non Alcoholic Koene Ridder,"€ 3,30",Netherlands,3.01,Rock City Brewing,0.3%,Non-Alcoholic - Other,330ml,"€ 10,00 per litre"
DOK Sean Zijn Haar Ligt Weer Goed,"€ 3,39",Belgium,3.53,Dok Brewing Company,6%,IPA - New England / Hazy,330ml,"€ 10,27 per litre"
DOK Johannes De Weize II,"€ 2,97",Belgium,3.51,Dok Brewing Company,5.4%,Wheat Beer - Hefeweizen,330ml,"€ 9,00 per litre"
Rivington x Commonwealth x Arpus Lamb-Or-Genie,"€ 12,00",England,4.04,Rivington Brewing Co,10.5%,Stout - Imperial / Double Pastry,Can 440ml,"€ 27,27 per litre"
Space Soda | Strawberry & Redcurrant,"€ 7,20",England,3.93,Makemake,5%,Sour - Fruited,Can 500ml,"€ 14,40 per litre"
Cone Head,"€ 6,00",England,3.79,Dark Revolution,5.4%,Lager - Pale,Can 440ml,"€ 13,64 per litre"
Northern Monk x Crossover x À tue-tête! Northern Wild 004 Mixed Fermentation Ale,"€ 24,00",Czech Republic,3.76,Crazy Clown Brewery,7.5%,Pale Ale - Belgian,Bottle 750ml,"€ 32,00 per litre"
Vlissingse Tripel,"€ 4,25",Netherlands,3.52,Vlissings Bier,9%,Belgian Tripel,330ml,"€ 12,88 per litre"
Vlissingse Blonde,"€ 3,99",Netherlands,3.46,Vlissings Bier,6.5%,Blonde / Golden Ale - Other,330ml,"€ 12,88 per litre"
Tegernseer 1806 Max I. Joseph Jubiläums Export,"€ 4,60",Germany,3.61,Herzoglich Bayerisches Brauhaus Tegernsee,5.2%,Lager - Dortmunder / Export,500ml,"€ 9,20 per litre"
Westmalle Trappist Extra,"€ 3,60",Belgium,3.46,Brouwerij der Trappisten van Westmalle,4.8%,Belgian Enkel / Patersbier,330ml,"€ 10,91 per litre"
Pohjala - Laager,"€ 4,50",Estonia,3.37,Põhjala,4.7%,Pilsner - German,Can 440ml,"€ 10,23 per litre"
Vedett Extra Blonde,"€ 3,90",Belgium,3.27,Duvel Moortgat,5.2%,Pilsner - Other,330ml,"€ 11,82 per litre"
Andechs Cola Mix,"€ 2,40",Germany,?,Klosterbrauerei Andechs,5.2%,Old / Stock Ale,500ml,"€ 4,80 per litre"
Pannepot,"€ 8,30",Belgium,3.90,De Struise Brouwers,10%,Belgian Strong Dark Ale,Bottle 330ml,"€ 25,15 per litre"
Sint Amatus,"€ 8,30",Belgium,3.88,De Struise Brouwers,10.5%,Belgian Quadrupel,Bottle 330ml,"€ 25,15 per litre"
Saison Dupont,"€ 4,60",Belgium,3.68,Brasserie Dupont,6.5%,Farmhouse Ale - Saison,Bottle 330ml,"€ 13,94 per litre"
Augustiner Edelstoff,"€ 5,10",Germany,3.62,Augustiner-Bräu München,5.6%,Lager - Dortmunder / Export,Bottle 500ml,"€ 10,20 per litre"
Organic Pale Ale,"€ 4,70",England,3.45,Samuel Smith,5%,Pale Ale - English,Bottle 550ml,"€ 8,55 per litre"
Brugse Zot,"€ 4,50",Belgium,3.38,Huisbrouwerij De 3 Vaten,6%,Belgian Tripel,Bottle 330ml,"€ 13,64 per litre"
Texas Tempest,"€ 10,30",Norway,4.16,Nøgne Ø,14%,Stout - Imperial / Double,330ml,"€ 31,21 per litre"
SUPER 8 Rouge 0.0,"€ 2,30",Belgium,3.19,Brouwerij Haacht Brasserie,14%,Non-Alcoholic - Other,330ml,"€ 6,97 per litre"
Forest of Mabon,"€ 14,49",Romania,3.83,Strange Companion,9.3%,Grape Ale - Other,Bottle 375ml,"€ 38,64 per litre"
Nordic Trails 2024 Farmhouse Ale,"€ 24,40",Norway,3.99,Salikatt Bryggeri,7.1%,Farmhouse Ale - Saison,Bottle 375ml,"€ 65,07 per litre"
Pear Drops Sour,"€ 7,40",Scotland,3.92,Vault City Brewing,4.8%,Sour - Fruited,Can 440ml,"€ 16,82 per litre"
Capri Crush Sour,"€ 6,60",Scotland,3.82,Vault City Brewing,4.3%,Sour - Fruited,Can 440ml,"€ 15,00 per litre"
Singapore Sling Sour,"€ 7,40",Scotland,3.80,Vault City Brewing,6.4%,Sour - Fruited,Can 440ml,"€ 16,82 per litre"
Quaffzilla,"€ 35,60",Denmark,3.54,To Øl,4.7%,IPA - Session,6-pack,"Total price: € 35,60"
Quaffzilla,"€ 66,40",Denmark,3.54,To Øl,4.7%,IPA - Session,24-pack,"Total price: € 66,40"
VINUM Barley Wine Rye Whiskey BA,"€ 10,99",Germany,4.00,Brauerei Lemke,13.5%,Barleywine - English,330ml,"€ 33,30 per litre"
Schorschweizen Eisbock Steinoptik,"€ 16,99",Germany,3.93,Schorschbräu,20%,Bock - Eisbock,330ml,"€ 51,48 per litre"
Kriek Ale,"€ 12,99",Germany,3.89,Schorschbräu,15.16%,Bock - Weizendoppelbock,330ml,"€ 39,36 per litre"
Ale Capone New England Pale Ale,"€ 3,39",Germany,3.62,Privatbrauerei Sander,5.4%,Pale Ale - New England / Hazy,330ml,"€ 10,27 per litre"
Dream Factory Pale Ale,"€ 4,99",England,3.53,Two Tribes,4.4%,Pale Ale - Other,330ml,"€ 15,12 per litre"
030 Pale Ale,"€ 2,99",Germany,3.46,Brauerei Lemke,5%,Pale Ale - American,330ml,"€ 9,06 per litre"
Metro Land London Session IPA,"€ 4,31",England,3.42,Two Tribes,3.8%,IPA - Session,330ml,"€ 13,06 per litre"
Metro Land Tokyo Session IPA,"€ 4,79",England,3.41,Two Tribes,4%,IPA - Session,330ml,"€ 14,52 per litre"
Original Dunkles Lager,"€ 2,23",Germany,3.34,Brauerei Lemke,5.4%,Lager - Vienna,330ml,"€ 6,76 per litre"
Bohemian Pilsner,"€ 2,55",Germany,3.31,Brauerei Lemke,5%,Pilsner - Czech / Bohemian,330ml,"€ 7,73 per litre"
030 Pale Ale Alkoholfrei,"€ 2,99",Germany,3.27,Brauerei Lemke,5%,Non-Alcoholic - Pale Ale,330ml,"€ 9,06 per litre"
Power Plant Premium Pilsner,"€ 4,79",England,3.26,Two Tribes,4.5%,Gluten-Free,330ml,"€ 14,52 per litre"
Strawberry Berliner Weisse,"€ 3,30",Germany,3.61,BRLO/ Browar Stu Mostów,3.4%,Sour - Fruited Berliner Weisse,Bottle 500ml,"€ 6,60 per litre"
Gueuzérable 2021,"€ 26,50",Belgium,4.13,Gueuzerie Tilquin,10%,Lambic - Gueuze,Bottle 750ml,"€ 35,33 per litre"
Tripel,"€ 9,95",Belgium,3.81,Brouwerij der Trappisten van Westmalle,9.5%,Belgian Tripel,Bottle 750ml,"€ 13,27 per litre"
Zeezuiper Tripel,"€ 9,25",Belgium,3.66,Scheldebrouwerij,8%,Belgian Tripel,Bottle 750ml,"€ 12,33 per litre"
Heen & Weer Tripel,"€ 2,70",Netherlands,3.54,Brouwerij de Molen,9%,Belgian Tripel,330ml,"€ 8,18 per litre"
Year Of The Dragon,"€ 8,00",Netherlands,3.65,Brouwerij Kees,5.8%,IPA - American,Can 440ml,"€ 18,18 per litre"
Double Stack,"€ 10,99",United States,4.35,Great Notion Brewing,11%,Stout - Imperial / Double Coffee,Can 440ml,"€ 18,18 per litre"
Baked & Stuffed (Berry Danish),"€ 10,49",United States,4.24,Great Notion Brewing,6%,Sour - Smoothie / Pastry,Can 440ml,"€ 18,18 per litre"
DDH Pixel Density,"€ 9,39",United States,4.20,Phase Three Brewing,6.5%,IPA - New England / Hazy,Can 440ml,"€ 18,18 per litre"
Hazy Daze,"€ 9,39",United States,4.15,Little Willow Brewing Company,8.5%,IPA - Imperial / Double New England / Hazy,Can 440ml,"€ 18,18 per litre"
Aura,"€ 7,29",United States,4.11,Great Notion Brewing,7.2%,IPA - New England / Hazy,Can 440ml,"€ 18,18 per litre"
Drift Velocity,"€ 9,39",United States,4.09,Mill 77 Brewing,7%,IPA - Imperial / Double,Can 440ml,"€ 18,18 per litre"
Kawaii,"€ 8,99",United States,4.06,Phase Three Brewing,7.7%,IPA - Imperial / Double New England / Hazy,473ml,"€ 19,01 per litre"
Sunshine Daydream,"€ 8,99",United States,4.00,Mill 77 Brewing,7%,IPA - New England / Hazy,473ml,"€ 19,01 per litre"
Bubble Bag,"€ 7,29",United States,3.97,Great Notion Brewing,8.5%,IPA - Imperial / Double New England / Hazy,,
Salmon Pants,"€ 8,39",United States,3.92,Phase Three Brewing,6%,IPA - New England / Hazy,,
West Coast Juice Invader,"€ 7,49",United States,3.88,Great Notion Brewing,7%,IPA - American,,
Street Fight In Naples,"€ 7,49",United States,3.80,Mill 77 Brewing,5.2%,Pilsner - Italian,,
P3 Mexican Lager,"€ 6,99",United States,3.75,Phase Three Brewing,5.5%,Lager - Mexican,,
De Molen Heen & Weer,"€ 2,65",Netherlands,3.54,Brouwerij de Molen,9.2%,Belgian Tripel,330ml,"€ 8,03 per litre"
Deugniet,"€ 5,95",Belgium,3.53,Brasserie du Bocq,7.5%,Belgian Strong Golden Ale,Bottle 750ml,"€ 7,93 per litre"
Rittmayer Weizen,"€ 41,09",Germany,3.53,Brauerei Rittmayer Hallerndorf,5%,Wheat Beer - Hefeweizen,24-pack,"Total price: € 41,09"
Rittmayer Weizen,"€ 40,38",Germany,3.53,Brauerei Rittmayer Hallerndorf,5%,Wheat Beer - Hefeweizen,24-pack,"Total price: € 40,38"
Rittmayer Weizen,"€ 46,74",Germany,3.53,Brauerei Rittmayer Hallerndorf,5%,Wheat Beer - Hefeweizen,24-pack,"Total price: € 46,74"
Rittmayer Weizen,"€ 36,80",Germany,3.53,Brauerei Rittmayer Hallerndorf,5%,Wheat Beer - Hefeweizen,24-pack,"Total price: € 36,80"
Rittmayer Weizen,"€ 49,80",Germany,3.53,Brauerei Rittmayer Hallerndorf,5%,Wheat Beer - Hefeweizen,24-pack,"Total price: € 49,80"
Rittmayer Weizen,"€ 49,72",Germany,3.53,Brauerei Rittmayer Hallerndorf,5%,Wheat Beer - Hefeweizen,24-pack,"Total price: € 49,72"
Rittmayer Weizen,"€ 34,51",Germany,3.53,Brauerei Rittmayer Hallerndorf,5%,Wheat Beer - Hefeweizen,24-pack,"Total price: € 34,51"
Rittmayer Weizen,"€ 39,22",Germany,3.53,Brauerei Rittmayer Hallerndorf,5%,Wheat Beer - Hefeweizen,24-pack,"Total price: € 39,22"
Rittmayer Weizen,"€ 41,58",Germany,3.53,Brauerei Rittmayer Hallerndorf,5%,Wheat Beer - Hefeweizen,24-pack,"Total price: € 41,58"
Sour Power,"€ 2,90",Germany,3.53,Brauerei Gebr. Maisel,6.3%,IPA - Sour,330ml,"€ 8,79 per litre"
Rittmayer Hell,"€ 36,51",Germany,3.39,Brauerei Rittmayer Hallerndorf,4.9%,Lager - Helles,24-pack,"Total price: € 36,51"
Rittmayer Hell,"€ 34,51",Germany,3.39,Brauerei Rittmayer Hallerndorf,4.9%,Lager - Helles,24-pack,"Total price: € 34,51"
Rittmayer Hell,"€ 41,81",Germany,3.35,Brauerei Rittmayer Hallerndorf,4.9%,Lager - Helles,24-pack,"Total price: € 41,81"
Rittmayer Hell,"€ 39,99",Germany,3.35,Brauerei Rittmayer Hallerndorf,4.9%,Lager - Helles,24-pack,"Total price: € 39,99"
Rittmayer Hell,"€ 46,74",Germany,3.35,Brauerei Rittmayer Hallerndorf,4.9%,Lager - Helles,24-pack,"Total price: € 46,74"
Rittmayer Hell,"€ 49,10",Germany,3.35,Brauerei Rittmayer Hallerndorf,4.9%,Lager - Helles,24-pack,"Total price: € 49,10"
Rittmayer Hell,"€ 49,02",Germany,3.35,Brauerei Rittmayer Hallerndorf,4.9%,Lager - Helles,24-pack,"Total price: € 49,02"
Rittmayer Hell,"€ 38,56",Germany,3.35,Brauerei Rittmayer Hallerndorf,4.9%,Lager - Helles,24-pack,"Total price: € 38,56"
Rittmayer Hell,"€ 41,30",Germany,3.35,Brauerei Rittmayer Hallerndorf,4.9%,Lager - Helles,24-pack,"Total price: € 41,30"
Klosterkeller Hell,"€ 36,42",Germany,3.07,Brauhaus Leikeim,4.9%,Lager - Helles,24-pack,"Total price: € 36,42"
Klosterkeller Hell,"€ 34,47",Germany,3.07,Brauhaus Leikeim,4.9%,Lager - Helles,24-pack,"Total price: € 34,47"
Klosterkeller Hell,"€ 41,03",Germany,3.07,Brauhaus Leikeim,4.9%,Lager - Helles,24-pack,"Total price: € 41,03"
Klosterkeller Hell,"€ 32,17",Germany,3.07,Brauhaus Leikeim,4.9%,Lager - Helles,24-pack,"Total price: € 32,17"
Klosterkeller Hell,"€ 44,19",Germany,3.07,Brauhaus Leikeim,4.9%,Lager - Helles,24-pack,"Total price: € 44,19"
Klosterkeller Hell,"€ 44,06",Germany,3.07,Brauhaus Leikeim,4.9%,Lager - Helles,24-pack,"Total price: € 44,06"
Klosterkeller Hell,"€ 29,59",Germany,3.07,Brauhaus Leikeim,4.9%,Lager - Helles,24-pack,"Total price: € 29,59"
Klosterkeller Hell,"€ 33,80",Germany,3.07,Brauhaus Leikeim,4.9%,Lager - Helles,24-pack,"Total price: € 33,80"
Klosterkeller Hell,"€ 36,99",Germany,3.07,Brauhaus Leikeim,4.9%,Lager - Helles,24-pack,"Total price: € 36,99"
Klosterkeller Pils,"€ 34,23",Germany,2.85,Brauhaus Leikeim,4.9%,Pilsner - German,24-pack,"Total price: € 34,23"
Klosterkeller Pils,"€ 41,03",Germany,2.85,Brauhaus Leikeim,4.9%,Pilsner - German,24-pack,"Total price: € 41,03"
Klosterkeller Pils,"€ 32,17",Germany,2.85,Brauhaus Leikeim,4.9%,Pilsner - German,24-pack,"Total price: € 32,17"
Klosterkeller Pils,"€ 44,06",Germany,2.85,Brauhaus Leikeim,4.9%,Pilsner - German,24-pack,"Total price: € 44,06"
Klosterkeller Pils,"€ 29,59",Germany,2.85,Brauhaus Leikeim,4.9%,Pilsner - German,24-pack,"Total price: € 29,59"
Klosterkeller Pils,"€ 33,80",Germany,2.85,Brauhaus Leikeim,4.9%,Pilsner - German,24-pack,"Total price: € 33,80"
Klosterkeller Pils,"€ 36,99",Germany,2.85,Brauhaus Leikeim,4.9%,Pilsner - German,24-pack,"Total price: € 36,99"
Klosterkeller Pilsner,"€ 36,42",Germany,2.85,Brauhaus Leikeim,4.9%,Pilsner - German,24-pack,"Total price: € 36,42"
Klosterkeller Pilsner,"€ 44,19",Germany,2.85,Brauhaus Leikeim,4.9%,Pilsner - German,24-pack,"Total price: € 44,19"
Genuine Draft,"€ 2,90",United States,2.59,Miller Brewing Company,4.7%,Lager - American,330ml,"€ 8,79 per litre"
Van Honsebrouck Kasteel Rouge,"€ 7,95",Belgium,3.58,Kasteel Brouwerij Vanhonsebrouck,8%,Fruit Beer,Bottle 750ml,"€ 10,60 per litre"
Golden Witch,"€ 2,30",Belgium,3.77,BramBrass,6%,Belgian Blonde,330ml,"€ 6,97 per litre"
Stu Mostów / 3 Sons ART+68 Pastry Imperial Stout,"€ 6,65",Poland,3.93,Browar Stu Mostów,10.5%,Stout - Imperial / Double,330ml,"€ 20,15 per litre"
La Mule / Blind Enthisiasm Schwarzbier,"€ 3,41",Belgium,3.61,Brasserie de la Mule,5.8%,Schwarzbier,330ml,"€ 10,33 per litre"
La Mule Hefe Weisse,"€ 3,17",Belgium,3.45,Brasserie de la Mule,5.4%,Wheat Beer - Hefeweizen,330ml,"€ 9,61 per litre"
La Mule Kölsch,"€ 3,07",Belgium,3.44,Brasserie de la Mule/ La Jungle,5%,Kölsch,330ml,"€ 9,30 per litre"
Will it Float #4,"€ 8,10",Netherlands,4.03,White Dog Brewery,6%,Sour - Smoothie / Pastry,Can 440ml,"€ 18,41 per litre"
Imperial Stout Jack Daniels/Makers Mark,"€ 9,10",Netherlands,3.94,Two Chefs Brewing,11.3%,Stout - Imperial / Double,330ml,"€ 27,58 per litre"
Imperial Stout Ardbeg Whisky,"€ 9,10",Netherlands,3.96,Two Chefs Brewing,11.3%,Stout - Imperial / Double,330ml,"€ 27,58 per litre"
Self Examination  Bourbon Barrel Aged Barleywine,"€ 9,95",Italy,4.18,Ritual Lab,12.5%,Barleywine - Other,330ml,"€ 30,15 per litre"
Midnight Harvest,"€ 7,95",Spain,4.17,Laugar Brewery,12.4%,Stout - Russian Imperial,330ml,"€ 24,09 per litre"
Laugar x Malte   Dopes to Infinity  Imp. Pastry Stout,"€ 7,95",Spain,4.08,Laugar Brewery,10%,Stout - Imperial / Double Pastry,330ml,"€ 24,09 per litre"
WILD 24 - Table Beer Blend 2023 Peach Apricot Raspberry,"€ 9,79",Poland,4.12,Browar Stu Mostów,5%,Wild Ale - Other,Bottle 375ml,"€ 26,11 per litre"
WILD 25 - Mixed Fermentation Riesling Ale,"€ 10,49",Poland,3.98,Browar Stu Mostów,7.8%,Wild Ale - Other,Bottle 375ml,"€ 27,97 per litre"
Stu Mostów / Floc. Floccus,"€ 5,31",Poland,3.96,Browar Stu Mostów,5.6%,IPA - Sour,Can 440ml,"€ 12,07 per litre"
Baghaven Havnesæson Blend 4,"€ 16,95",Denmark,3.94,Baghaven Brewing and Blending,8.1%,Farmhouse Ale - Saison,Bottle 750ml,"€ 22,60 per litre"
Cornet Oaked,"€ 6,00",Belgium,3.61,Brouwerij De Hoorn,8.5%,Belgian Strong Golden Ale,Bottle 330ml,"€ 18,18 per litre"
De Molen Balcones Edition 2024 Imperial Milkstout,"€ 5,80",Netherlands,3.92,Brouwerij de Molen,9.9%,Stout - Imperial / Double,330ml,"€ 17,58 per litre"
Free Gelato: Berries & Cream,"€ 6,00",Poland,3.68,Funky Fluid,0.5%,Non-Alcoholic - Sour,500ml,"€ 12,00 per litre"
Blond,"€ 2,20",Belgium,3.58,Abbaye de Leffe,6.6%,Belgian Blonde,330ml,"€ 6,67 per litre"
Goldstoff Hell,"€ 2,20",Germany,3.36,Brauerei Wiethaler,5.4%,Festbier,500ml,"€ 4,40 per litre"
Rittmayer 1422,"€ 2,00",Germany,3.29,Brauerei Rittmayer Hallerndorf,5.8%,Festbier,500ml,"€ 4,00 per litre"
Pils Alkoholfrei,"€ 2,00",Germany,3.28,Brauerei Wiethaler,4.9%,Pilsner - German,330ml,"€ 6,06 per litre"
Landbier Dunkel,"€ 2,20",Germany,3.24,Brauerei Wiethaler,4.9%,Lager - Dark,500ml,"€ 4,40 per litre"
Scottish Oat Stout,"€ 3,49",Scotland,3.70,Belhaven Brewery,7%,Stout - Oatmeal,330ml,"€ 10,58 per litre"
Shepherd Neame India Pale Ale,"€ 4,49",England,3.20,Lidl GB,6%,Pale Ale - American,500ml,"€ 8,98 per litre"
Moosehead Canadian Lager,"€ 2,69",Canada,3.17,Moosehead Breweries Limited,5%,Lager - American,350ml,"€ 7,69 per litre"
Stormtrooper Lightspeed Pilsner,"€ 5,19",England,3.23,Original Stormtrooper Beer,5%,Pilsner - Other,330ml,"€ 15,73 per litre"
Lervig No Worries Alkoholfrei,"€ 3,19",Norway,3.19,LERVIG,0.5%,Non-Alcoholic - IPA,330ml,"€ 9,67 per litre"
Lervig No Worries Pineapple Alkoholfrei,"€ 3,19",Norway,3.12,LERVIG,0.5%,Non-Alcoholic - IPA,330ml,"€ 9,67 per litre"
Kerel Dark IPA,"€ 3,60",Belgium,3.38,Siphon Brewing,6.6%,Porter - American,330ml,"€ 10,91 per litre"
St Bernardus Wit,"€ 3,50",Belgium,3.58,Brouwerij St.Bernardus,5.5%,Wheat Beer - Witbier / Blanche,330ml,"€ 10,61 per litre"
Gouden Carolus Whisky Infused,"€ 3,00",Belgium,4.00,Brouwerij Het Anker,11.7%,Belgian Strong Dark Ale,330ml,"€ 9,09 per litre"
Hommage (Season 19|20) Blend No. 12,"€ 33,00",Belgium,4.27,Brouwerij 3 Fonteinen,7.2%,Lambic - Framboise,Bottle 750ml,"€ 44,00 per litre"
Emissary,"€ 11,30",United States,4.19,Hudson Valley Brewery,6%,IPA - Sour,Can 473ml,"€ 23,89 per litre"
Poma Ranczo,"€ 3,30",Poland,3.42,Browar Dziki Wschód,5.5%,IPA - Other,Bottle 500ml,"€ 6,60 per litre"
Tropical Look,"€ 4,60",Poland,3.97,Browar Stu Mostów,7.5%,IPA - Imperial / Double New England / Hazy,Can 440ml,"€ 10,45 per litre"
Lucky Lumberjack,"€ 4,10",Poland,3.82,Browar Stu Mostów,6.3%,IPA - Other,Can 440ml,"€ 9,32 per litre"
Strawberry Delivery,"€ 4,60",Poland,3.72,Browar Stu Mostów,5.9%,IPA - Milkshake,Can 440ml,"€ 10,45 per litre"
Tripel LeFort,"€ 3,49",Belgium,3.72,Omer Vander Ghinste,8.8%,Belgian Tripel,330ml,"€ 10,58 per litre"
Blond,"€ 3,19",Belgium,?,Omer Vander Ghinste,8%,Blonde / Golden Ale - Other,330ml,"€ 9,67 per litre"
Czech Lager,"€ 3,25",Germany,3.38,Rügener Insel-Brauerei,5.6%,Pilsner - Czech / Bohemian,330ml,"€ 9,85 per litre"
Belgian Blond,"€ 3,25",Germany,3.37,Rügener Insel-Brauerei,6%,Belgian Blonde,330ml,"€ 9,85 per litre"
Austrian Märzen,"€ 3,25",Germany,3.37,Rügener Insel-Brauerei,5.6%,Märzen,330ml,"€ 9,85 per litre"
English Special Bitter,"€ 3,45",Germany,3.25,Rügener Insel-Brauerei,5.6%,Bitter - Extra Special / Strong (ESB),330ml,"€ 10,45 per litre"
HORAL Oude Geuze Megablend 2024,"€ 16,95",Belgium,3.93,Brouwerij Boon,7%,Lambic - Gueuze,Bottle 750ml,"€ 22,60 per litre"
MadX x Vault City The Funk Vault,"€ 11,95",Hungary,3.56,MadX,5%,Farmhouse Ale - Other,Bottle 375ml,"€ 31,87 per litre"
Tisiphone,"€ 9,99",England,4.07,Tartarus Beers,10.5%,Stout - Imperial / Double Coffee,Can 440ml,"€ 22,70 per litre"
Mr. Wonderful,"€ 25,95",Hungary,4.30,Mad Scientist,10.2%,Barleywine - American,500ml,"€ 51,90 per litre"
Valhalla Weizen,"€ 4,49",Netherlands,3.48,From The North Brewing Company,5.6%,Wheat Beer - Hefeweizen,500ml,"€ 8,98 per litre"
Summerfest,"€ 3,49",United States,3.49,Sierra Nevada Brewing Co.,5%,Pilsner - German,355ml,"€ 9,83 per litre"
East,"€ 7,29",Finland,3.92,CoolHead Brew,7%,IPA - New England / Hazy,Can 440ml,"€ 16,57 per litre"
Thirst Quencher,"€ 5,79",Finland,3.52,CoolHead Brew,2.2%,Shandy / Radler,Can 440ml,"€ 13,16 per litre"
Berliner Kriek - Munt (Cherry - Mint),"€ 3,62",Belgium,3.68,Brouwerij Alvinne,4%,Sour - Fruited Berliner Weisse,330ml,"€ 10,97 per litre"
Saison Dupont Cuvée Dry Hopping Styrian Wolf,"€ 2,75",Belgium,3.74,Brasserie Dupont,6.5%,Farmhouse Ale - Saison,330ml,"€ 8,33 per litre"
Tropical Ralphie Weizen,"€ 3,15",Netherlands,3.46,Two Chefs Brewing,5%,Wheat Beer - Hefeweizen,Can 330ml,"€ 9,55 per litre"
Pędzący Flaming,"€ 2,80",Poland,3.44,Miastolas,5.2%,Pilsner - Other,Bottle 500ml,"€ 5,60 per litre"
Malinowe,"€ 2,40",Poland,3.23,Browar Wielka Sowa,4%,Fruit Beer,Bottle 500ml,"€ 4,80 per litre"
"Smokey Head (Silver) - Cocoa Nibs, Coffe, Vanilla","€ 6,20",Poland,3.87,TankBusters.Co,9.6%,Porter - Smoked,500ml,"€ 12,40 per litre"
"Smokey Head (Gold) Smoked Plums, Cinnamon, Vanilla","€ 6,20",Poland,3.80,TankBusters.Co,9.6%,Porter - Smoked,500ml,"€ 12,40 per litre"
The Book of Hops Vol.6: Zamba - Citra,"€ 4,35",Poland,3.79,TankBusters.Co,6.1%,IPA - New England / Hazy,500ml,"€ 8,70 per litre"
7 Hop 7 Grain DDH IPA,"€ 2,98",Scotland,3.43,BRULO,6.1%,Non-Alcoholic - IPA,330ml,"€ 9,03 per litre"
Under A Black Sun,"€ 11,10",Romania,4.02,Strange Companion,12%,Stout - Imperial / Double,Bottle 375ml,"€ 29,60 per litre"
Spanish Lemon Lager,"€ 3,25",Germany,3.44,Rügener Insel-Brauerei,5.6%,Lager - Mexican,330ml,"€ 9,85 per litre"
Dutch Wit – Witbier,"€ 3,25",Germany,3.37,Rügener Insel-Brauerei,5.6%,Wheat Beer - Witbier / Blanche,330ml,"€ 9,85 per litre"
Deutsches Festbier,"€ 3,25",Germany,3.34,Rügener Insel-Brauerei,6%,Festbier,330ml,"€ 9,85 per litre"
French Season – Farmhouse Ale,"€ 3,25",Germany,3.32,Rügener Insel-Brauerei,5.6%,Farmhouse Ale - Saison,330ml,"€ 9,85 per litre"
Polski Porter,"€ 3,25",Germany,3.25,Rügener Insel-Brauerei,6%,Porter - Other,330ml,"€ 9,85 per litre"
Boerenerf: Charent'euse 2024,"€ 17,49",Belgium,4.25,Het Boerenerf Eylenbosch,7.7%,Lambic - Gueuze,Bottle 750ml,"€ 23,32 per litre"
Boerenerf: Lambic'ado 2024,"€ 17,49",Belgium,4.25,Het Boerenerf Eylenbosch,7%,Lambic - Other,Bottle 750ml,"€ 23,32 per litre"
Boerenerf: Framboos 2024,"€ 19,98",Belgium,4.16,Het Boerenerf Eylenbosch,6.6%,Lambic - Framboise,Bottle 750ml,"€ 26,64 per litre"
Boerenerf: Kriek 2023,"€ 6,98",Belgium,4.14,Het Boerenerf Eylenbosch,6.7%,Lambic - Kriek,Bottle 375ml,"€ 18,61 per litre"
Boerenerf: Fluweel 2024,"€ 19,98",Belgium,4.14,Het Boerenerf Eylenbosch,7%,Lambic - Other,Bottle 750ml,"€ 26,64 per litre"
Boerenerf: Rabarber 2024,"€ 17,49",Belgium,4.13,Het Boerenerf Eylenbosch,5.3%,Lambic - Fruit,Bottle 750ml,"€ 23,32 per litre"
Boerenerf: Kwee 2023,"€ 17,49",Belgium,4.10,Het Boerenerf Eylenbosch,7%,Lambic - Fruit,Bottle 750ml,"€ 23,32 per litre"
Boerenerf: Oude Geuze 2023,"€ 5,98",Belgium,4.09,Het Boerenerf Eylenbosch,7%,Lambic - Gueuze,Bottle 375ml,"€ 15,95 per litre"
Boerenerf: Oude Geuze 2023,"€ 11,99",Belgium,4.09,Het Boerenerf Eylenbosch,7%,Lambic - Gueuze,Bottle 750ml,"€ 15,99 per litre"
Boerenerf: Mirabelle 2024,"€ 17,49",Belgium,4.09,Het Boerenerf Eylenbosch,7.1%,Lambic - Fruit,Bottle 750ml,"€ 23,32 per litre"
Boerenerf: Gueuze Cuvée Heritage 2023,"€ 17,49",Belgium,4.07,Het Boerenerf Eylenbosch,6.7%,Lambic - Gueuze,Bottle 750ml,"€ 23,32 per litre"
Boerenerf: Oude Cider 2023,"€ 5,99",Belgium,3.88,Het Boerenerf Eylenbosch,6%,Cider - Dry,Bottle 375ml,"€ 15,97 per litre"
Kompaan Foreign Legion 2K23,"€ 39,95",Netherlands,4.01,KOMPAAN Dutch Craft Beer Company,11.6%,Belgian Quadrupel,330ml,"€ 121,06 per litre"
Kriek Brut,"€ 2,95",Belgium,3.69,Brouwerij Liefmans,6%,Fruit Beer,330ml,"€ 121,06 per litre"
Balcony Bonfire At Your Bnb,"€ 5,50",Netherlands,3.58,Uiltje Brewing Company,5%,IPA - White / Wheat,Can 440ml,"€ 12,50 per litre"
Eem Sympathy For The Hops,"€ 3,25",Netherlands,3.48,Brouwerij Eembier,8.5%,IPA - Other,330ml,"€ 9,85 per litre"
Red Shift,"€ 4,50",England,3.47,Original Stormtrooper Beer,5%,IPA - American,330ml,"€ 13,64 per litre"
Non-Alcoholic Second Date,"€ 3,25",Netherlands,3.32,Rock City Brewing,0.33%,Non-Alcoholic - IPA,330ml,"€ 9,85 per litre"
La Chouffe 0.4,"€ 2,95",Belgium,2.74,Brasserie d'Achouffe,0.4%,Non-Alcoholic - Other,330ml,"€ 8,94 per litre"
Cola,"€ 1,50",Belgium,2.74,Club-Mate,0.4%,Non-Alcoholic - Other,330ml,"€ 8,94 per litre"
Gelato XTREME: Raspberry Banana White Choc Shake,"€ 8,80",Poland,4.18,Funky Fluid,8%,Sour - Smoothie / Pastry,500ml,"€ 17,60 per litre"
"David: Triple Gelato: Papaya, White Guava & Mango","€ 7,10",Poland,4.11,Funky Fluid,8%,Sour - Smoothie / Pastry,500ml,"€ 14,20 per litre"
Royal Cookie: Mazurek,"€ 9,20",Poland,4.09,Funky Fluid,11%,Stout - Imperial / Double Pastry,500ml,"€ 18,40 per litre"
Barrel Aged Royal Cookie: Tompouce,"€ 14,70",Poland,3.90,Funky Fluid,13%,Stout - Imperial / Double Pastry,330ml,"€ 44,55 per litre"
Carles: Gelato: Sangria,"€ 6,10",Poland,3.88,Funky Fluid,5.5%,Sour - Smoothie / Pastry,500ml,"€ 12,20 per litre"
Zibi,"€ 5,10",Poland,3.76,Funky Fluid,6.5%,IPA - Other,500ml,"€ 10,20 per litre"
Perpetual Composition Blend No. 2,"€ 34,99",United States,4.24,Southern Grist Brewing Company,5.2%,Wild Ale - American,500ml,"€ 10,20 per litre"
Perpetual Composition Blend No. 3,"€ 34,99",United States,4.24,Southern Grist Brewing Company,5.2%,Wild Ale - American,,
Perpetual Composition Blend No.1,"€ 34,99",United States,4.24,Southern Grist Brewing Company,5.2%,Wild Ale - American,,
Rule of Thirds,"€ 11,49",United States,4.20,Southern Grist Brewing Company,10.1%,IPA - Triple New England / Hazy,,
[Insert Juicy Code] / Cerebral,"€ 10,99",United States,4.15,Southern Grist Brewing Company,8%,IPA - Imperial / Double,,
Perpetual Composition Blend No. 4,"€ 34,99",United States,4.14,Southern Grist Brewing Company,5.3%,Wild Ale - American,,
Passion Fruit Guava Hill,"€ 9,99",United States,4.14,Southern Grist Brewing Company,5.4%,Sour - Fruited,,
8th Anniversary DIPA,"€ 10,49",United States,4.04,Southern Grist Brewing Company,5.8%,Sour - Fruited,,
8th Anniversary Hill,"€ 10,69",United States,4.04,Southern Grist Brewing Company,5.8%,Sour - Fruited,,
Key Lime Pie Sour,"€ 9,99",United States,4.02,Southern Grist Brewing Company,5.8%,Sour - Smoothie / Pastry,,
"Bean There, Brown That","€ 7,99",United States,3.95,Southern Grist Brewing Company,5.4%,Brown Ale - American,,
Black Currant Mojito Spritzer,"€ 9,99",United States,3.89,Southern Grist Brewing Company,5%,Sour - Fruited,,
TEAL,"€ 8,99",United States,3.88,Southern Grist Brewing Company,5.8%,IPA - New England / Hazy,,
Ripple,"€ 9,69",United States,3.80,Southern Grist Brewing Company,5%,Pale Ale - New England / Hazy,,
Gamma Ray,"€ 3,90",England,3.72,Beavertown,5.4%,Pale Ale - American,330ml,"€ 11,82 per litre"
Kriek,"€ 2,50",Belgium,3.57,Brouwerij Lindemans,3.5%,Lambic - Kriek,Bottle 250ml,"€ 10,00 per litre"
Organicus,"€ 2,75",Belgium,3.54,Brasserie Lupulus,8.5%,Belgian Tripel,330ml,"€ 8,33 per litre"
Brutaal Blondje,"€ 3,30",Netherlands,3.39,Brouwerij BorrelNoot,6.8%,Blonde / Golden Ale - Other,330ml,"€ 10,00 per litre"
"Danish Berry Pudding ""Rødgrød Med Fløde"" Sour x Væskebalancen","€ 7,60",Scotland,4.00,Vault City Brewing,6.4%,Sour - Smoothie / Pastry,Can 440ml,"€ 17,27 per litre"
Framboos Oogst 2019 (Season 18|19) Blend No. 115,"€ 34,00",Belgium,4.16,Brouwerij 3 Fonteinen,5.5%,Lambic - Framboise,Bottle 750ml,"€ 45,33 per litre"
Muifel Vatgerijpt #13 Zuster Agatha Bourbon Blend BA,"€ 7,95",Netherlands,4.15,Muifelbrouwerij,11%,Belgian Strong Dark Ale,330ml,"€ 24,09 per litre"
Herkenrode Abbey Vesper,"€ 11,00",Belgium,3.55,Brouwerij Cornelissen,9%,Belgian Tripel,Bottle 750ml,"€ 14,67 per litre"
Europhoria,"€ 93,20",Denmark,3.60,To Øl,5.6%,IPA - New England / Hazy,24-pack,"Total price: € 93,20"
Berry Barrage,"€ 29,00",Denmark,3.33,To Øl,5.2%,Sour - Fruited,6-pack,"Total price: € 29,00"
Berry Barrage,"€ 103,00",Denmark,3.33,To Øl,5.2%,Sour - Fruited,24-pack,"Total price: € 103,00"
Berry Barrage,"€ 54,70",Denmark,3.33,To Øl,5.2%,Sour - Fruited,12-pack,"Total price: € 54,70"
Abbaye de Saint Bon Chien Grand Cru Sangiovese,"€ 18,50",Switzerland,4.28,Brasserie des Franches-Montagnes (BFM),11%,Sour - Other,Bottle 375ml,"€ 49,33 per litre"
Abbaye de Saint Bon Chien 2021,"€ 22,00",Switzerland,4.15,Brasserie des Franches-Montagnes (BFM),11%,Sour - Other,Bottle 750ml,"€ 29,33 per litre"
Abbaye de Saint Bon Chien Grand Cru Moustache White Port,"€ 18,50",Switzerland,4.10,Brasserie des Franches-Montagnes (BFM),11%,Sour - Other,Bottle 375ml,"€ 49,33 per litre"
Vinifera Pinot Noir 2022,"€ 26,00",France,4.16,Ammonite,6%,Sour - Other,Bottle 750ml,"€ 34,67 per litre"
Ramses Antenne Tripel,"€ 3,35",Netherlands,3.21,Ramses Bier,8.4%,Belgian Tripel,330ml,"€ 10,15 per litre"
V-IS,"€ 10,10",Romania,4.25,Blackout Brewing,11.5%,Stout - Imperial / Double,330ml,"€ 30,61 per litre"
Windvang,"€ 3,69",Netherlands,3.49,Brouwerij Solaes,8%,Belgian Tripel,330ml,"€ 30,61 per litre"
Kite,"€ 2,99",Netherlands,3.48,Brouwerij Solaes,3.8%,IPA - Session,330ml,"€ 30,61 per litre"
Zenne y Frontera blend no.50 (2018 vintage),"€ 66,40",Belgium,4.54,Brouwerij 3 Fonteinen,6.9%,Lambic - Traditional,Bottle 750ml,"€ 88,53 per litre"
Zenne y Frontera blend no.49 (2018 vintage),"€ 66,40",Belgium,4.53,Brouwerij 3 Fonteinen,7.1%,Lambic - Traditional,Bottle 750ml,"€ 88,53 per litre"
Zenne y Frontera blend no.92 (2019 vintage),"€ 66,40",Belgium,4.44,Brouwerij 3 Fonteinen,6.5%,Lambic - Gueuze,Bottle 750ml,"€ 88,53 per litre"
Zenne y Frontera blend no.94 (2019 vintage) (Subscriber Only),"€ 66,40",Belgium,4.41,Brouwerij 3 Fonteinen,6.8%,Lambic - Gueuze,Bottle 750ml,"€ 88,53 per litre"
Zenne y Frontera blend no.93 (2019 vintage) (Subscriber Only),"€ 66,40",Belgium,4.41,Brouwerij 3 Fonteinen,6.7%,Lambic - Gueuze,Bottle 750ml,"€ 88,53 per litre"
Duster Buster Imperial IPA,"€ 6,49",Germany,3.75,FrauGruber Brewing,8%,IPA - Imperial / Double New England / Hazy,Can 440ml,"€ 14,75 per litre"
Zoltan Linkwood BA,"€ 6,25",Netherlands,4.03,Van Moll,11%,Stout - Imperial / Double,330ml,"€ 18,94 per litre"
Monks,"€ 7,50",Netherlands,3.97,White Dog Brewery,8%,IPA - Imperial / Double New England / Hazy,Can 440ml,"€ 17,05 per litre"
Deeper Shade Of Hop,"€ 3,95",Netherlands,3.78,100 Watt Brewery,8.4%,IPA - Imperial / Double New England / Hazy,330ml,"€ 11,97 per litre"
De Molen Engels & Drop,"€ 3,95",Netherlands,3.64,Brouwerij de Molen,9%,Porter - Imperial / Double,330ml,"€ 11,97 per litre"
De Molen Sinaasappel & Limoen,"€ 3,90",Netherlands,3.35,Brouwerij de Molen,7.5%,Sour - Fruited Gose,330ml,"€ 11,82 per litre"
Very Chery,"€ 2,95",Netherlands,3.20,Jolie,4.5%,Fruit Beer,330ml,"€ 8,94 per litre"
Tilquin Oude Quetsche,"€ 7,62",Belgium,4.17,Gueuzerie Tilquin,6.4%,Lambic - Fruit,Bottle 375ml,"€ 20,32 per litre"
Tilquin Oude Gueuze Tilquin Cuvée Arthur,"€ 12,29",Belgium,4.15,Gueuzerie Tilquin,7%,Lambic - Gueuze,Bottle 750ml,"€ 16,39 per litre"
Tilquin Oude Pinot Meunier sur marc,"€ 12,20",Belgium,4.15,Gueuzerie Tilquin,7.9%,Lambic - Fruit,Bottle 750ml,"€ 16,27 per litre"
Tilquin Oude Airelle Sauvage,"€ 13,38",Belgium,4.15,Gueuzerie Tilquin,6.5%,Lambic - Fruit,Bottle 750ml,"€ 17,84 per litre"
Boerenerf Rabarber,"€ 14,46",Belgium,4.13,Het Boerenerf Eylenbosch,5.28%,Lambic - Fruit,Bottle 750ml,"€ 19,28 per litre"
Boerenerf Royal,"€ 14,46",Belgium,4.01,Het Boerenerf Eylenbosch,8%,Lambic - Other,Bottle 750ml,"€ 19,28 per litre"
Tilquin Sureau Rullquin,"€ 11,95",Belgium,3.94,Gueuzerie Tilquin,7.3%,Sour - Other,Bottle 750ml,"€ 15,93 per litre"
Hacker Pschorr Munich Gold Can,"€ 3,80",Germany,3.52,Hacker-Pschorr,5.5%,Lager - Dortmunder / Export,500ml,"€ 7,60 per litre"
1357 Dubbel,"€ 3,59",Netherlands,3.49,Muifelbrouwerij,8%,Belgian Dubbel,500ml,"€ 7,60 per litre"
"Fruit, Car, Sight, Exhibition","€ 7,15",England,4.26,Verdant Brewing Co,8%,IPA - Imperial / Double New England / Hazy,Can 440ml,"€ 16,25 per litre"
Super Soaker,"€ 6,75",Germany,3.93,FrauGruber Brewing,9.9%,IPA - Triple New England / Hazy,Can 440ml,"€ 15,34 per litre"
Cloud Atlas,"€ 6,75",Germany,3.82,FrauGruber Brewing,10%,IPA - Triple New England / Hazy,Can 440ml,"€ 15,34 per litre"
HORDE // HAZY IPA,"€ 5,99",England,3.80,Northern Monk,7%,IPA - New England / Hazy,Can 440ml,"€ 13,61 per litre"
Suburban Destiny,"€ 6,29",Germany,3.77,FrauGruber Brewing,8.4%,IPA - Imperial / Double New England / Hazy,Can 440ml,"€ 14,30 per litre"
Dear Stardust,"€ 5,99",Germany,3.75,FrauGruber Brewing,6.8%,IPA - New England / Hazy,Can 440ml,"€ 13,61 per litre"
Aecht Schlenkerla Hell,"€ 1,90",Germany,3.48,"Schlenkerla (""Heller-Bräu"" Trum)",4.3%,Lager - Helles,500ml,"€ 3,80 per litre"
Aecht Schlenkerla Hell,"€ 39,90",Germany,3.48,"Schlenkerla (""Heller-Bräu"" Trum)",4.3%,Lager - Helles,24-pack,"Total price: € 39,90"
Triage – 42 Months Barrel Aged imperial Stout,"€ 13,95",Germany,3.98,Atelier der Braukünste,10.6%,Stout - Imperial / Double,Can 440ml,"€ 31,70 per litre"
vin santo sour,"€ 22,95",Norway,4.01,LERVIG,9.5%,Wild Ale - Other,Bottle 750ml,"€ 30,60 per litre"
Kloosterbier Dubbelblond,"€ 3,15",Netherlands,3.45,Brouwerij Kleiburg,7.3%,Belgian Strong Golden Ale,330ml,"€ 9,55 per litre"
Anderson's Irish Red Ale,"€ 3,60",Ireland,3.36,Lough Gill Brewery,4%,Red Ale - Irish,Can 440ml,"€ 8,18 per litre"
Tingling Tilly  Summer Blond,"€ 3,90",Netherlands,3.10,Waterland Brewery,6%,Spiced / Herbed Beer,Can 330ml,"€ 11,82 per litre"
Pastry Train White Lady,"€ 4,65",Netherlands,3.90,Brouwerij Kees,12%,Stout - Imperial / Double Pastry,330ml,"€ 14,09 per litre"
Smoothie Sour Apricot & Coconut,"€ 5,60",Netherlands,3.62,Brouwerij Kees,4.9%,Sour - Smoothie / Pastry,Can 440ml,"€ 12,73 per litre"
Ferme Snaak – Fruited White Ale,"€ 4,10",Netherlands,3.49,Floem,5%,Wheat Beer - American Pale Wheat,Can 330ml,"€ 12,42 per litre"
Zundert 8,"€ 2,75",Netherlands,3.65,Trappistenbrouwerij de Kievit B.V.,8%,Belgian Tripel,330ml,"€ 8,33 per litre"
Van Honsebrouck Brigand,"€ 2,40",Belgium,3.50,Kasteel Brouwerij Vanhonsebrouck,9%,Belgian Strong Golden Ale,330ml,"€ 7,27 per litre"
Pêche Mel Bush,"€ 3,09",Belgium,3.43,Brasserie Dubuisson,8.5%,Fruit Beer,330ml,"€ 9,36 per litre"
Oranje Leeuwen,"€ 3,57",Netherlands,3.40,Mister Hop,10%,Blonde / Golden Ale - Other,330ml,"€ 10,82 per litre"
Pokerface,"€ 2,25",Belgium,3.37,Brouwerij Het Nest,5.5%,Wheat Beer - Witbier / Blanche,330ml,"€ 6,82 per litre"
HertenHeer,"€ 2,40",Belgium,3.24,Brouwerij Het Nest,4.8%,Belgian Blonde,330ml,"€ 7,27 per litre"
BA Beluga Glen Moray/Aultmore,"€ 7,60",Netherlands,3.96,De Kromme Haring,11%,Stout - Russian Imperial,330ml,"€ 23,03 per litre"
Year of the Dragon  Single Hop Ipa,"€ 5,60",Netherlands,3.65,Brouwerij Kees,5.8%,IPA - American,Can 440ml,"€ 12,73 per litre"
Flinta Feest – Stripdagen Haarlem 2024,"€ 10,95",Netherlands,3.54,Jopen,6.5%,Belgian Blonde,Bottle 750ml,"€ 14,60 per litre"
Zoltan Linkwood Barrel Aged,"€ 6,00",Netherlands,4.03,Van Moll,11%,Stout - Imperial / Double,330ml,"€ 18,18 per litre"
Double Dippy Doo DIPA,"€ 7,60",Denmark,4.03,Dry & Bitter Brewing Company,7.5%,IPA - Imperial / Double New England / Hazy,Can 440ml,"€ 17,27 per litre"
Proprietor's Bourbon County Brand Stout 2022,"€ 99,99",United States,4.35,Goose Island Beer Co.,13.4%,Stout - Imperial / Double,500ml,"€ 199,98 per litre"
DRAGON COLADA,"€ 5,39",Netherlands,4.01,Brouwerij LOST,6%,Sour - Smoothie / Pastry,500ml,"€ 10,78 per litre"
OVERDRIVE,"€ 4,99",Netherlands,3.95,Brouwerij LOST,7.1%,IPA - New England / Hazy,500ml,"€ 9,98 per litre"
Shaky Bones 2024,"€ 4,99",Netherlands,3.82,Rock City Brewing,7%,IPA - New England / Hazy,Can 440ml,"€ 11,34 per litre"
IPA,"€ 45,33",United States,3.75,Stone Brewing,6.9%,IPA - American,24-pack,"Total price: € 45,33"
IPA,"€ 49,03",United States,3.75,Stone Brewing,6.9%,IPA - American,24-pack,"Total price: € 49,03"
IPA,"€ 51,62",United States,3.75,Stone Brewing,6.9%,IPA - American,24-pack,"Total price: € 51,62"
Hazy IPA,"€ 45,61",United States,3.72,Stone Brewing,6.7%,IPA - New England / Hazy,24-pack,"Total price: € 45,61"
Hazy IPA,"€ 49,31",United States,3.72,Stone Brewing,6.7%,IPA - New England / Hazy,24-pack,"Total price: € 49,31"
Hazy IPA,"€ 51,22",United States,3.72,Stone Brewing,6.7%,IPA - New England / Hazy,24-pack,"Total price: € 51,22"
Dr. Raptor,"€ 58,53",Netherlands,3.68,Uiltje Brewing Company,8.2%,IPA - Imperial / Double,24-pack,"Total price: € 58,53"
Dr. Raptor,"€ 61,88",Netherlands,3.68,Uiltje Brewing Company,8.2%,IPA - Imperial / Double,24-pack,"Total price: € 61,88"
Dr. Raptor,"€ 64,83",Netherlands,3.68,Uiltje Brewing Company,8.2%,IPA - Imperial / Double,24-pack,"Total price: € 64,83"
Juicy Lucy,"€ 46,75",Netherlands,3.64,Uiltje Brewing Company,5.5%,IPA - New England / Hazy,24-pack,"Total price: € 46,75"
Juicy Lucy,"€ 50,55",Netherlands,3.64,Uiltje Brewing Company,5.5%,IPA - New England / Hazy,24-pack,"Total price: € 50,55"
Juicy Lucy,"€ 52,76",Netherlands,3.64,Uiltje Brewing Company,5.5%,IPA - New England / Hazy,24-pack,"Total price: € 52,76"
Bird of Prey,"€ 47,45",Netherlands,3.60,Uiltje Brewing Company,5.8%,IPA - American,24-pack,"Total price: € 47,45"
Bird of Prey,"€ 53,45",Netherlands,3.60,Uiltje Brewing Company,5.8%,IPA - American,24-pack,"Total price: € 53,45"
Neverending Haze IPA,"€ 44,67",United States,3.59,Stone Brewing,4%,IPA - Session,24-pack,"Total price: € 44,67"
Neverending Haze IPA,"€ 49,03",United States,3.59,Stone Brewing,4%,IPA - Session,24-pack,"Total price: € 49,03"
Neverending Haze IPA,"€ 51,10",United States,3.59,Stone Brewing,4%,IPA - Session,24-pack,"Total price: € 51,10"
Wit,"€ 46,47",Netherlands,3.50,Uiltje Brewing Company,6%,Wheat Beer - Witbier / Blanche,24-pack,"Total price: € 46,47"
Wit,"€ 50,65",Netherlands,3.50,Uiltje Brewing Company,6%,Wheat Beer - Witbier / Blanche,24-pack,"Total price: € 50,65"
Wit,"€ 52,48",Netherlands,3.50,Uiltje Brewing Company,6%,Wheat Beer - Witbier / Blanche,24-pack,"Total price: € 52,48"
Blond,"€ 46,47",Netherlands,3.50,Uiltje Brewing Company,6%,Blonde / Golden Ale - Other,24-pack,"Total price: € 46,47"
Blond,"€ 50,65",Netherlands,3.50,Uiltje Brewing Company,6%,Blonde / Golden Ale - Other,24-pack,"Total price: € 50,65"
Blond,"€ 52,76",Netherlands,3.50,Uiltje Brewing Company,6%,Blonde / Golden Ale - Other,24-pack,"Total price: € 52,76"
Buenaveza,"€ 45,07",United States,3.40,Stone Brewing,4.7%,Lager - Mexican,24-pack,"Total price: € 45,07"
Buenaveza,"€ 48,55",United States,3.40,Stone Brewing,4.7%,Lager - Mexican,24-pack,"Total price: € 48,55"
Buenaveza,"€ 50,81",United States,3.40,Stone Brewing,4.7%,Lager - Mexican,24-pack,"Total price: € 50,81"
Bird of Prey,"€ 44,54",Netherlands,3.30,Uiltje Brewing Company,0.2%,Non-Alcoholic - IPA,24-pack,"Total price: € 44,54"
Bird of Prey,"€ 48,46",Netherlands,3.30,Uiltje Brewing Company,0.2%,Non-Alcoholic - IPA,24-pack,"Total price: € 48,46"
Bird of Prey,"€ 50,62",Netherlands,3.30,Uiltje Brewing Company,0.2%,Non-Alcoholic - IPA,24-pack,"Total price: € 50,62"
Cold Gold,"€ 26,67",Ethiopia,3.09,Habesha Breweries,5%,Lager - Pale,24-pack,"Total price: € 26,67"
Cold Gold,"€ 30,75",Ethiopia,3.09,Habesha Breweries,5%,Lager - Pale,24-pack,"Total price: € 30,75"
Cold Gold,"€ 32,85",Ethiopia,3.09,Habesha Breweries,5%,Lager - Pale,24-pack,"Total price: € 32,85"
White Haze Hazy IPA,"€ 3,69",Ireland,3.58,O'Hara's Brewery,5%,IPA - New England / Hazy,330ml,"€ 11,18 per litre"
51st State IPA,"€ 3,49",Ireland,3.51,O'Hara's Brewery,6%,IPA - New England / Hazy,330ml,"€ 10,58 per litre"
Schwarze Rose x Baxbier Radio Silence Fruited DIPA with Peach & Apricot,"€ 6,79",Germany,3.66,Schwarze Rose,8%,IPA - Imperial / Double New England / Hazy,Can 440ml,"€ 15,43 per litre"
Wagner Lagerbier ungespundet,"€ 1,90",Germany,3.36,Brauerei Wagner Merkendorf,5.3%,Kellerbier / Zwickelbier,500ml,"€ 3,80 per litre"
Little Smuling Session IPA,"€ 2,95",Netherlands,3.34,Brouwerij Poesiat & Kater,3.1%,IPA - Session,Can 330ml,"€ 8,94 per litre"
It's Been Awhile,"€ 5,85",Germany,4.03,FUERST WIACEK,6.8%,IPA - New England / Hazy,Can 440ml,"€ 13,30 per litre"
Coco Chango,"€ 6,35",Spain,3.89,Basqueland Brewing,11%,Stout - Other,Can 440ml,"€ 14,43 per litre"
Palms (2024),"€ 5,99",Germany,3.89,FUERST WIACEK,6.8%,IPA - Other,Can 440ml,"€ 13,61 per litre"
Crab Hands (2024),"€ 6,29",Germany,4.12,FUERST WIACEK,8%,IPA - Imperial / Double New England / Hazy,Can 440ml,"€ 14,30 per litre"
Congruity: Premier Cru 2022 - SHOP ONLY,"€ 37,80",Denmark,4.25,Insight Cellars,7.4%,Wild Ale - Other,Bottle 750ml,"€ 50,40 per litre"
Shattered Dream Nitro,"€ 5,80",England,4.20,Siren Craft Brew,5.7%,Stout - Imperial / Double Milk,Can 440ml,"€ 13,18 per litre"
Congruity: Moscatel 2022 - SHOP ONLY,"€ 37,80",Denmark,4.20,Insight Cellars,8.3%,Wild Ale - Other,Bottle 750ml,"€ 50,40 per litre"
Black Mirror,"€ 5,90",England,4.03,Siren Craft Brew,5.7%,Stout - Imperial / Double Pastry,Can 440ml,"€ 13,41 per litre"
A Saison Apparent,"€ 18,50",Canada,4.01,Trial & Ale Brewing Company,7.4%,Wild Ale - Other,Bottle 750ml,"€ 24,67 per litre"
Broken Dream - NITRO,"€ 2,40",England,3.87,Siren Craft Brew,6.5%,Stout - Oatmeal,2018ml,"€ 1,19 per litre"
On The Threshold of A Dream,"€ 62,99",United States,4.36,Perennial Artisan Ales,13.8%,Stout - Imperial / Double Pastry,Bottle 750ml,"€ 83,99 per litre"
Below Sea Level,"€ 9,89",United States,4.24,Vitamin Sea Brewing,8%,IPA - Imperial / Double New England / Hazy,473ml,"€ 20,91 per litre"
SIPS: Pineapple Riesling,"€ 6,99",United States,3.87,Parish Brewing Co.,5%,Sour - Fruited Berliner Weisse,473ml,"€ 20,91 per litre"
La Corvée (2023),"€ 279,99",Belgium,4.22,Brasserie Cantillon,6.5%,Lambic - Fruit,473ml,"€ 20,91 per litre"
Alto Body Experience,"€ 9,29",United States,4.20,Hoof Hearted Brewing,8%,IPA - Imperial / Double New England / Hazy,473ml,"€ 19,64 per litre"
Zeeuwse Bierselectie Zeeuws Buukschuuvertje,"€ 2,99",Netherlands,3.50,Brouwerij 't Meuleneind,12.5%,Belgian Quadrupel,473ml,"€ 19,64 per litre"
Tripel Karmeliet 33cl,"€ 5,10",Belgium,3.99,Brouwerij Bosteels,8.4%,Belgian Tripel,330ml,"€ 15,45 per litre"
Oberon Dry Hopped Wild Ale,"€ 9,70",Denmark,3.87,Observatoriet,6.5%,Wild Ale - Other,Bottle 375ml,"€ 25,87 per litre"
"Peter, Pale & Mary Gluten Free Pale Ale","€ 4,30",Denmark,3.38,Mikkeller,4.6%,Gluten-Free,330ml,"€ 13,03 per litre"
Neu Pilsner,"€ 6,10",Denmark,3.36,Bad Seed Brewing,5%,Pilsner - German,Can 440ml,"€ 13,86 per litre"
Laia,"€ 15,60",Spain,3.80,Basqueland Brewing,7.6%,Farmhouse Ale - Saison,Bottle 750ml,"€ 20,80 per litre"
Fugu,"€ 5,70",Spain,3.53,Basqueland Brewing,5%,Lager - Japanese Rice,Can 440ml,"€ 12,95 per litre"
DBDB,"€ 39,99",United States,4.46,Forager Brewery,13%,Scottish Ale,187ml,"€ 213,85 per litre"
Taking Flight,"€ 39,99",United States,4.41,Forager Brewery,15.2%,Barleywine - American,187ml,"€ 213,85 per litre"
Bistro Pineapple Banana Cream Pie,"€ 9,99",United States,4.32,Energy City Brewing,6.5%,Sour - Fruited Berliner Weisse,187ml,"€ 213,85 per litre"
BA Blueberry Drip (2023),"€ 28,99",United States,4.31,Finback Brewery,13.1%,Stout - Pastry,500ml,"€ 57,98 per litre"
Pudding Goggles,"€ 39,99",United States,4.30,Forager Brewery,10.3%,Porter - Imperial / Double,Bottle 750ml,"€ 53,32 per litre"
Equivalent Dose (2023),"€ 29,99",United States,4.27,Bottle Logic Brewing,11%,Stout - Imperial / Double,Bottle 750ml,"€ 53,32 per litre"
Changing Gears (2023),"€ 29,99",United States,4.26,Bottle Logic Brewing,12.9%,Stout - Imperial / Double Pastry,500ml,"€ 59,98 per litre"
BA Marshmallow Drip (2023),"€ 28,99",United States,4.23,Finback Brewery,13.1%,Stout - Pastry,500ml,"€ 57,98 per litre"
BA Banana Drip (2023),"€ 28,99",United States,4.22,Finback Brewery,13.1%,Stout - Imperial / Double Pastry,500ml,"€ 57,98 per litre"
Technical Challenge (2021),"€ 29,99",United States,4.22,Bottle Logic Brewing,3.77%,Stout - Imperial / Double Pastry,500ml,"€ 59,98 per litre"
Finite Universe (2023),"€ 36,99",United States,4.21,Bottle Logic Brewing,3.77%,Stout - Imperial / Double Pastry,500ml,"€ 73,98 per litre"
Pensieve,"€ 39,99",United States,4.21,Forager Brewery,13%,Old / Stock Ale,187ml,"€ 213,85 per litre"
Stashmere,"€ 9,89",Canada,4.17,Badlands Brewing Company,6.5%,IPA - American,,
Into the Glow,"€ 10,49",Canada,4.15,Badlands Brewing Company,8.2%,IPA - Imperial / Double,,
Sako Oude Gueuze Adelaar 2024,"€ 7,61",Belgium,3.77,Brouwerij-Stokerij Sako,6.5%,Lambic - Gueuze,Bottle 375ml,"€ 20,29 per litre"
Sako Adelaar Kriek 2024,"€ 9,17",Belgium,3.76,Brouwerij-Stokerij Sako,6.5%,Lambic - Kriek,Bottle 375ml,"€ 24,45 per litre"
IPA,"€ 47,90",United States,3.75,Stone Brewing,6.9%,IPA - American,24-pack,"Total price: € 47,90"
IPA,"€ 51,46",United States,3.75,Stone Brewing,6.9%,IPA - American,24-pack,"Total price: € 51,46"
IPA,"€ 52,98",United States,3.75,Stone Brewing,6.9%,IPA - American,24-pack,"Total price: € 52,98"
Hazy IPA,"€ 47,21",United States,3.72,Stone Brewing,6.7%,IPA - New England / Hazy,24-pack,"Total price: € 47,21"
Hazy IPA,"€ 58,94",United States,3.72,Stone Brewing,6.7%,IPA - New England / Hazy,24-pack,"Total price: € 58,94"
Hazy IPA,"€ 58,93",United States,3.72,Stone Brewing,6.7%,IPA - New England / Hazy,24-pack,"Total price: € 58,93"
Dr. Raptor,"€ 69,97",Netherlands,3.68,Uiltje Brewing Company,8.2%,IPA - Imperial / Double,24-pack,"Total price: € 69,97"
Dr. Raptor,"€ 60,52",Netherlands,3.68,Uiltje Brewing Company,8.2%,IPA - Imperial / Double,24-pack,"Total price: € 60,52"
Dr. Raptor,"€ 82,83",Netherlands,3.68,Uiltje Brewing Company,8.2%,IPA - Imperial / Double,24-pack,"Total price: € 82,83"
Dr. Raptor,"€ 73,23",Netherlands,3.68,Uiltje Brewing Company,8.2%,IPA - Imperial / Double,24-pack,"Total price: € 73,23"
Juicy Lucy,"€ 56,45",Netherlands,3.64,Uiltje Brewing Company,5.5%,IPA - New England / Hazy,24-pack,"Total price: € 56,45"
Juicy Lucy,"€ 49,46",Netherlands,3.64,Uiltje Brewing Company,5.5%,IPA - New England / Hazy,24-pack,"Total price: € 49,46"
Juicy Lucy,"€ 58,68",Netherlands,3.64,Uiltje Brewing Company,5.5%,IPA - New England / Hazy,24-pack,"Total price: € 58,68"
Juicy Lucy,"€ 59,37",Netherlands,3.64,Uiltje Brewing Company,5.5%,IPA - New England / Hazy,24-pack,"Total price: € 59,37"
Bird of Prey,"€ 58,07",Netherlands,3.60,Uiltje Brewing Company,5.8%,IPA - American,24-pack,"Total price: € 58,07"
Bird of Prey,"€ 50,44",Netherlands,3.60,Uiltje Brewing Company,5.8%,IPA - American,24-pack,"Total price: € 50,44"
Bird of Prey,"€ 60,37",Netherlands,3.60,Uiltje Brewing Company,5.8%,IPA - American,24-pack,"Total price: € 60,37"
Bird of Prey,"€ 60,08",Netherlands,3.60,Uiltje Brewing Company,5.8%,IPA - American,24-pack,"Total price: € 60,08"
Neverending Haze IPA,"€ 47,78",United States,3.59,Stone Brewing,4%,IPA - Session,24-pack,"Total price: € 47,78"
Neverending Haze IPA,"€ 55,89",United States,3.59,Stone Brewing,4%,IPA - Session,24-pack,"Total price: € 55,89"
Neverending Haze IPA,"€ 56,26",United States,3.59,Stone Brewing,4%,IPA - Session,24-pack,"Total price: € 56,26"
Wit,"€ 57,12",Netherlands,3.50,Uiltje Brewing Company,6%,Wheat Beer - Witbier / Blanche,24-pack,"Total price: € 57,12"
Wit,"€ 48,48",Netherlands,3.50,Uiltje Brewing Company,6%,Wheat Beer - Witbier / Blanche,24-pack,"Total price: € 48,48"
Wit,"€ 59,10",Netherlands,3.50,Uiltje Brewing Company,6%,Wheat Beer - Witbier / Blanche,24-pack,"Total price: € 59,10"
Wit,"€ 59,79",Netherlands,3.50,Uiltje Brewing Company,6%,Wheat Beer - Witbier / Blanche,24-pack,"Total price: € 59,79"
Blond,"€ 57,12",Netherlands,3.50,Uiltje Brewing Company,6%,Blonde / Golden Ale - Other,24-pack,"Total price: € 57,12"
Blond,"€ 49,46",Netherlands,3.50,Uiltje Brewing Company,6%,Blonde / Golden Ale - Other,24-pack,"Total price: € 49,46"
Blond,"€ 59,10",Netherlands,3.50,Uiltje Brewing Company,6%,Blonde / Golden Ale - Other,24-pack,"Total price: € 59,10"
Blond,"€ 59,79",Netherlands,3.50,Uiltje Brewing Company,6%,Blonde / Golden Ale - Other,24-pack,"Total price: € 59,79"
Buenaveza,"€ 47,49",United States,3.40,Stone Brewing,4.7%,Lager - Mexican,24-pack,"Total price: € 47,49"
Buenaveza,"€ 57,00",United States,3.40,Stone Brewing,4.7%,Lager - Mexican,24-pack,"Total price: € 57,00"
Buenaveza,"€ 56,68",United States,3.40,Stone Brewing,4.7%,Lager - Mexican,24-pack,"Total price: € 56,68"
Bird of Prey,"€ 50,36",Netherlands,3.30,Uiltje Brewing Company,0.2%,Non-Alcoholic - IPA,24-pack,"Total price: € 50,36"
Bird of Prey,"€ 47,11",Netherlands,3.30,Uiltje Brewing Company,0.2%,Non-Alcoholic - IPA,24-pack,"Total price: € 47,11"
Bird of Prey,"€ 59,15",Netherlands,3.30,Uiltje Brewing Company,0.2%,Non-Alcoholic - IPA,24-pack,"Total price: € 59,15"
Bird of Prey,"€ 52,46",Netherlands,3.30,Uiltje Brewing Company,0.2%,Non-Alcoholic - IPA,24-pack,"Total price: € 52,46"
Cold Gold,"€ 36,69",Ethiopia,3.09,Habesha Breweries,5%,Lager - Pale,24-pack,"Total price: € 36,69"
Cold Gold,"€ 29,38",Ethiopia,3.09,Habesha Breweries,5%,Lager - Pale,24-pack,"Total price: € 29,38"
Cold Gold,"€ 37,62",Ethiopia,3.09,Habesha Breweries,5%,Lager - Pale,24-pack,"Total price: € 37,62"
Cold Gold,"€ 38,83",Ethiopia,3.09,Habesha Breweries,5%,Lager - Pale,24-pack,"Total price: € 38,83"
Kasteelbier - Rouge 25cl Can,"€ 3,80",Belgium,3.58,Kasteel Brouwerij Vanhonsebrouck,8%,Fruit Beer,Bottle 250ml,"€ 15,20 per litre"
D'Achouffe La Chouffe,"€ 2,25",Belgium,3.82,Brasserie d'Achouffe,8%,Belgian Strong Golden Ale,330ml,"€ 6,82 per litre"
Weihenstephaner Hefeweissbier,"€ 2,30",Germany,3.78,Bayerische Staatsbrauerei Weihenstephan,5.4%,Wheat Beer - Hefeweizen,500ml,"€ 4,60 per litre"
Schelde Hop Ruiter,"€ 3,10",Belgium,3.61,Scheldebrouwerij,8%,Belgian Tripel,330ml,"€ 9,39 per litre"
Ename Blond,"€ 2,45",Belgium,3.45,Brouwerij Roman,6.5%,Belgian Blonde,330ml,"€ 7,42 per litre"
Kerel Kaishaku,"€ 4,60",Belgium,3.38,Siphon Brewing,15%,Porter - American,330ml,"€ 13,94 per litre"
Trappistes Rochefort 10,"€ 3,90",Belgium,4.05,Abbaye Notre-Dame de Saint-Rémy,11.3%,Belgian Quadrupel,330ml,"€ 11,82 per litre"
Trappistes Rochefort Triple Extra,"€ 3,20",Belgium,3.76,Abbaye Notre-Dame de Saint-Rémy,8.1%,Belgian Tripel,330ml,"€ 9,70 per litre"
Trappistes Rochefort 6,"€ 2,90",Belgium,3.71,Abbaye Notre-Dame de Saint-Rémy,7.5%,Belgian Dubbel,330ml,"€ 8,79 per litre"
Nieuw Leven,"€ 3,40",Netherlands,3.34,Hert Bier,5.3%,Wheat Beer - Hefeweizen,330ml,"€ 10,30 per litre"
Welde IPA,"€ 2,59",Germany,3.40,Welde Braumanufaktur,6.7%,IPA - English,330ml,"€ 7,85 per litre"
Welde Pale Ale,"€ 2,29",Germany,3.37,Welde Braumanufaktur,4.8%,Pale Ale - American,330ml,"€ 6,94 per litre"
Super Soaker,"€ 5,99",Germany,3.93,FrauGruber Brewing,9.9%,IPA - Triple New England / Hazy,Can 440ml,"€ 13,61 per litre"
Year of the Dragon,"€ 4,99",Netherlands,3.65,Brouwerij Kees,5.8%,IPA - American,Can 440ml,"€ 11,34 per litre"
Smoothie Series #1,"€ 9,99",United States,4.06,Prison Pals Brewing Co,5%,Sour - Smoothie / Pastry,Can 440ml,"€ 11,34 per litre"
Nelson,"€ 8,99",United States,3.96,Prison Pals Brewing Co,7%,IPA - New England / Hazy,Can 440ml,"€ 11,34 per litre"
Annoying Orange,"€ 9,99",United States,3.87,Prison Pals Brewing Co,5%,Sour - Smoothie / Pastry,,
Queen,"€ 8,99",United States,3.87,Prison Pals Brewing Co,6.2%,IPA - New England / Hazy,,
Desire,"€ 9,99",United States,3.85,Prison Pals Brewing Co,4.5%,Sour - Smoothie / Pastry,,
Hakuna Matata,"€ 7,49",United States,3.80,Prison Pals Brewing Co,6.2%,IPA - New England / Hazy,,
King,"€ 7,69",United States,3.75,Prison Pals Brewing Co,6.3%,IPA - American,,
Bersalis Tripel Oak Aged,"€ 8,99",Belgium,3.68,Oud Beersel,10.5%,Sour - Other,,
GOAT 10,"€ 6,99",United States,3.68,Prison Pals Brewing Co,6%,IPA - American,,
Stout,"€ 4,49",United States,3.68,Prison Pals Brewing Co,5.5%,Stout - Milk / Sweet,,
Mango Nº5,"€ 7,69",United States,3.66,Prison Pals Brewing Co,4%,Wheat Beer - Other,,
La Colorada,"€ 4,69",United States,3.59,Prison Pals Brewing Co,5%,Lager - Polotmavé (Czech Amber),,
La Dorada,"€ 4,99",United States,3.56,Prison Pals Brewing Co,5%,Blonde / Golden Ale - Other,,
Verano,"€ 4,99",United States,3.44,Prison Pals Brewing Co,4.5%,Lager - American,,
Brewer's Reserve Bourbon Barrel Barleywine,"€ 11,99",United States,4.13,Central Waters Brewing Company,13.5%,Barleywine - American,355ml,"€ 33,77 per litre"
Brewer's Reserve Bourbon Barrel Barleywine,"€ 10,99",United States,4.13,Central Waters Brewing Company,13.5%,Barleywine - American,355ml,"€ 30,96 per litre"
Brewer's Reserve Bourbon Barrel Barleywine,"€ 9,99",United States,4.13,Central Waters Brewing Company,13.5%,Barleywine - American,355ml,"€ 28,14 per litre"
Brewer's Reserve Bourbon Barrel Barleywine,"€ 9,99",United States,4.13,Central Waters Brewing Company,13.5%,Barleywine - American,355ml,"€ 28,14 per litre"
The Drowned Lands Cabin Fever,"€ 9,79",United States,3.99,The Drowned Lands Brewery,10%,Barleywine - American,473ml,"€ 20,70 per litre"
Cloudwater x Beak Going Along As We Make It Up,"€ 13,20",England,3.99,Cloudwater Brew Co.,6.6%,Wild Ale - Other,Bottle 375ml,"€ 35,20 per litre"
Pastore Citra Waterbeach Weisse,"€ 6,30",England,3.86,Pastore Brewing and Blending,3.4%,Sour - Berliner Weisse,Can 440ml,"€ 14,32 per litre"
Quiet Pleasures,"€ 6,60",Wales,3.86,Polly's Brew Co.,6.1%,IPA - New England / Hazy,Can 440ml,"€ 15,00 per litre"
Pastore Raspberry & Strawberry Waterbeach Weisse,"€ 6,30",England,3.85,Pastore Brewing and Blending,3.4%,Sour - Fruited Berliner Weisse,Can 440ml,"€ 14,32 per litre"
Pastore Wild Waterbeach Weisse Batch 4,"€ 7,20",England,3.81,Pastore Brewing and Blending,3.8%,Sour - Berliner Weisse,Bottle 375ml,"€ 19,20 per litre"
Green Godfather IPA,"€ 7,40",Denmark,3.79,Bad Seed Brewing,6.8%,IPA - American,Can 440ml,"€ 16,82 per litre"
Oak Aged Batch 21,"€ 37,99",Netherlands,4.35,Bierbrouwerij De Koningshoeven,11%,Belgian Quadrupel,Bottle 375ml,"€ 101,31 per litre"
Oak Aged Batch 18,"€ 42,99",Netherlands,4.24,Bierbrouwerij De Koningshoeven,10%,Belgian Quadrupel,Bottle 375ml,"€ 114,64 per litre"
Oak Aged Batch 20,"€ 52,99",Netherlands,4.24,Bierbrouwerij De Koningshoeven,11%,Belgian Quadrupel,Bottle 375ml,"€ 141,31 per litre"
Oak Aged Batch 17,"€ 42,99",Netherlands,4.22,Bierbrouwerij De Koningshoeven,10%,Belgian Quadrupel,Bottle 375ml,"€ 114,64 per litre"
Oak Aged Batch 14,"€ 54,99",Netherlands,4.29,Bierbrouwerij De Koningshoeven,10%,Belgian Quadrupel,Bottle 375ml,"€ 146,64 per litre"
Oak Aged Batch 16,"€ 42,99",Netherlands,4.26,Bierbrouwerij De Koningshoeven,10%,Belgian Quadrupel,Bottle 375ml,"€ 114,64 per litre"
Oak Aged Batch 15,"€ 54,99",Netherlands,4.26,Bierbrouwerij De Koningshoeven,10%,Belgian Quadrupel,Bottle 375ml,"€ 146,64 per litre"
Curmudgeon's Better Half (Old Ale),"€ 19,99",United States,4.12,Founders Brewing Co.,12.7%,Old / Stock Ale,Bottle 750ml,"€ 26,65 per litre"
Oak Aged Batch 12,"€ 59,99",Netherlands,4.18,Bierbrouwerij De Koningshoeven,10%,Belgian Quadrupel,Bottle 375ml,"€ 159,97 per litre"
Santa's Little Helper 2012: BA Grand Marnier,"€ 5,00",Denmark,3.93,Mikkeller,10.9%,Belgian Strong Dark Ale,Bottle 375ml,"€ 13,33 per litre"
Mielcke & Hurtigkarl,"€ 5,00",Denmark,3.79,Mikkeller,8.7%,Belgian Strong Golden Ale,Bottle 375ml,"€ 13,33 per litre"
It's Alive!: BA Grand Marnier,"€ 5,00",Denmark,3.64,Mikkeller,8%,Sour - Other,Bottle 375ml,"€ 13,33 per litre"
Japanese Rice Lager,"€ 4,29",Denmark,3.31,Mikkeller,5.1%,Lager - Japanese Rice,Can 440ml,"€ 9,75 per litre"
Sosnowe APA,"€ 2,10",Poland,3.32,Browar Fortuna,4.8%,Pale Ale - American,Bottle 500ml,"€ 4,20 per litre"
ArcyLager,"€ 2,10",Poland,3.29,Browar Fortuna,4.7%,Lager - Japanese Rice,Bottle 500ml,"€ 4,20 per litre"
Czarne Whisky Wood,"€ 2,20",Poland,3.11,Browar Fortuna,7.5%,Spiced / Herbed Beer,Bottle 500ml,"€ 4,40 per litre"
Tropical Summer Milkshake IPA,"€ 5,79",Germany,3.59,CrossBeau Brewing,6.5%,IPA - Milkshake,330ml,"€ 17,55 per litre"
Lille Mango Maracuja Sauer,"€ 5,39",Germany,3.46,Lillebräu,3.9%,Sour - Fruited,330ml,"€ 16,33 per litre"
Lille Kieler Blonde,"€ 2,95",Germany,3.40,Lillebräu,5.3%,Belgian Blonde,330ml,"€ 8,94 per litre"
Klootzakske,"€ 3,60",Belgium,3.39,Klootzakske,7.5%,Belgian Tripel,330ml,"€ 10,91 per litre"
Oak Aged Batch 6,"€ 59,99",Netherlands,4.26,Bierbrouwerij De Koningshoeven,10%,Belgian Quadrupel,Bottle 375ml,"€ 159,97 per litre"
Oak Aged Batch 10,"€ 57,99",Netherlands,4.16,Bierbrouwerij De Koningshoeven,10%,Belgian Quadrupel,Bottle 375ml,"€ 154,64 per litre"
Oak Aged Batch 9,"€ 57,99",Netherlands,4.13,Bierbrouwerij De Koningshoeven,10%,Belgian Quadrupel,Bottle 375ml,"€ 154,64 per litre"
Oak Aged Batch 8,"€ 57,99",Netherlands,4.05,Bierbrouwerij De Koningshoeven,11%,Belgian Quadrupel,Bottle 375ml,"€ 154,64 per litre"
Oak Aged Batch 7,"€ 59,99",Netherlands,3.84,Bierbrouwerij De Koningshoeven,10%,Belgian Quadrupel,Bottle 375ml,"€ 159,97 per litre"
Hell,"€ 1,60",Germany,3.42,Brauerei Simon,5.1%,Lager - Helles,500ml,"€ 3,20 per litre"
Veldensteiner Hell,"€ 1,60",Germany,3.34,Kaiser Bräu,5.1%,Lager - Helles,500ml,"€ 3,20 per litre"
Rotbier,"€ 1,90",Germany,3.28,Kaiser Bräu,5.4%,Lager - Rotbier,500ml,"€ 3,80 per litre"
Rittmayer Kellerbier Alkoholfrei,"€ 2,10",Germany,3.15,Brauerei Rittmayer Hallerndorf,5.4%,Non-Alcoholic - Lager,500ml,"€ 4,20 per litre"
Tarot D'Or,"€ 2,62",Belgium,3.42,Brouwerij Lindemans,8%,Fruit Beer,Bottle 250ml,"€ 10,48 per litre"
Insight Cellars / Bokke Sensei,"€ 46,55",Denmark,4.32,Insight Cellars,7.8%,Wild Ale - Other,Bottle 750ml,"€ 62,07 per litre"
Insight Cellars / Bofkont / Tommie Sjef Congruity: Premier Cru,"€ 46,55",Denmark,4.25,Insight Cellars,7.4%,Wild Ale - Other,Bottle 750ml,"€ 62,07 per litre"
Let's Gose To The Beach,"€ 4,00",Netherlands,3.36,Jopen,4%,Sour - Other Gose,330ml,"€ 12,12 per litre"
Say What It Is IPA,"€ 6,20",Denmark,3.62,Seagrove Public,5.5%,IPA - New England / Hazy,Can 440ml,"€ 14,09 per litre"
Arpus Brewing Co. Double-decoction Spalter Select Pilsner,"€ 4,19",United States,3.55,Big Storm Brewing Co.,6.2%,IPA - American,Can 440ml,"€ 14,09 per litre"
Fancy Pants,"€ 6,00",Germany,3.74,FrauGruber Brewing,6.1%,Sour - Fruited,Can 440ml,"€ 13,64 per litre"
Gaelic Amore,"€ 4,12",Ireland,3.79,Lough Gill Brewery,7%,IPA - New England / Hazy,Can 440ml,"€ 9,36 per litre"
Double-Decoction Spalter Select Pilsner,"€ 4,29",Latvia,3.59,Ārpus Brewing Co.,5%,Pilsner - German,Can 440ml,"€ 9,75 per litre"
Cherry x Peach x Vanilla Smoothie Sour Ale,"€ 5,95",Latvia,4.16,Ārpus Brewing Co.,4.5%,Sour - Smoothie / Pastry,Can 440ml,"€ 13,52 per litre"
Mango x Coconut Smoothie Sour Ale,"€ 5,79",Latvia,4.04,Ārpus Brewing Co.,4.5%,Sour - Smoothie / Pastry,Can 440ml,"€ 13,16 per litre"
"Crimes Against Brewing: Maple, Toffee, Pecan Pie","€ 4,99",England,3.90,Neon Raptor Brewing Co.,5%,Stout - Imperial / Double Pastry,Can 440ml,"€ 11,34 per litre"
Mayfair,"€ 5,85",Denmark,3.76,Alefarm Brewing,6%,IPA - American,Can 440ml,"€ 13,30 per litre"
Constellations,"€ 5,50",Denmark,3.76,Alefarm Brewing,6.5%,IPA - American,Can 440ml,"€ 12,50 per litre"
Surrender to the Void,"€ 5,65",Ireland,4.10,Whiplash,8.5%,IPA - Imperial / Double,Can 440ml,"€ 12,84 per litre"
Knock Out Blows,"€ 6,55",England,4.05,Neon Raptor Brewing Co.,8.4%,IPA - Imperial / Double New England / Hazy,Can 440ml,"€ 14,89 per litre"
One Track Lover (2024),"€ 5,45",England,3.98,Neon Raptor Brewing Co.,6.4%,IPA - New England / Hazy,Can 440ml,"€ 12,39 per litre"
Solar Mist,"€ 5,99",England,3.97,Neon Raptor Brewing Co.,6.5%,IPA - New England / Hazy,Can 440ml,"€ 13,61 per litre"
TALUS TWIST,"€ 4,99",Latvia,3.91,Hopalaa,7%,IPA - Other,Can 440ml,"€ 11,34 per litre"
Biota,"€ 5,79",Denmark,3.88,Alefarm Brewing,6.5%,IPA - American,Can 440ml,"€ 13,16 per litre"
Papa's IPA,"€ 5,50",Denmark,3.79,Alefarm Brewing,6%,IPA - American,Can 440ml,"€ 12,50 per litre"
MMXXIV,"€ 5,99",Denmark,3.79,Alefarm Brewing,8.2%,IPA - Imperial / Double,Can 440ml,"€ 13,61 per litre"
Cary'd Away,"€ 5,20",England,3.78,Neon Raptor Brewing Co.,5%,IPA - American,Can 440ml,"€ 11,82 per litre"
Synthwave,"€ 5,29",England,3.78,Neon Raptor Brewing Co.,6%,IPA - New England / Hazy,Can 440ml,"€ 12,02 per litre"
Westmalle Tripel,"€ 7,99",Belgium,3.81,Brouwerij der Trappisten van Westmalle,9.5%,Belgian Tripel,Bottle 750ml,"€ 10,65 per litre"
Val-dieu Tripel,"€ 2,75",Belgium,3.67,Brasserie de l'Abbaye du Val-Dieu,9%,Belgian Tripel,330ml,"€ 8,33 per litre"
Vandestreek Playground Non Alcoholic Ipa,"€ 2,65",Netherlands,3.33,vandeStreek bier,0.5%,Non-Alcoholic - IPA,330ml,"€ 8,03 per litre"
Saison,"€ 2,25",Netherlands,3.31,Lindeboom,5.5%,Farmhouse Ale - Saison,300ml,"€ 7,50 per litre"
Milkshake IPA (Double Extra Vanilla),"€ 11,50",United States,4.36,Tired Hands Brewing Company,9.2%,IPA - Imperial / Double Milkshake,473ml,"€ 24,31 per litre"
Ripe In The Machine,"€ 11,50",United States,4.31,Parish Brewing Co.,8.5%,IPA - Imperial / Double New England / Hazy,473ml,"€ 24,31 per litre"
Mixed Berry Chomp Chomp,"€ 10,75",United States,4.30,The Brewing Projekt,6.9%,Sour - Smoothie / Pastry,473ml,"€ 22,73 per litre"
Black Aggie Banana Fluffernutter,"€ 39,99",United States,4.30,Hidden Springs Ale Works,13%,Stout - Russian Imperial,500ml,"€ 79,98 per litre"
Coastal Sunrise v1,"€ 8,99",United States,4.28,Humble Forager Brewery,6%,Sour - Smoothie / Pastry,355ml,"€ 25,32 per litre"
Black Aggie Birthday Cake,"€ 39,99",United States,4.27,Hidden Springs Ale Works,13%,Stout - Russian Imperial,500ml,"€ 79,98 per litre"
Turing Machine,"€ 11,75",United States,4.24,Spyglass Brewing Company,10%,IPA - Triple New England / Hazy,473ml,"€ 24,84 per litre"
Coastal Sunshine v4,"€ 8,99",United States,4.21,Humble Forager Brewery,6%,Sour - Fruited,355ml,"€ 25,32 per litre"
"Smoofee Sour – Blueberry, Mandarin, Tangerine & Vanilla","€ 10,50",United States,4.14,The Brewing Projekt,7%,Sour - Smoothie / Pastry,473ml,"€ 22,20 per litre"
Jungo Joose Maui Wowie,"€ 10,50",United States,4.09,The Brewing Projekt,8.5%,Sour - Fruited,473ml,"€ 22,20 per litre"
Elevated Perspective v8,"€ 9,75",United States,3.89,Humble Forager Brewery,8%,IPA - Imperial / Double New England / Hazy,473ml,"€ 20,61 per litre"
Coastal Sunset v7,"€ 8,99",United States,3.78,Humble Forager Brewery,6%,Sour - Smoothie / Pastry,355ml,"€ 25,32 per litre"
Perennial,"€ 4,95",Finland,4.04,Revenant Brewing Project,7.5%,IPA - New England / Hazy,330ml,"€ 15,00 per litre"
TIC TAC TOE Raspberry & Mango,"€ 5,59",Latvia,4.00,ODU Brewery,4.5%,Sour - Smoothie / Pastry,Can 440ml,"€ 12,70 per litre"
DAY AFTER,"€ 5,09",Latvia,4.00,Hopalaa,6.8%,IPA - New England / Hazy,Can 440ml,"€ 11,57 per litre"
She's A Rainbow,"€ 5,95",Spain,3.99,Little Rain Brewing Company,8.5%,IPA - Imperial / Double New England / Hazy,Can 440ml,"€ 13,52 per litre"
"BRIX – Pink Guava, Pineapple & Passion Fruit","€ 5,59",Latvia,3.99,ODU Brewery,5.5%,Sour - Smoothie / Pastry,Can 440ml,"€ 12,70 per litre"
BRIX – Pink Guava & Strawberry,"€ 5,59",Latvia,3.93,ODU Brewery,5.5%,Sour - Smoothie / Pastry,Can 440ml,"€ 12,70 per litre"
Toro,"€ 5,79",Spain,3.93,Little Rain Brewing Company,7.2%,IPA - New England / Hazy,Can 440ml,"€ 13,16 per litre"
DAY BEFORE,"€ 4,79",Latvia,3.89,Hopalaa,7%,IPA - New England / Hazy,Can 440ml,"€ 10,89 per litre"
Pudding Goggles,"€ 38,99",United States,4.30,Forager Brewery,10.3%,Porter - Imperial / Double,Bottle 750ml,"€ 51,99 per litre"
Political Animal,"€ 9,50",United States,4.29,District 96 Beer Factory,8%,IPA - Imperial / Double New England / Hazy,473ml,"€ 20,08 per litre"
Ultimate Villain,"€ 9,75",United States,4.26,District 96 Beer Factory,11.5%,IPA - Triple New England / Hazy,473ml,"€ 20,61 per litre"
Second Term,"€ 9,99",United States,4.25,District 96 Beer Factory,7%,IPA - New England / Hazy,473ml,"€ 21,12 per litre"
Hyper Local,"€ 9,50",United States,4.21,District 96 Beer Factory,8.5%,IPA - Imperial / Double New England / Hazy,473ml,"€ 20,08 per litre"
AntiMatter,"€ 9,99",United States,4.20,Adroit Theory,10.5%,IPA - Triple New England / Hazy,473ml,"€ 21,12 per litre"
Cerberus,"€ 9,00",United States,4.17,District 96 Beer Factory,8.6%,IPA - Imperial / Double New England / Hazy,473ml,"€ 19,03 per litre"
Confessions,"€ 10,99",United States,4.16,Adroit Theory,16.66%,Stout - Russian Imperial,473ml,"€ 23,23 per litre"
Operation Warfare 2 – Sedition,"€ 9,25",United States,4.15,Adroit Theory,8.3%,IPA - New England / Hazy,473ml,"€ 19,56 per litre"
VOIID-03,"€ 9,99",United States,4.12,Adroit Theory,9%,IPA - Imperial / Double New England / Hazy,473ml,"€ 21,12 per litre"
Apolitical,"€ 9,99",United States,4.10,District 96 Beer Factory,6.5%,IPA - New England / Hazy,473ml,"€ 21,12 per litre"
Willivar (Lager – Svetlé),"€ 7,50",Canada,3.64,Willibald Farm Brewery,5%,Lager - Světlé (Czech Pale),473ml,"€ 15,86 per litre"
Ice Planet By Rackhouse,"€ 18,45",Norway,4.38,LERVIG,14.1%,Stout - Imperial / Double,Bottle 375ml,"€ 49,20 per litre"
Three Times Three Vol 4,"€ 11,85",Sweden,4.18,Omnipollo,7%,Sour - Fruited,Can 440ml,"€ 26,93 per litre"
Airstream,"€ 8,35",Canada,4.14,Superflux Beer Company,6.5%,IPA - New Zealand,473ml,"€ 17,65 per litre"
Néron,"€ 11,25",Canada,4.37,Brasserie du Bas-Canada,8%,IPA - Imperial / Double,473ml,"€ 23,78 per litre"
Premiere Batch,"€ 11,25",Canada,4.34,Brasserie du Bas-Canada,8%,IPA - Imperial / Double,473ml,"€ 23,78 per litre"
9 Pieds Sous Terre XTRM TURBO,"€ 11,25",Canada,4.33,Messorem,8.4%,IPA - Imperial / Double,473ml,"€ 23,78 per litre"
We're All Doomed XTRM TURBO,"€ 11,25",Canada,4.32,Messorem,9.1%,IPA - Imperial / Double,473ml,"€ 23,78 per litre"
Voyons Donc,"€ 12,50",Canada,4.32,Brasserie du Bas-Canada,10%,IPA - Triple,473ml,"€ 26,43 per litre"
Barrel Aged From Underneath,"€ 16,50",Canada,4.23,Third Moon Brewing Company,11.5%,Porter - Imperial / Double,473ml,"€ 34,88 per litre"
May DIPA 2024,"€ 11,25",Canada,4.22,Badlands Brewing Company,8.2%,IPA - Imperial / Double,473ml,"€ 23,78 per litre"
Into The Glow 2024,"€ 11,25",Canada,4.15,Badlands Brewing Company,8.2%,IPA - Imperial / Double,473ml,"€ 23,78 per litre"
BA Marshmallow Drip 2023,"€ 28,50",United States,4.23,Finback Brewery,13.1%,Stout - Pastry,500ml,"€ 57,00 per litre"
BA Blueberry Drip 2023,"€ 28,50",United States,4.31,Finback Brewery,13.1%,Stout - Pastry,500ml,"€ 57,00 per litre"
Barrel Aged Double Vanilla Scoop Shake,"€ 44,99",United States,4.31,3 Sons Brewing Co.,14.9%,Stout - Imperial / Double Pastry,500ml,"€ 89,98 per litre"
Alchemy of Elements 2022,"€ 36,50",United States,4.28,Bottle Logic Brewing,14%,Stout - Imperial / Double,500ml,"€ 73,00 per litre"
Changing Gears 2023,"€ 36,50",United States,4.26,Bottle Logic Brewing,12.9%,Stout - Imperial / Double Pastry,500ml,"€ 73,00 per litre"
BA Banana Drip 2023,"€ 28,50",United States,4.22,Finback Brewery,13.1%,Stout - Imperial / Double Pastry,500ml,"€ 57,00 per litre"
Technical Challenge 2021,"€ 36,50",United States,4.22,Bottle Logic Brewing,13.8%,Stout - Imperial / Double Pastry,500ml,"€ 73,00 per litre"
Finite Universe 2023,"€ 36,50",United States,4.21,Bottle Logic Brewing,12.8%,Stout - Imperial / Double Pastry,500ml,"€ 73,00 per litre"
Natur Radler,"€ 2,50",Germany,3.35,Paulaner Brauerei,2.5%,Shandy / Radler,500ml,"€ 5,00 per litre"
Zuyd Lola 6,"€ 3,38",Netherlands,3.65,Zuyd Craft,10%,IPA - New England / Hazy,330ml,"€ 10,24 per litre"
Zuyd Jura 8,"€ 3,60",Netherlands,3.58,Zuyd Craft,8.5%,Belgian Tripel,330ml,"€ 10,91 per litre"
Zuyd Nova 7,"€ 3,30",Netherlands,3.51,Zuyd Craft,7%,Belgian Blonde,330ml,"€ 10,00 per litre"
Ruby,"€ 2,75",Belgium,3.19,Abbaye de Leffe,5%,Fruit Beer,330ml,"€ 8,33 per litre"
IPA,"€ 51,50",United States,3.75,Stone Brewing,6.9%,IPA - American,24-pack,"Total price: € 51,50"
Hazy IPA,"€ 56,26",United States,3.72,Stone Brewing,6.7%,IPA - New England / Hazy,24-pack,"Total price: € 56,26"
Neverending Haze IPA,"€ 53,50",United States,3.59,Stone Brewing,4%,IPA - Session,24-pack,"Total price: € 53,50"
Buenaveza,"€ 54,84",United States,3.40,Stone Brewing,4.7%,Lager - Mexican,24-pack,"Total price: € 54,84"
Hop Hand Fallacy,"€ 5,10",England,3.45,Lost and Grounded Brewers,4.4%,Farmhouse Ale - Saison,Can 440ml,"€ 11,59 per litre"
Karmeliet Tripel,"€ 6,95",Belgium,3.99,Brouwerij Bosteels,8.4%,Belgian Tripel,Bottle 750ml,"€ 9,27 per litre"
Saison Dupont,"€ 1,80",Belgium,3.68,Brasserie Dupont,6.5%,Farmhouse Ale - Saison,330ml,"€ 5,45 per litre"
Tripel,"€ 3,35",Netherlands,3.54,Brouwerij De Toekomst,9%,Belgian Tripel,330ml,"€ 10,15 per litre"
Witbier,"€ 2,49",Netherlands,3.46,Brouwerij De Toekomst,6%,Wheat Beer - Witbier / Blanche,330ml,"€ 7,55 per litre"
Moersleutel CYCT: Vibration,"€ 6,29",Netherlands,3.73,Moersleutel Craft Brewery,6.5%,IPA - New England / Hazy,Can 440ml,"€ 14,30 per litre"
06/12 Frans Souer Dry Hopped Sour,"€ 3,45",Netherlands,3.44,Jopen,4%,Sour - Other,330ml,"€ 10,45 per litre"
Paix Dieu Triple,"€ 8,95",Belgium,3.77,Brasserie Caulier,10%,Belgian Tripel,Bottle 750ml,"€ 11,93 per litre"
Bruin BIO,"€ 6,15",Belgium,3.48,Brasserie Lupulus,8.5%,Brown Ale - Belgian,Bottle 750ml,"€ 8,20 per litre"
White Mamba Witbier,"€ 3,10",Netherlands,3.43,Two Chefs Brewing,5%,Wheat Beer - Witbier / Blanche,Can 330ml,"€ 9,39 per litre"
Lager,"€ 2,60",Poland,3.45,WRCLW,4.1%,Lager - Helles,Bottle 500ml,"€ 5,20 per litre"
ÜberQuell x Moon Lark Holy Circus Hazy Pale Ale,"€ 6,47",Poland,3.85,Moon Lark Brewery,5.8%,Pale Ale - New England / Hazy,Can 440ml,"€ 14,70 per litre"
Moosehead Small Batch No. 77 Hoppy Light Lager,"€ 3,99",Canada,3.59,Moosehead Breweries Limited,6.3%,IPA - American,473ml,"€ 8,44 per litre"
Canceled Plans Hazy Session IPA,"€ 3,19",Germany,3.55,BRLO,3.8%,IPA - Session,330ml,"€ 9,67 per litre"
Helles,"€ 2,19",Germany,3.40,Ratsherrn Brauerei,5.1%,Lager - Helles,330ml,"€ 6,64 per litre"
Moosehead Dry Ice Strong Lager,"€ 3,99",Canada,2.98,Moosehead Breweries Limited,6%,Lager - American,473ml,"€ 8,44 per litre"
Wiethaler - 1498 Jubiläumskellerbier,"€ 2,20",Germany,3.51,Brauerei Wiethaler,5.3%,Kellerbier / Zwickelbier,500ml,"€ 4,40 per litre"
IPA,"€ 48,33",United States,3.75,Stone Brewing,6.9%,IPA - American,24-pack,"Total price: € 48,33"
IPA,"€ 49,96",United States,3.75,Stone Brewing,6.9%,IPA - American,24-pack,"Total price: € 49,96"
Hazy IPA,"€ 51,59",United States,3.72,Stone Brewing,6.7%,IPA - New England / Hazy,24-pack,"Total price: € 51,59"
Hazy IPA,"€ 49,86",United States,3.72,Stone Brewing,6.7%,IPA - New England / Hazy,24-pack,"Total price: € 49,86"
Dr. Raptor,"€ 66,03",Netherlands,3.68,Uiltje Brewing Company,8.2%,IPA - Imperial / Double,24-pack,"Total price: € 66,03"
Dr. Raptor,"€ 63,03",Netherlands,3.68,Uiltje Brewing Company,8.2%,IPA - Imperial / Double,24-pack,"Total price: € 63,03"
Juicy Lucy,"€ 51,87",Netherlands,3.64,Uiltje Brewing Company,5.5%,IPA - New England / Hazy,24-pack,"Total price: € 51,87"
Juicy Lucy,"€ 51,05",Netherlands,3.64,Uiltje Brewing Company,5.5%,IPA - New England / Hazy,24-pack,"Total price: € 51,05"
Bird of Prey,"€ 52,87",Netherlands,3.60,Uiltje Brewing Company,5.8%,IPA - American,24-pack,"Total price: € 52,87"
Bird of Prey,"€ 52,12",Netherlands,3.60,Uiltje Brewing Company,5.8%,IPA - American,24-pack,"Total price: € 52,12"
Neverending Haze IPA,"€ 50,18",United States,3.59,Stone Brewing,4%,IPA - Session,24-pack,"Total price: € 50,18"
Neverending Haze IPA,"€ 49,29",United States,3.59,Stone Brewing,4%,IPA - Session,24-pack,"Total price: € 49,29"
Wit,"€ 51,87",Netherlands,3.50,Uiltje Brewing Company,6%,Wheat Beer - Witbier / Blanche,24-pack,"Total price: € 51,87"
Wit,"€ 51,26",Netherlands,3.50,Uiltje Brewing Company,6%,Wheat Beer - Witbier / Blanche,24-pack,"Total price: € 51,26"
Blond,"€ 51,87",Netherlands,3.50,Uiltje Brewing Company,6%,Blonde / Golden Ale - Other,24-pack,"Total price: € 51,87"
Blond,"€ 51,26",Netherlands,3.50,Uiltje Brewing Company,6%,Blonde / Golden Ale - Other,24-pack,"Total price: € 51,26"
Buenaveza,"€ 50,88",United States,3.40,Stone Brewing,4.7%,Lager - Mexican,24-pack,"Total price: € 50,88"
Buenaveza,"€ 49,60",United States,3.40,Stone Brewing,4.7%,Lager - Mexican,24-pack,"Total price: € 49,60"
Bird of Prey,"€ 47,50",Netherlands,3.30,Uiltje Brewing Company,0.2%,Non-Alcoholic - IPA,24-pack,"Total price: € 47,50"
Bird of Prey,"€ 48,79",Netherlands,3.30,Uiltje Brewing Company,0.2%,Non-Alcoholic - IPA,24-pack,"Total price: € 48,79"
Cold Gold,"€ 31,61",Ethiopia,3.09,Habesha Breweries,5%,Lager - Pale,24-pack,"Total price: € 31,61"
Cold Gold,"€ 31,65",Ethiopia,3.09,Habesha Breweries,5%,Lager - Pale,24-pack,"Total price: € 31,65"
Everyday Life,"€ 3,32",Czech Republic,3.45,Sibeeria,5.1%,Pilsner - Czech / Bohemian,Can 500ml,"€ 6,64 per litre"
Quaffzilla,"€ 6,60",Denmark,3.54,To Øl,4.7%,IPA - Session,Can 440ml,"€ 15,00 per litre"
SPERANTO / BOLA – TOLETUM,"€ 8,10",Spain,3.84,Cervezas Speranto,8%,IPA - Imperial / Double New England / Hazy,Can 440ml,"€ 15,00 per litre"
LA CALAVERA / CIERZO – JUNGLE BOOGIE,"€ 7,10",Spain,3.74,La Calavera,8.5%,Sour - Other,Bottle 375ml,"€ 18,93 per litre"
SAN FRUTOS – FORTUNA,"€ 6,70",Spain,3.91,Cerveza SanFrutos,7.5%,IPA - Imperial / Double,Bottle 375ml,"€ 18,93 per litre"
Tisiphone,"€ 10,00",England,4.07,Tartarus Beers,10.5%,Stout - Imperial / Double Coffee,Can 440ml,"€ 22,73 per litre"
Under A Black Sun,"€ 14,45",Romania,4.02,Strange Companion,12%,Stout - Imperial / Double,Bottle 375ml,"€ 38,53 per litre"
DIPA DDH – NECTARON / NELSON SAUVIN / MOSAIC,"€ 7,25",France,3.95,Popihn,8%,IPA - Imperial / Double New England / Hazy,Can 440ml,"€ 16,48 per litre"
Reissdorf Kolsch,"€ 4,40",Germany,3.48,Privat-Brauerei Heinrich Reissdorf,4.8%,Kölsch,500ml,"€ 8,80 per litre"
"BRIX - Pink Guava, Pineapple & Passion Fruit","€ 7,50",Latvia,3.99,ODU Brewery,5.5%,Sour - Smoothie / Pastry,Can 440ml,"€ 17,05 per litre"
New & Improved! GBG,"€ 5,24",Sweden,3.93,Stigbergets Bryggeri,6.5%,IPA - New England / Hazy,Can 440ml,"€ 11,91 per litre"
BRIX - Pink Guava & Strawberry,"€ 7,50",Latvia,3.93,ODU Brewery,5.5%,Sour - Smoothie / Pastry,Can 440ml,"€ 17,05 per litre"
Weize Raaf,"€ 2,80",Netherlands,3.61,Grensgeval,7%,Wheat Beer - Hefeweizen,330ml,"€ 8,48 per litre"
It's Only Berliner Weisse,"€ 3,40",Poland,3.55,Magic Road,3.7%,Sour - Berliner Weisse,Bottle 500ml,"€ 6,80 per litre"
Fruit Love,"€ 4,00",Poland,3.45,Raduga,5.8%,IPA - Fruited,Can 500ml,"€ 8,00 per litre"
Beef Juice,"€ 8,50",Bulgaria,4.06,Sofia Electric Brewing,13%,Stout - Imperial / Double,330ml,"€ 25,76 per litre"
MONKS,"€ 7,25",Netherlands,3.97,White Dog Brewery,8%,IPA - Imperial / Double New England / Hazy,Can 440ml,"€ 16,48 per litre"
Mango Lime Lassi,"€ 6,75",Scotland,3.94,Vault City Brewing,5.7%,Sour - Fruited,Can 440ml,"€ 15,34 per litre"
Royal Cookie: Mazurek,"€ 9,13",Poland,4.09,Funky Fluid,11%,Stout - Imperial / Double Pastry,500ml,"€ 18,26 per litre"
Zibi,"€ 4,95",Poland,3.76,Funky Fluid,6.5%,IPA - Other,500ml,"€ 9,90 per litre"
Gerd,"€ 5,07",Poland,3.73,Funky Fluid,6.4%,IPA - Other,500ml,"€ 10,14 per litre"
Free Gelato: Berries & Cream,"€ 4,15",Poland,3.68,Funky Fluid,0.5%,Non-Alcoholic - Sour,500ml,"€ 8,30 per litre"
Forest of Mabon,"€ 14,45",Romania,3.83,Strange Companion,9.3%,Grape Ale - Other,Bottle 375ml,"€ 38,53 per litre"
Mac Ivors Traditional Dry Irish Cider,"€ 4,49",Northern Ireland,3.61,Mac Ivors Cider Company,5.6%,Cider - Dry,500ml,"€ 8,98 per litre"
Sako Oude Kriek Adelaar,"€ 5,70",Belgium,4.11,Brouwerij-Stokerij Sako,6.5%,Lambic - Gueuze,Bottle 375ml,"€ 15,20 per litre"
Devillé Geus Genereus,"€ 6,29",Belgium,3.32,Den Herberg,6.2%,Brett Beer,Bottle 375ml,"€ 16,77 per litre"
Schneider Weizen Hell Tap 1,"€ 4,60",Germany,3.61,Schneider Weisse G. Schneider & Sohn,5.2%,Wheat Beer - Hefeweizen,500ml,"€ 9,20 per litre"
Floris Apple,"€ 3,90",Belgium,3.30,Delirium - Huyghe Brewery,3.6%,Fruit Beer,330ml,"€ 11,82 per litre"
5è Aniversari,"€ 8,50",Spain,4.14,DOSKIWIS BREWING,6.5%,IPA - New England / Hazy,Can 440ml,"€ 19,32 per litre"
Liuda,"€ 8,10",Spain,3.87,Castelló Beer Factory,8.4%,IPA - Imperial / Double New England / Hazy,Can 440ml,"€ 18,41 per litre"
Dragon's Milk Reserve: Coffee Chocolate (2024),"€ 9,50",United States,4.15,New Holland Brewing,11%,Stout - Imperial / Double,Can 440ml,"€ 18,41 per litre"
Black Is Beautiful Volume 2,"€ 9,50",Sweden,4.02,Omnipollo,7%,IPA - New England / Hazy,Can 440ml,"€ 21,59 per litre"
Chest Candy,"€ 6,80",Brazil,4.00,Spartacus Brewing,7.8%,IPA - Imperial / Double New England / Hazy,Can 440ml,"€ 15,45 per litre"
For The Love Of Hops Azure,"€ 5,23",Netherlands,3.83,Brouwerij Frontaal,8%,IPA - Imperial / Double New England / Hazy,Can 440ml,"€ 11,89 per litre"
"Frontaal / Salikatt It's Not Us, It's you","€ 5,42",Netherlands,3.67,Brouwerij Frontaal,8%,IPA - Imperial / Double New England / Hazy,Can 440ml,"€ 12,32 per litre"
Deserted Island,"€ 3,71",Netherlands,3.51,Brouwerij Frontaal,4.7%,IPA - Other,330ml,"€ 11,24 per litre"
Nittenauer IPA,"€ 3,19",Germany,3.59,Brauhaus Nittenau,7.2%,IPA - American,330ml,"€ 9,67 per litre"
Nittenauer Export,"€ 2,29",Germany,3.47,Brauhaus Nittenau,5.5%,Lager - Dortmunder / Export,500ml,"€ 4,58 per litre"
Nittenauer Weissbier,"€ 2,29",Germany,3.46,Brauhaus Nittenau,5.1%,Wheat Beer - Hefeweizen,500ml,"€ 4,58 per litre"
Ratsherrn Pilsener alkoholfrei,"€ 2,09",Germany,3.01,Feldschlösschen Dresden,5.2%,Pilsner - German,330ml,"€ 6,33 per litre"
Sailing To The Moon (Old Ale),"€ 15,00",Netherlands,4.03,Brouwerij Kees,12%,Old / Stock Ale,Bottle 750ml,"€ 20,00 per litre"
Force Majeure,"€ 18,75",Netherlands,3.88,Van Moll,11.2%,Stout - Imperial / Double,Bottle 750ml,"€ 25,00 per litre"
Wapaloosie,"€ 5,85",England,3.78,Tartarus Beers,4.8%,Pale Ale - New England / Hazy,Can 440ml,"€ 13,30 per litre"
Rumpelstiltskin,"€ 5,99",England,3.69,Tartarus Beers,6%,IPA - Belgian,Can 440ml,"€ 13,61 per litre"
Treesqueak,"€ 5,40",England,3.60,Tartarus Beers,4.3%,Pale Ale - American,Can 440ml,"€ 12,27 per litre"
Over Ripe,"€ 7,69",United States,4.28,Great Notion Brewing,7%,IPA - New England / Hazy,Can 440ml,"€ 12,27 per litre"
Softly Spoken Magic Spells,"€ 9,49",United States,4.17,SingleCut Beersmiths,6.8%,IPA - Imperial / Double New England / Hazy,473ml,"€ 20,06 per litre"
Tillage,"€ 9,49",United States,4.14,The Drowned Lands Brewery,8%,IPA - Imperial / Double New England / Hazy,473ml,"€ 20,06 per litre"
Terra Nelson,"€ 9,69",United States,4.14,The Drowned Lands Brewery,10.5%,IPA - Triple New England / Hazy,473ml,"€ 20,06 per litre"
Serpent of the Stars,"€ 10,49",United States,4.11,Great Notion Brewing,7.5%,IPA - New England / Hazy,473ml,"€ 20,06 per litre"
Double Papaya Shake,"€ 8,79",United States,4.07,Great Notion Brewing,9%,Sour - Fruited,473ml,"€ 20,06 per litre"
Sow & Gather,"€ 8,99",United States,4.06,The Drowned Lands Brewery,6.5%,IPA - New England / Hazy,473ml,"€ 19,01 per litre"
Unsessionable,"€ 6,79",United States,4.05,Revolution Brewing Company,10%,IPA - Imperial / Double,473ml,"€ 19,01 per litre"
Sup Dog,"€ 9,69",United States,4.02,Great Notion Brewing,6.8%,IPA - New England / Hazy,473ml,"€ 19,01 per litre"
Cabin Fever,"€ 9,49",United States,3.99,The Drowned Lands Brewery,10%,Barleywine - American,473ml,"€ 20,06 per litre"
Milieu,"€ 9,49",United States,3.98,The Drowned Lands Brewery,9%,Belgian Tripel,473ml,"€ 20,06 per litre"
Opening Act,"€ 8,49",United States,3.93,SingleCut Beersmiths,5.2%,Wheat Beer - Hefeweizen,473ml,"€ 20,06 per litre"
Guava Glow,"€ 8,39",United States,3.93,Great Notion Brewing,5.9%,Sour - Fruited,473ml,"€ 20,06 per litre"
Stoner!,"€ 7,99",United States,3.92,SingleCut Beersmiths,6.8%,IPA - American,473ml,"€ 20,06 per litre"
Suzanne,"€ 8,99",United States,3.91,The Drowned Lands Brewery,6.5%,IPA - American,473ml,"€ 19,01 per litre"
Purely Passionfruit,"€ 10,49",United States,3.90,Great Notion Brewing,6%,Sour - Fruited,,
Ploughshare,"€ 8,29",United States,3.90,The Drowned Lands Brewery,4.8%,Altbier - Traditional,,
18-Watt IPA,"€ 7,69",United States,3.88,SingleCut Beersmiths,5%,IPA - Session,473ml,"€ 16,26 per litre"
Pretty Pretty Pineapple,"€ 5,99",United States,3.88,Great Notion Brewing,6%,Sour - Fruited,473ml,"€ 16,26 per litre"
Isabelle,"€ 8,99",United States,3.88,The Drowned Lands Brewery,5.5%,Pale Ale - American,473ml,"€ 19,01 per litre"
Otter Milk,"€ 10,49",United States,3.87,Great Notion Brewing,6.2%,Stout - Milk / Sweet,473ml,"€ 19,01 per litre"
Eric More Cowbell!,"€ 8,69",United States,3.85,SingleCut Beersmiths,6%,Stout - Milk / Sweet,473ml,"€ 18,37 per litre"
Kim Hibiscus Sour,"€ 7,69",United States,3.74,SingleCut Beersmiths,4.2%,Sour - Other,473ml,"€ 18,37 per litre"
Frequency,"€ 7,69",United States,3.70,SingleCut Beersmiths,4.7%,Lager - American,473ml,"€ 18,37 per litre"
Working Man,"€ 6,99",United States,3.60,Revolution Brewing Company,3.8%,Mild - Dark,473ml,"€ 18,37 per litre"
Delirium Tremens,"€ 3,40",Belgium,3.85,Delirium - Huyghe Brewery,8.5%,Belgian Strong Golden Ale,330ml,"€ 10,30 per litre"
Wachter,"€ 4,40",Netherlands,3.43,E-PIDEMI,6.8%,Honey Beer,330ml,"€ 13,33 per litre"
Hot Irmi Berliner Weisse mit Ingwer und Habaneros,"€ 4,49",Germany,3.54,Schneeeule,3%,Chilli / Chile Beer,330ml,"€ 13,61 per litre"
Buenaveza Salt & Lime Lager,"€ 2,23",United States,3.40,Stone Brewing,4.7%,Lager - Mexican,Can 355ml,"€ 6,28 per litre"
Dragon's Milk,"€ 8,90",United States,4.05,New Holland Brewing,11%,Stout - Imperial / Double,Can 355ml,"€ 6,28 per litre"
Voz,"€ 5,29",England,3.65,Neon Raptor Brewing Co.,5.4%,IPA - American,Can 440ml,"€ 12,02 per litre"
Pitch Shifter,"€ 4,25",England,3.61,Neon Raptor Brewing Co.,4.2%,Stout - Irish Dry,Can 440ml,"€ 9,66 per litre"
Double Elixer IX,"€ 4,79",Netherlands,3.85,Walhalla Brouwerij & Proeflokaal,7.8%,IPA - Imperial / Double New England / Hazy,Can 440ml,"€ 10,89 per litre"
Beer Geek Fudgesicle,"€ 11,25",Denmark,4.13,Mikkeller,12%,Stout - Imperial / Double Pastry,Can 440ml,"€ 25,57 per litre"
Traeblod,"€ 10,99",United States,4.09,Mikkeller Brewing San Diego,12%,Stout - Imperial / Double,475ml,"€ 23,14 per litre"
Beerserker,"€ 5,95",Greece,4.06,Seven Island Brewery,8%,IPA - Imperial / Double New England / Hazy,Can 440ml,"€ 13,52 per litre"
HopCthulu Wrath,"€ 5,65",Greece,3.95,Seven Island Brewery,6.5%,IPA - New England / Hazy,Can 440ml,"€ 12,84 per litre"
Blanche De Mikkeller,"€ 3,39",Denmark,3.30,Mikkeller,5%,Wheat Beer - Witbier / Blanche,330ml,"€ 10,27 per litre"
Superiority,"€ 10,75",Poland,4.17,PINTA Barrel Brewing,12%,Porter - Imperial / Double,330ml,"€ 32,58 per litre"
Unity,"€ 10,75",Poland,4.09,PINTA Barrel Brewing,12%,Porter - Imperial / Double,330ml,"€ 32,58 per litre"
Harmony,"€ 10,75",Poland,4.23,PINTA Barrel Brewing,12%,Stout - Imperial / Double,330ml,"€ 32,58 per litre"
Immensity (2024),"€ 10,75",Poland,4.23,PINTA Barrel Brewing,13%,Stout - Imperial / Double,330ml,"€ 32,58 per litre"
De la Senne Taras Boulba,"€ 4,00",Belgium,3.35,Brasserie de la Senne,4.5%,Belgian Blonde,330ml,"€ 12,12 per litre"
HORAL's Oude Geuze Megablend (2024),"€ 15,26",Belgium,3.93,Brouwerij Boon,7%,Lambic - Gueuze,Bottle 750ml,"€ 20,35 per litre"
Blak Stoc Ginger For My Honey Cider,"€ 5,80",Austria,3.57,BlakStoc,3%,Cider - Herbed / Spiced / Hopped,330ml,"€ 17,58 per litre"
Blak Stoc Quincy Jo&Hops Edition,"€ 5,80",Austria,3.56,BlakStoc,4.5%,Cider - Herbed / Spiced / Hopped,330ml,"€ 17,58 per litre"
Partypopper,"€ 9,95",Netherlands,3.44,Mister Hop,7%,Blonde / Golden Ale - Other,Bottle 750ml,"€ 13,27 per litre"
Grande Réserve 2024,"€ 7,49",Belgium,3.83,Bières de Chimay,9%,Belgian Strong Dark Ale,Bottle 750ml,"€ 9,99 per litre"
Liquid Luck,"€ 3,85",Czech Republic,3.74,Sibeeria,4.3%,Pale Ale - American,Can 500ml,"€ 7,70 per litre"
Nova 7,"€ 3,50",Netherlands,3.51,Zuyd Craft,7%,Belgian Blonde,330ml,"€ 10,61 per litre"
La Corne Quadrupel Oaked,"€ 3,35",Belgium,3.70,Brasserie des Légendes,12%,Belgian Quadrupel,330ml,"€ 10,15 per litre"
Gauloise Blond,"€ 2,25",Belgium,3.40,Brasserie du Bocq,6.3%,Belgian Blonde,330ml,"€ 6,82 per litre"
Stoute Bie,"€ 2,55",Belgium,2.97,Brouwerij De Bie,5.5%,Stout - Belgian,330ml,"€ 7,73 per litre"
Framboos Oogst 2019 Assemblage 102 18|19 (750ml),"€ 48,00",Belgium,4.42,Brouwerij 3 Fonteinen,6.2%,Lambic - Framboise,Bottle 750ml,"€ 64,00 per litre"
Sheppy's Classic Cider 50cl,"€ 4,00",England,3.39,Sheppy's Cider Ltd,5.5%,Non-Alcoholic - Cider / Perry,330ml,"€ 12,12 per litre"
Jever Pils,"€ 4,30",Norway,3.22,Røhne Bryggerhus,4.9%,Pilsner - Other,500ml,"€ 8,60 per litre"
Kompaan Battle Royale Super Smash Brawler,"€ 5,70",Netherlands,3.63,KOMPAAN Dutch Craft Beer Company,6%,IPA - American,Can 440ml,"€ 12,95 per litre"
Zwart-Jaune-Rot Belgische Vlag,"€ 4,04",Netherlands,3.60,Mister Hop,10%,Belgian Tripel,330ml,"€ 12,24 per litre"
Schwarz-Rot-Gold (Bundesflagge),"€ 4,04",Netherlands,3.58,Mister Hop,10%,Belgian Tripel,330ml,"€ 12,24 per litre"
Kompaan Light In The Dark,"€ 4,50",Netherlands,3.27,KOMPAAN Dutch Craft Beer Company,3.8%,Farmhouse Ale - Grisette,Can 440ml,"€ 10,23 per litre"
Victoria,"€ 31,55",Netherlands,4.14,Tommie Sjef,7%,Wild Ale - Other,Bottle 750ml,"€ 42,07 per litre"
Silhouet,"€ 31,55",Netherlands,4.04,Tommie Sjef,8.2%,Wild Ale - Other,Bottle 750ml,"€ 42,07 per litre"
Gaelic Amore,"€ 5,29",Ireland,3.79,Lough Gill Brewery,7%,IPA - New England / Hazy,Can 440ml,"€ 12,02 per litre"
Rumpelstiltskin,"€ 5,99",England,3.69,Tartarus Beers,6%,IPA - Belgian,Can 440ml,"€ 13,61 per litre"
Treesqueak,"€ 5,49",England,3.60,Tartarus Beers,4.3%,Pale Ale - American,Can 440ml,"€ 12,48 per litre"
Siren All Night Long,"€ 11,70",England,4.14,Siren Craft Brew,10.2%,Stout - Imperial / Double Milk,Bottle 375ml,"€ 31,20 per litre"
Vinicius,"€ 19,20",England,3.91,Terra Tempo Brewing,7%,Sour - Fruited,Bottle 750ml,"€ 25,60 per litre"
Impressions V2,"€ 19,20",England,3.87,Terra Tempo Brewing,6.8%,IPA - Farmhouse,Bottle 750ml,"€ 25,60 per litre"
Maximum Speed Of Muji Bird,"€ 19,20",England,3.84,Terra Tempo Brewing,7.3%,Wild Ale - Other,Bottle 750ml,"€ 25,60 per litre"
Sunn (1))),"€ 21,60",England,3.52,Terra Tempo Brewing,8.4%,Stout - Other,Bottle 750ml,"€ 28,80 per litre"
Sunn(2))),"€ 21,60",England,3.36,Terra Tempo Brewing,8.4%,Stout - Other,Bottle 750ml,"€ 28,80 per litre"
Punk IPA,"€ 3,80",Scotland,3.71,BrewDog,5.2%,IPA - American,Can 500ml,"€ 7,60 per litre"
Hazy Jane,"€ 3,80",Scotland,3.67,BrewDog,5%,IPA - New England / Hazy,Can 500ml,"€ 7,60 per litre"
Hansebock,"€ 8,90",Germany,3.60,Barbarossa I Am,8%,Bock - Doppelbock,330ml,"€ 26,97 per litre"
Craft-Beer-Becher,"€ 6,50",Germany,3.53,Barbarossa I Am,7%,Porter - Other,500ml,"€ 13,00 per litre"
Clwb Tropica - Can,"€ 3,40",Wales,3.77,Tiny Rebel Brewing Co,5.5%,IPA - Fruited,330ml,"€ 10,30 per litre"
Double Juice Punch New England DIPA,"€ 5,99",Netherlands,3.85,Brouwerij Frontaal,8.5%,IPA - Imperial / Double New England / Hazy,330ml,"€ 18,15 per litre"
Smooth Criminals: Pina Colada Smoothie Sour,"€ 6,99",Netherlands,3.85,Brouwerij Frontaal,6%,Sour - Smoothie / Pastry,330ml,"€ 21,18 per litre"
For The Love Of Hops Azure New England DIPA,"€ 7,99",Netherlands,3.83,Brouwerij Frontaal,8%,IPA - Imperial / Double New England / Hazy,Can 440ml,"€ 18,16 per litre"
Kriek Brut Sour,"€ 3,99",Belgium,3.69,Brouwerij Liefmans,6%,Fruit Beer,330ml,"€ 12,09 per litre"
Juice Punch NEIPA,"€ 4,99",Netherlands,3.68,Brouwerij Frontaal,5.8%,IPA - New England / Hazy,330ml,"€ 15,12 per litre"
"Frontaal/Salikatt It's Not Us, It's You New England Double IPA","€ 7,99",Netherlands,3.67,Brouwerij Frontaal,8%,IPA - Imperial / Double New England / Hazy,Can 440ml,"€ 18,16 per litre"
Frontaal/Zout & Citroen Don't Stop Me Now Wheatwine,"€ 5,99",Netherlands,3.63,Brouwerij Frontaal,11%,Stout - Imperial / Double,330ml,"€ 18,15 per litre"
Kia Ora New Zealand IPA,"€ 5,99",Netherlands,3.63,Brouwerij Frontaal,5.5%,IPA - New Zealand,330ml,"€ 18,15 per litre"
For The Love Of Hops Coral New England White IPA,"€ 7,29",Netherlands,3.60,Brouwerij Frontaal,5.5%,IPA - White / Wheat,Can 440ml,"€ 16,57 per litre"
Bulldog IPA,"€ 4,49",Netherlands,3.60,Brouwerij Frontaal,6%,IPA - American,330ml,"€ 13,61 per litre"
Space Jumper Single Hop IPA,"€ 4,99",Netherlands,3.59,Two Chefs Brewing,6%,IPA - New Zealand,330ml,"€ 15,12 per litre"
Kriek,"€ 6,49",Belgium,3.53,Brouwerij Boon,4%,Lambic - Kriek,Bottle 375ml,"€ 17,31 per litre"
Deserted Island New England Weizen IPA,"€ 5,49",Netherlands,3.51,Brouwerij Frontaal,4.7%,IPA - Other,330ml,"€ 16,64 per litre"
Pineapple Express Witbier,"€ 5,49",Netherlands,3.46,Brouwerij Frontaal,5.2%,Wheat Beer - Witbier / Blanche,330ml,"€ 16,64 per litre"
Witte Simmie Witbier,"€ 4,99",Netherlands,3.42,Brouwerij Frontaal,5.2%,Wheat Beer - Witbier / Blanche,330ml,"€ 15,12 per litre"
Spitfire Amber Ale,"€ 3,79",England,3.25,Shepherd Neame,4.5%,Bitter - Best,500ml,"€ 7,58 per litre"
Donut Series 2.0 Pecan Chocolate With Maple Cream Cheese Frosting Pastry Stout,"€ 7,00",Norway,3.87,Amundsen Brewery,7%,Stout - Pastry,Can 440ml,"€ 15,91 per litre"
Donut Series 2.0 Raspberry Jam Donut With Neapolitan Sprinkles Pastry Sour,"€ 8,00",Norway,3.70,Amundsen Brewery,6%,Sour - Smoothie / Pastry,Can 440ml,"€ 18,18 per litre"
Hütten Dunkel,"€ 2,10",Germany,3.24,Brauerei Hütten Trassl,5.2%,Lager - Munich Dunkel,500ml,"€ 4,20 per litre"
Interesting Times Tripel Met Tijm,"€ 3,95",Netherlands,3.66,Briljant Brouwhuis,8.3%,Belgian Tripel,330ml,"€ 11,97 per litre"
Val-Dieu Cuvée 800,"€ 7,50",Belgium,3.51,Brasserie de l'Abbaye du Val-Dieu,5.5%,Pale Ale - Belgian,Bottle 750ml,"€ 10,00 per litre"
Val-Dieu Brune,"€ 7,50",Belgium,3.50,Brasserie de l'Abbaye du Val-Dieu,8%,Belgian Dubbel,Bottle 750ml,"€ 10,00 per litre"
Val-Dieu Blonde,"€ 7,50",Belgium,3.45,Brasserie de l'Abbaye du Val-Dieu,6%,Belgian Blonde,Bottle 750ml,"€ 10,00 per litre"
Steinbier Original,"€ 4,75",Germany,3.34,Brauhaus Leikeim,5.8%,Historical Beer - Steinbier,500ml,"€ 9,50 per litre"
Engel Naturradler Alkoholfrei & Naturtrüb,"€ 2,95",Germany,3.21,Biermanufaktur ENGEL,0.5%,Non-Alcoholic - Shandy / Radler,500ml,"€ 5,90 per litre"
Super Soaker – Triple IPA,"€ 5,95",Germany,3.93,FrauGruber Brewing,9.9%,IPA - Triple New England / Hazy,Can 440ml,"€ 13,52 per litre"
Cloud Atlas – Triple IPA,"€ 5,95",Germany,3.82,FrauGruber Brewing,10.5%,IPA - Triple New England / Hazy,Can 440ml,"€ 13,52 per litre"
Suburban Density – Double IPA,"€ 6,45",Germany,3.77,FrauGruber Brewing,8.4%,IPA - Imperial / Double New England / Hazy,Can 440ml,"€ 14,66 per litre"
Dear Stardust – IPA,"€ 5,95",Germany,3.75,FrauGruber Brewing,6.8%,IPA - New England / Hazy,Can 440ml,"€ 13,52 per litre"
Hang out and try  – Dry Hopped Kellebier,"€ 3,45",Germany,3.71,FrauGruber Brewing,5.2%,Kellerbier / Zwickelbier,Can 440ml,"€ 7,84 per litre"
Oude Gueuze Pure - LIMITED EDITION,"€ 20,16",Belgium,3.97,Brouwerij Lindemans,7%,Lambic - Gueuze,Bottle 750ml,"€ 26,88 per litre"
One Track Lover (2024),"€ 5,80",England,3.98,Neon Raptor Brewing Co.,6.4%,IPA - New England / Hazy,Can 440ml,"€ 13,18 per litre"
Tequila BA Huay Chivo,"€ 24,95",England,4.31,Tartarus Beers,11.3%,Stout - Imperial / Double,Bottle 750ml,"€ 33,27 per litre"
Rumpelstiltskin,"€ 5,29",England,3.69,Tartarus Beers,6%,IPA - Belgian,Can 440ml,"€ 12,02 per litre"
Kobold,"€ 4,55",England,3.65,Tartarus Beers,5.5%,Wheat Beer - Hefeweizen,Can 440ml,"€ 10,34 per litre"
Radio Silence – Fruited DIPA – Collab Baxbier,"€ 5,45",Germany,3.66,Schwarze Rose,8%,IPA - Imperial / Double New England / Hazy,Can 440ml,"€ 12,39 per litre"
Silly Sipper,"€ 6,50",Netherlands,4.05,Floem,7.8%,IPA - Imperial / Double New England / Hazy,Can 440ml,"€ 14,77 per litre"
Under a Black Sun,"€ 14,95",Romania,4.02,Strange Companion,12%,Stout - Imperial / Double,Bottle 375ml,"€ 39,87 per litre"
Lulo D'Arto Barrel Aged,"€ 16,50",Spain,3.94,Cierzo Brewing Co.,10%,Barleywine - Other,Bottle 750ml,"€ 22,00 per litre"
Shake Your Booty Barrel Aged,"€ 16,50",Spain,3.86,Cierzo Brewing Co.,11%,Stout - Imperial / Double Milk,Bottle 750ml,"€ 22,00 per litre"
Forest of Mabon,"€ 14,95",Romania,3.83,Strange Companion,9.3%,Grape Ale - Other,Bottle 375ml,"€ 39,87 per litre"
Hallelujah Rum BA,"€ 16,50",Spain,3.53,Cierzo Brewing Co.,10%,Belgian Quadrupel,Bottle 750ml,"€ 22,00 per litre"
Sobremesa Farmhouse Ale Grisette,"€ 5,50",Wales,4.04,Sobremesa Farmhouse Beers & Natural Ciders,3.8%,Farmhouse Ale - Saison,Can 440ml,"€ 12,50 per litre"
Sobremesa Fruit Series: Aronia Saison,"€ 17,70",United States,3.54,Sobremesa Restaurant & Brewery,5.3%,Fruit Beer,Bottle 750ml,"€ 23,60 per litre"
VAT 31,"€ 20,40",Belgium,3.99,Brouwerij Boon,8.5%,Lambic - Gueuze,Bottle 375ml,"€ 54,40 per litre"
Schaarbeekse Kriek,"€ 14,90",Belgium,3.82,Brouwerij Boon,6.5%,Lambic - Kriek,Bottle 375ml,"€ 39,73 per litre"
Geuze Mariage Parfait,"€ 12,40",Belgium,3.79,Brouwerij Boon,8%,Lambic - Gueuze,Bottle 375ml,"€ 33,07 per litre"
Geuze Mariage Parfait,"€ 20,40",Belgium,3.79,Brouwerij Boon,8%,Lambic - Gueuze,Bottle 750ml,"€ 27,20 per litre"
BLAK STOC Midsommer Strawberry Cider,"€ 4,70",Austria,3.66,BlakStoc,3.5%,Cider - Other Fruit,20-pack,"Total price: € 4,70"
Oude Kriek,"€ 13,50",Belgium,3.65,Brouwerij Boon,6.5%,Lambic - Kriek,Bottle 375ml,"€ 36,00 per litre"
Oude Kriek,"€ 20,40",Belgium,3.65,Brouwerij Boon,6.5%,Lambic - Kriek,Bottle 750ml,"€ 27,20 per litre"
BLAK STOC Wild Tree Hoppy Cider,"€ 4,70",Austria,3.59,BlakStoc,4.5%,Cider - Herbed / Spiced / Hopped,330ml,"€ 14,24 per litre"
Framboise,"€ 12,60",Belgium,3.54,Brouwerij Boon,5%,Lambic - Framboise,Bottle 375ml,"€ 33,60 per litre"
Kriek,"€ 9,40",Belgium,3.53,Brouwerij Boon,4%,Lambic - Kriek,Bottle 375ml,"€ 25,07 per litre"
Kriek,"€ 17,00",Belgium,3.53,Brouwerij Boon,4%,Lambic - Kriek,Bottle 750ml,"€ 22,67 per litre"
Oude Geuze,"€ 9,70",Belgium,3.37,Brouwerij Boon,7%,Lambic - Gueuze,Bottle 375ml,"€ 25,87 per litre"
Oude Geuze,"€ 17,50",Belgium,3.37,Brouwerij Boon,7%,Lambic - Gueuze,Bottle 750ml,"€ 23,33 per litre"
Flamoes,"€ 4,25",Netherlands,3.60,Mister Hop,6.5%,IPA - New England / Hazy,330ml,"€ 12,88 per litre"
Mooi Weer IJsbeer,"€ 3,89",Netherlands,3.51,De Blauwe IJsbeer,8%,Belgian Tripel,330ml,"€ 11,79 per litre"
Hedgerow Blend 2023,"€ 9,90",England,3.96,Little Earth Project,5.9%,Sour - Fruited,Bottle 375ml,"€ 26,40 per litre"
Sherbourne Quince,"€ 9,90",England,3.92,Little Earth Project,5.3%,Sour - Fruited,Bottle 375ml,"€ 26,40 per litre"
Burr Medic (2023),"€ 14,10",England,4.16,Old Chimneys Brewery,9.2%,Porter - Baltic,Bottle 330ml,"€ 42,73 per litre"
Mary's Gold,"€ 17,10",United States,4.10,Fonta Flora Brewery,5.2%,Farmhouse Ale - Saison,Bottle 500ml,"€ 34,20 per litre"
Hop Beard,"€ 7,50",United States,3.88,Fonta Flora Brewery,7%,IPA - American,Can 473ml,"€ 15,86 per litre"
De Molen Bommen & Granaten (2012),"€ 12,00",Netherlands,3.82,Brouwerij de Molen,11%,Barleywine - Other,Bottle 330ml,"€ 36,36 per litre"
Retrogames,"€ 9,60",United States,4.06,Commonwealth Brewing Company,8.3%,IPA - Imperial / Double New England / Hazy,Can 473ml,"€ 20,30 per litre"
Greetings From Cypremort Point,"€ 8,40",United States,3.92,Parish Brewing Co.,5.6%,Sour - Fruited Berliner Weisse,Can 473ml,"€ 17,76 per litre"
Commonwealth A Tribe Called Zest,"€ 9,00",United States,3.91,Commonwealth Brewing Company,6.5%,IPA - Sour,Can 473ml,"€ 19,03 per litre"
Two Flints x Burning Sky Saison I,"€ 6,00",England,3.75,Two Flints Brewery,5.2%,Farmhouse Ale - Saison,Can 440ml,"€ 13,64 per litre"
Super S,"€ 7,20",Germany,4.00,Sudden Death Brewing Co.,6.3%,IPA - New England / Hazy,Can 440ml,"€ 16,36 per litre"
Airstream,"€ 7,99",Canada,4.14,Superflux Beer Company,6.5%,IPA - New Zealand,473ml,"€ 16,89 per litre"
Fountainbier Peach Gummy,"€ 9,99",Canada,3.99,Superflux Beer Company,4%,Sour - Other,473ml,"€ 21,12 per litre"
Pug,"€ 7,99",Canada,3.98,Superflux Beer Company,6.5%,IPA - New England / Hazy,473ml,"€ 16,89 per litre"
vandeStreek Zonnesteek,"€ 2,29",Netherlands,3.35,vandeStreek bier,6%,Bock - Hell / Maibock / Lentebock,330ml,"€ 6,94 per litre"
Lagerbier,"€ 4,70",England,3.78,The Kernel Brewery,5.2%,Lager - Helles,Bottle 500ml,"€ 9,40 per litre"
Greyjoy,"€ 4,60",Hungary,3.86,Balkezes,9%,IPA - Imperial / Double,Can 330ml,"€ 13,94 per litre"
Balkezes - Bagoly Baltic Porter,"€ 4,30",Hungary,3.81,Balkezes,8.8%,Porter - Baltic,Can 330ml,"€ 13,03 per litre"
Goud,"€ 2,49",Belgium,3.55,Bières de Chimay,4.8%,Belgian Enkel / Patersbier,Can 330ml,"€ 13,03 per litre"
Helles,"€ 2,69",Germany,3.36,Lillebräu,5.1%,Lager - Helles,330ml,"€ 8,15 per litre"
"How do you do, fellow Kids NEIPA","€ 5,99",Slovenia,3.60,Lobik,7%,IPA - New England / Hazy,330ml,"€ 18,15 per litre"
Aldersbacher BIO Altbayerisches Weizen,"€ 2,29",Germany,3.56,Brauerei Aldersbach,5.2%,Wheat Beer - Hefeweizen,500ml,"€ 4,58 per litre"
SKIBIDI IPA,"€ 5,99",Slovenia,3.50,Lobik,7%,IPA - American,330ml,"€ 18,15 per litre"
Blond,"€ 2,85",Netherlands,3.50,Uiltje Brewing Company,6%,Blonde / Golden Ale - Other,330ml,"€ 8,64 per litre"
Dunkel,"€ 2,20",Germany,3.35,Brauerei Kanone,5%,Lager - Munich Dunkel,500ml,"€ 4,40 per litre"
Beardfish Dry Stout,"€ 3,60",Netherlands,3.56,De Kromme Haring,5.5%,Stout - Irish Dry,Can 330ml,"€ 10,91 per litre"
Mellifera Noir (Mead – Cyser),"€ 5,75",Netherlands,3.54,Elegast Cidery,10.6%,Mead - Cyser,330ml,"€ 17,42 per litre"
Imperial P.I.E Fighter,"€ 8,99",Norway,4.03,Amundsen Brewery,12%,Stout - Imperial / Double Pastry,Can 440ml,"€ 20,43 per litre"
Komodo,"€ 5,99",Spain,3.92,Basqueland Brewing,8%,IPA - Imperial / Double New England / Hazy,Can 440ml,"€ 13,61 per litre"
Van Aert Gueuze Artisanale Cassis,"€ 12,71",Belgium,3.90,Belgoo,7.2%,Lambic - Fruit,Bottle 750ml,"€ 16,95 per litre"
BloosomGueuze,"€ 21,51",Belgium,3.89,Brouwerij Lindemans,6%,Lambic - Gueuze,Bottle 750ml,"€ 28,68 per litre"
GingerGueuze,"€ 21,51",Belgium,3.70,Brouwerij Lindemans,6%,Lambic - Gueuze,Bottle 750ml,"€ 28,68 per litre"
BBA Twice As Lonely with Macadamia Nuts and Vanilla,"€ 37,50",United States,4.48,Resident Culture Brewing Co.,13.5%,Stout - Imperial / Double Pastry,500ml,"€ 75,00 per litre"
Barrel-Aged Speedway Stout,"€ 16,50",United States,4.44,AleSmith Brewing Company,13.3%,Stout - Imperial / Double Coffee,473ml,"€ 34,88 per litre"
BA Dem Beetuz Bois,"€ 33,50",United States,4.36,Imprint Beer Co.,13.5%,Stout - Imperial / Double Pastry,500ml,"€ 67,00 per litre"
BBA Twice As Lonely (2024),"€ 37,50",United States,4.32,Resident Culture Brewing Co.,13.5%,Stout - Imperial / Double Pastry,500ml,"€ 75,00 per litre"
Barrel-Aged Speedway Stout: Vanilla Shake,"€ 17,40",United States,4.30,AleSmith Brewing Company,14.1%,Stout - Imperial / Double Coffee,473ml,"€ 36,79 per litre"
Grisette (Blend 4),"€ 15,70",United States,4.25,Barrique Brewing and Blending,3.5%,Farmhouse Ale - Grisette,473ml,"€ 33,19 per litre"
Schmoojee Berry Cherry Cheesecake Parfait,"€ 12,90",United States,4.24,Imprint Beer Co.,6.5%,Sour - Smoothie / Pastry,473ml,"€ 27,27 per litre"
Rinds,"€ 15,70",United States,3.95,Barrique Brewing and Blending,4.3%,Wild Ale - American,473ml,"€ 33,19 per litre"
SLUSHY XL Orange Splash,"€ 10,50",United States,3.88,450 North Brewing Company,5.3%,Sour - Smoothie / Pastry,473ml,"€ 22,20 per litre"
Return of the Pack,"€ 6,40",England,3.88,Left Handed Giant Brewing,6.2%,IPA - New England / Hazy,Can 440ml,"€ 14,55 per litre"
SLUSHY XL Watermelon Cherry,"€ 10,50",United States,3.87,450 North Brewing Company,5.3%,Sour - Fruited Berliner Weisse,473ml,"€ 22,20 per litre"
Chokoh Ha Bourbon BA (Silver Series),"€ 10,49",Estonia,4.34,Pühaste Brewery,14.5%,Porter - Imperial / Double,330ml,"€ 31,79 per litre"
Tumeaine Guatamala Coffee,"€ 4,99",Estonia,4.12,Pühaste Brewery,11%,Stout - Imperial / Double Coffee,330ml,"€ 15,12 per litre"
Dekadents,"€ 4,99",Estonia,4.08,Pühaste Brewery,11.2%,Stout - Imperial / Double,330ml,"€ 15,12 per litre"
Linnutee,"€ 3,99",Estonia,3.68,Pühaste Brewery,6%,Stout - Coffee,330ml,"€ 12,09 per litre"
Zundert 8,"€ 2,99",Netherlands,3.65,Trappistenbrouwerij de Kievit B.V.,8%,Belgian Tripel,330ml,"€ 9,06 per litre"
Nillis,"€ 1,89",Netherlands,3.04,Bierbrouwerij De Koningshoeven,8%,Non-Alcoholic - Other,330ml,"€ 5,73 per litre"
Samurai Rebellion,"€ 3,00",Poland,3.52,Raduga,5.7%,IPA - Other,Bottle 500ml,"€ 6,00 per litre"
Tea Essence,"€ 3,10",Poland,3.52,Raduga,5.7%,IPA - American,Bottle 500ml,"€ 6,20 per litre"
Last Summer,"€ 3,10",Poland,3.49,Raduga,4.6%,Wheat Beer - Fruited,Bottle 500ml,"€ 6,20 per litre"
Barrel Aged Speedway Stout 2023,"€ 14,95",United States,4.25,AleSmith Brewing Company,14.23%,Stout - Imperial / Double Coffee,473ml,"€ 31,61 per litre"
Eventual Truth,"€ 27,90",United States,4.27,Sante Adairius Rustic Ales,5.5%,Farmhouse Ale - Saison,Bottle 750ml,"€ 37,20 per litre"
Smoothie: R & R,"€ 5,50",United States,4.42,LULZ Hard Seltzer,5%,Hard Seltzer,355ml,"€ 15,49 per litre"
Toxicité,"€ 13,90",Canada,4.35,Brasserie du Bas-Canada,7%,Stout - Milk / Sweet,473ml,"€ 29,39 per litre"
Saison Bernice,"€ 27,90",United States,4.35,Sante Adairius Rustic Ales,6.5%,Farmhouse Ale - Brett,Bottle 750ml,"€ 37,20 per litre"
Idyllic Contemplations,"€ 27,90",United States,4.31,Sante Adairius Rustic Ales,4.5%,Farmhouse Ale - Saison,Bottle 750ml,"€ 37,20 per litre"
Stratified Sunset,"€ 27,90",United States,4.25,Sante Adairius Rustic Ales,5.7%,Farmhouse Ale - Saison,Bottle 750ml,"€ 37,20 per litre"
Flesh Wound,"€ 21,70",United States,4.11,Anchorage Brewing Company,6.5%,Sour - Fruited,Bottle 375ml,"€ 57,87 per litre"
Ambio,"€ 12,69",United States,4.36,Hudson Valley Brewery,8%,IPA - Sour,Bottle 375ml,"€ 57,87 per litre"
Trippy Tree: Peach & Green Tea,"€ 8,99",United States,4.13,Beer Tree Brew,7.3%,Sour - Fruited,Bottle 375ml,"€ 57,87 per litre"
Introspective,"€ 7,69",United States,4.12,Beer Tree Brew,7.6%,IPA - New England / Hazy,Bottle 375ml,"€ 57,87 per litre"
Time To Pretend,"€ 8,29",United States,4.12,Beer Tree Brew,8.7%,IPA - Imperial / Double New England / Hazy,Bottle 375ml,"€ 57,87 per litre"
"Trippy Tree - Passion Fruit, Mango, Coconut","€ 8,99",United States,4.11,Beer Tree Brew,7.3%,Sour - Fruited,Bottle 375ml,"€ 57,87 per litre"
Fallow,"€ 8,99",United States,4.08,Hudson Valley Brewery,7%,IPA - Sour,Bottle 375ml,"€ 57,87 per litre"
Silhouette: Blueberry And Raspberry,"€ 12,49",United States,4.02,Hudson Valley Brewery,5%,IPA - Sour,Bottle 375ml,"€ 57,87 per litre"
Any Day's Haze,"€ 7,49",United States,3.98,Beer Tree Brew,6.3%,IPA - New England / Hazy,473ml,"€ 15,84 per litre"
Cloudy Haze - Simcoe,"€ 7,49",United States,3.94,Beer Tree Brew,5%,Pale Ale - New England / Hazy,473ml,"€ 15,84 per litre"
Slightly Fuzzy Blueberry Lime,"€ 7,49",United States,3.92,Beer Tree Brew,4.5%,Sour - Berliner Weisse,473ml,"€ 15,84 per litre"
Super Pacific,"€ 7,49",United States,3.82,Beer Tree Brew,6.9%,IPA - American,473ml,"€ 15,84 per litre"
Pillow Hat,"€ 8,99",United States,3.81,Hudson Valley Brewery,4%,IPA - Session,473ml,"€ 19,01 per litre"
Animal Style,"€ 7,49",United States,3.80,Beer Tree Brew,6.5%,IPA - American,473ml,"€ 19,01 per litre"
Erstwhile,"€ 8,99",United States,3.80,Hudson Valley Brewery,4%,Mild - Dark,473ml,"€ 19,01 per litre"
Crisp Trees,"€ 6,99",United States,3.77,Beer Tree Brew,4.5%,Pilsner - Other,473ml,"€ 19,01 per litre"
Craft All Day,"€ 7,49",United States,3.74,Beer Tree Brew,5%,IPA - Session,473ml,"€ 19,01 per litre"
Feel No Way,"€ 8,99",United States,3.73,Hudson Valley Brewery,5%,Pilsner - Other,473ml,"€ 19,01 per litre"
Mystic Mutant,"€ 3,99",United States,3.60,Oskar Blues Brewery,7%,IPA - American,473ml,"€ 19,01 per litre"
SpontanBasil,"€ 21,51",Belgium,3.93,Brouwerij Lindemans/ Mikkeller,6%,Lambic - Other,Bottle 750ml,"€ 28,68 per litre"
Oude Kriek Cuvée René 2022,"€ 10,71",Belgium,3.72,Brouwerij Lindemans,7%,Lambic - Kriek,Bottle 750ml,"€ 14,28 per litre"
Oude Gueuze Cuvée René 2022,"€ 9,51",Belgium,3.66,Brouwerij Lindemans,6%,Lambic - Gueuze,Bottle 750ml,"€ 12,68 per litre"
Big Blue Stacks - 2021,"€ 50,99",United States,4.42,The Bruery,19.5%,Stout - Imperial / Double,Bottle 750ml,"€ 67,99 per litre"
The Rutherfords - 2021,"€ 46,99",United States,4.31,The Bruery,15.1%,Stout - Imperial / Double,Bottle 750ml,"€ 62,65 per litre"
Black Tuesday - Scotch Barrel-aged (2022),"€ 48,99",United States,4.28,The Bruery,17.7%,Stout - Imperial / Double,Bottle 750ml,"€ 65,32 per litre"
Immensity (2024),"€ 9,99",Poland,4.23,PINTA Barrel Brewing,13%,Stout - Imperial / Double,330ml,"€ 30,27 per litre"
Superiority,"€ 9,99",Poland,4.17,PINTA Barrel Brewing,12%,Porter - Imperial / Double,330ml,"€ 30,27 per litre"
Cascadian Tides Stout,"€ 3,39",Scotland,3.27,BRULO,12%,Non-Alcoholic - Porter / Stout,330ml,"€ 10,27 per litre"
Highway To Hell Lager,"€ 3,39",Scotland,3.14,BRULO,12%,Non-Alcoholic - Lager,330ml,"€ 10,27 per litre"
Central Waters 2 Year Aged Brewer's Reserve Bourbon Barrel Barleywine (2024),"€ 9,50",United States,4.26,Central Waters Brewing Company,14.5%,Barleywine - American,355ml,"€ 26,76 per litre"
Boerenerf Cannoneau,"€ 14,46",Belgium,3.97,Het Boerenerf Eylenbosch,7%,Cider - Other Fruit,Bottle 750ml,"€ 19,28 per litre"
Zeven Zonden Invidia,"€ 3,30",Belgium,3.68,Hugel,10%,Stout - Imperial / Double,330ml,"€ 10,00 per litre"
Dikke Lul 3 Bier,"€ 3,35",Netherlands,3.49,Uiltje Brewing Company,5.6%,Pale Ale - American,Can 330ml,"€ 10,15 per litre"
vandeStreek Playground,"€ 2,90",Netherlands,3.33,vandeStreek bier,0.5%,Non-Alcoholic - IPA,330ml,"€ 8,79 per litre"
Superiority,"€ 11,60",Poland,4.17,PINTA Barrel Brewing,12%,Porter - Imperial / Double,Bottle 330ml,"€ 35,15 per litre"
Unity,"€ 11,60",Poland,4.09,PINTA Barrel Brewing,12%,Porter - Imperial / Double,Bottle 330ml,"€ 35,15 per litre"
Enology Regent,"€ 9,80",Poland,3.92,PINTA Barrel Brewing,7.5%,Wild Ale - Other,Bottle 375ml,"€ 26,13 per litre"
Pszeniczne,"€ 1,10",Poland,3.19,Browar Urzecze,4.9%,Wheat Beer - Hefeweizen,Bottle 500ml,"€ 2,20 per litre"
Bommen & Granaten 2012,"€ 13,50",Netherlands,3.82,Brouwerij de Molen,11%,Barleywine - Other,Bottle 330ml,"€ 40,91 per litre"
Harmony,"€ 11,00",Poland,4.23,PINTA Barrel Brewing,12%,Stout - Imperial / Double,330ml,"€ 33,33 per litre"
Immensity 2024,"€ 11,00",Poland,4.23,PINTA Barrel Brewing,13%,Stout - Imperial / Double,330ml,"€ 33,33 per litre"
Superiority,"€ 11,00",Poland,4.17,PINTA Barrel Brewing,12%,Porter - Imperial / Double,330ml,"€ 33,33 per litre"
Unity,"€ 11,00",Poland,4.09,PINTA Barrel Brewing,12%,Porter - Imperial / Double,330ml,"€ 33,33 per litre"
7 Hop 7 Grain DDH IPA,"€ 3,25",Scotland,3.43,BRULO,12%,Non-Alcoholic - IPA,330ml,"€ 9,85 per litre"
Eternal Now,"€ 4,00",Sweden,3.05,Omnipollo,0.3%,Non-Alcoholic - Porter / Stout,330ml,"€ 12,12 per litre"
Tenebris (ghost Tenebris),"€ 11,50",United States,4.07,Adroit Theory,10%,Barleywine - American,330ml,"€ 12,12 per litre"
Revolt (baroness),"€ 9,99",United States,4.10,Adroit Theory,10%,IPA - Triple New England / Hazy,330ml,"€ 12,12 per litre"
MMXXIV,"€ 7,30",Denmark,3.79,Alefarm Brewing,8.2%,IPA - Imperial / Double,Can 440ml,"€ 16,59 per litre"
Congruity: Moscatel 2022,"€ 31,95",Denmark,4.20,Insight Cellars,8.3%,Wild Ale - Other,Bottle 750ml,"€ 42,60 per litre"
Maturation: Vin Jaune 2021,"€ 26,95",Denmark,4.01,Insight Cellars,7.7%,Wild Ale - Other,Bottle 750ml,"€ 35,93 per litre"
Vault City x Low Key Casualty Of Society,"€ 10,80",Scotland,4.20,Vault City Brewing,12%,Stout - Imperial / Double Pastry,Can 330ml,"€ 32,73 per litre"
Highway To Hell Lager,"€ 3,79",Scotland,3.14,BRULO,0.5%,Non-Alcoholic - Lager,330ml,"€ 11,48 per litre"
Otherworld Icarus,"€ 5,50",United States,3.51,Green Flash Brewing Company,5%,Red Ale - Irish,Can 440ml,"€ 12,50 per litre"
Helles 50,"€ 3,13",Hungary,3.41,Mad Scientist,4.1%,Lager - Helles,Can 440ml,"€ 7,11 per litre"
Sunn(1))),"€ 22,80",England,3.52,Terra Tempo Brewing,8.4%,Stout - Other,Bottle 750ml,"€ 30,40 per litre"
Sunn(2))),"€ 22,80",England,3.52,Terra Tempo Brewing,8.4%,Stout - Other,Bottle 750ml,"€ 30,40 per litre"
Knight Cap,"€ 6,75",Netherlands,3.90,Mannenpap,11.1%,Stout - Imperial / Double,330ml,"€ 20,45 per litre"
Zeezuiper,"€ 3,10",Belgium,3.66,Scheldebrouwerij,8%,Belgian Tripel,330ml,"€ 9,39 per litre"
Hitsige Hennie,"€ 3,40",Netherlands,3.58,Brouwerij Barelds & Sabel,8.5%,Belgian Blonde,330ml,"€ 10,30 per litre"
Papa's Tripel,"€ 7,50",Netherlands,3.55,Brouwerij 't Meuleneind,8.6%,Belgian Tripel,Bottle 750ml,"€ 10,00 per litre"
Papa's Tripel,"€ 2,99",Netherlands,3.55,Brouwerij 't Meuleneind,8.6%,Belgian Tripel,330ml,"€ 9,06 per litre"
Wasschappels Tripel,"€ 2,85",Netherlands,3.47,Brouwerij 't Meuleneind,8.5%,Belgian Tripel,330ml,"€ 9,06 per litre"
Rotterdams Tripel Bier,"€ 3,39",Netherlands,3.57,Trots Rotterdams Bier,8%,Belgian Tripel,330ml,"€ 10,27 per litre"
Broen Session IPA,"€ 3,60",Sweden,3.63,Brewski,4.7%,IPA - Session,330ml,"€ 10,91 per litre"
Goatsmoker 2024,"€ 7,65",Scotland,3.97,Holy Goat Brewing,8%,Stout - Imperial / Double,Can 440ml,"€ 17,39 per litre"
Pastry Train White Lady,"€ 4,45",Netherlands,3.90,Brouwerij Kees,12%,Stout - Imperial / Double Pastry,330ml,"€ 13,48 per litre"
Sei Montagne,"€ 9,50",Italy,4.05,Ca' del Brado,7.4%,Sour - Other,Bottle 375ml,"€ 25,33 per litre"
Monte Sole,"€ 9,00",Italy,4.03,Ca' del Brado,4%,Farmhouse Ale - Grisette,Bottle 375ml,"€ 24,00 per litre"
Monte Venere,"€ 7,50",Italy,3.91,Ca' del Brado,4%,Farmhouse Ale - Grisette,Bottle 375ml,"€ 20,00 per litre"
Û Orange,"€ 9,50",Italy,3.84,Ca' del Brado,7.9%,Grape Ale - Italian,Bottle 375ml,"€ 25,33 per litre"
Sip Sip,"€ 4,80",Italy,3.71,Ca' del Brado,4.5%,Wild Ale - American,330ml,"€ 14,55 per litre"
Nunc,"€ 4,50",Italy,3.66,Ca' del Brado,4.5%,Wild Ale - Other,330ml,"€ 13,64 per litre"
Zing,"€ 4,80",Italy,3.60,Ca' del Brado,4.5%,Wild Ale - Other,330ml,"€ 14,55 per litre"
Oude Roussanne Tilquin à l'Ancienne (2021-2022),"€ 29,00",Belgium,4.20,Gueuzerie Tilquin,8%,Lambic - Fruit,Bottle 750ml,"€ 38,67 per litre"
Oude Rhubarbe Tilquin à l'Ancienne (2021-2022),"€ 25,00",Belgium,4.08,Gueuzerie Tilquin,6.3%,Lambic - Other,Bottle 750ml,"€ 33,33 per litre"
Citra Hop Selection 2024,"€ 8,75",Sweden,4.05,Omnipollo,7.5%,IPA - Imperial / Double,Can 440ml,"€ 19,89 per litre"
Jaipur,"€ 2,93",England,3.54,Thornbridge Brewery,5.9%,IPA - American,330ml,"€ 8,88 per litre"
Zenne y Frontera (season 18|19) Blend No. 92,"€ 58,65",Belgium,4.44,Brouwerij 3 Fonteinen,6.5%,Lambic - Gueuze,Bottle 750ml,"€ 78,20 per litre"
Baladin XYAUYU Kentucky 2018,"€ 37,95",Italy,4.45,BIRRIFICIO AGRICOLO BALADIN - Baladin Indipendente Italian Farm Brewery,14%,Barleywine - Other,500ml,"€ 75,90 per litre"
Appel,"€ 1,70",Belgium,3.49,Brouwerij Lindemans,3.5%,Lambic - Fruit,Bottle 250ml,"€ 6,80 per litre"
Muifel Barley Wine Double Maple Syrup Special Edition 2024,"€ 4,40",Netherlands,3.88,Muifelbrouwerij,12.5%,Barleywine - Other,330ml,"€ 13,33 per litre"
Pils,"€ 5,50",Germany,3.48,Private Landbrauerei Schönram,5%,Pilsner - German,Bottle 500ml,"€ 11,00 per litre"
Selfish Games Czech Mate,"€ 3,74",Hungary,3.47,HORIZONT Brewing,4%,Pilsner - Czech / Bohemian,Can 440ml,"€ 8,50 per litre"
Limburgse Witte Peach & Mango,"€ 3,10",Belgium,3.14,Brouwerij Cornelissen,4.2%,Wheat Beer - Fruited,330ml,"€ 9,39 per litre"
Stereo Mono Mosaic,"€ 66,40",Denmark,3.78,To Øl,6.8%,IPA - New England / Hazy,24-pack,"Total price: € 66,40"
Black Star : part 2,"€ 9,99",Romania,3.83,Hophead Brewing,10%,Stout - Imperial / Double,24-pack,"Total price: € 66,40"
HORAL's Oude Geuze Mega Blend (2015),"€ 34,99",Belgium,4.21,Brouwerij 3 Fonteinen/ Brouwerij Boon/ Brouwerij De Troch/ Brouwerij Lindemans/ + 5 breweries,7%,Lambic - Gueuze,Bottle 750ml,"€ 46,65 per litre"
HORAL's Oude Geuze Mega Blend (2017),"€ 29,99",Belgium,4.15,Brewery John Martin & Brewery Timmermans/ Brouwerij 3 Fonteinen/ Brouwerij Boon/ Brouwerij De Troch/ + 5 breweries,7%,Lambic - Gueuze,Bottle 750ml,"€ 39,99 per litre"
De Cam 3 Fonteinen Millennium Geuze 1998,"€ 750,00",Belgium,4.71,Brouwerij 3 Fonteinen,7%,Lambic - Gueuze,Bottle 750ml,"€ 1.000,00 per litre"
Cosmos 2015,"€ 210,00",Belgium,3.83,Brouwerij De Dolle Brouwers,9%,Sour - Other,Bottle 750ml,"€ 280,00 per litre"
30 Days - Italian Pilsner,"€ 5,30",Denmark,3.33,To Øl,5%,Pilsner - Italian,Can 440ml,"€ 12,05 per litre"
Störtebeker BIO Bernstein Weizen alkoholfrei,"€ 2,19",Germany,3.61,Störtebeker Braumanufaktur,5.3%,Wheat Beer - Hefeweizen,500ml,"€ 4,38 per litre"
Störtebeker Pilsener,"€ 2,09",Germany,2.65,Frankfurter Brauhaus,5.1%,Pilsner - Other,500ml,"€ 4,18 per litre"
West Berlin Westcoast IPA,"€ 5,99",Germany,3.73,Unverhopft,7.2%,IPA - American,Can 440ml,"€ 13,61 per litre"
Unverhopft x Brique House Superdelic Wanderlust Hopfenweizen,"€ 5,39",Germany,3.64,Unverhopft,6.5%,Wheat Beer - Hopfenweisse,Can 440ml,"€ 12,25 per litre"
Premium Pils Edition EM 24,"€ 0,99",Germany,3.20,Bitburger Brauerei,4.8%,Pilsner - German,500ml,"€ 1,98 per litre"
Insel-Brauerei Summer Ale,"€ 3,89",Germany,3.18,Langeooger Inselbrauerei,4.2%,IPA - Session,330ml,"€ 11,79 per litre"
Wit,"€ 2,65",Netherlands,3.50,Uiltje Brewing Company,6%,Wheat Beer - Witbier / Blanche,330ml,"€ 8,03 per litre"
Bruin,"€ 2,60",Belgium,3.61,Abbaye de Maredsous,8%,Belgian Dubbel,330ml,"€ 7,88 per litre"
Haystack Haze,"€ 3,99",Netherlands,3.52,X-brewing,5.8%,IPA - New England / Hazy,Can 440ml,"€ 9,07 per litre"
Liquid Art,"€ 4,50",France,4.00,Prizm Brewing Co.,8%,IPA - Imperial / Double,330ml,"€ 13,64 per litre"
Randjena,"€ 12,50",Netherlands,3.95,Zomerdijk Brewing and Blending,7%,Wild Ale - Other,Bottle 375ml,"€ 33,33 per litre"
Lauren,"€ 12,50",Netherlands,3.92,Zomerdijk Brewing and Blending,7%,Wild Ale - Other,Bottle 375ml,"€ 33,33 per litre"
Hype Bomb 2024,"€ 6,00",Netherlands,3.92,Moersleutel Craft Brewery,8%,IPA - New England / Hazy,Can 440ml,"€ 13,64 per litre"
Rowie,"€ 12,50",Netherlands,3.87,Zomerdijk Brewing and Blending,7%,Wild Ale - Other,Bottle 375ml,"€ 33,33 per litre"
Bali,"€ 4,00",France,3.80,Prizm Brewing Co.,5.7%,IPA - New England / Hazy,330ml,"€ 12,12 per litre"
Anne,"€ 12,50",Netherlands,3.79,Zomerdijk Brewing and Blending,7%,Wild Ale - Other,Bottle 375ml,"€ 33,33 per litre"
CYCT Vibration,"€ 5,50",Netherlands,3.73,Moersleutel Craft Brewery,6.5%,IPA - New England / Hazy,Can 440ml,"€ 12,50 per litre"
Pineapple Pie,"€ 3,00",Sweden,3.55,Brewski,4%,Sour - Fruited Berliner Weisse,330ml,"€ 9,09 per litre"
Fifty / Fifty – Pineapple,"€ 4,65",Poland,4.07,Magic Road,4%,Sour - Smoothie / Pastry,500ml,"€ 9,30 per litre"
Gorgeous Romania,"€ 4,79",Poland,3.86,Magic Road,5.5%,Sour - Smoothie / Pastry,500ml,"€ 9,58 per litre"
Wonders – Thai Mango Lassi,"€ 4,69",Poland,3.84,Magic Road,5%,Sour - Smoothie / Pastry,500ml,"€ 9,38 per litre"
"Beauty – Blueberries, Blackcurrant & Vanilla","€ 4,79",Poland,3.74,Magic Road,5%,Sour - Smoothie / Pastry,500ml,"€ 9,58 per litre"
Chubbles 53°N (2024),"€ 7,15",England,4.15,Cloudwater Brew Co.,6.5%,IPA - New England / Hazy,Can 440ml,"€ 16,25 per litre"
Super S,"€ 5,95",Germany,4.00,Sudden Death Brewing Co.,6.3%,IPA - New England / Hazy,Can 440ml,"€ 13,52 per litre"
Cosmic Archer,"€ 8,49",United States,4.11,Toppling Goliath Brewing Co.,7.8%,IPA - Imperial / Double New England / Hazy,Can 440ml,"€ 13,52 per litre"
TDH Power Juicer (Triple Citra): Oat Fluffed,"€ 8,99",United States,4.08,Icarus Brewing,7.5%,IPA - Imperial / Double New England / Hazy,Can 440ml,"€ 13,52 per litre"
Terra Nelson,"€ 13,18",United States,4.14,The Drowned Lands Brewery,10%,IPA - Triple New England / Hazy,473ml,"€ 27,86 per litre"
Mai Tai P.A.,"€ 12,96",United States,3.95,Alvarado Street Brewery,6.5%,IPA - American,473ml,"€ 27,40 per litre"
Salt On the PRRRT,"€ 14,21",United States,4.26,Drekker Brewing Company,6.5%,Sour - Fruited Gose,473ml,"€ 30,04 per litre"
Mason Dance of Kemush,"€ 6,25",United States,4.11,Mason Ale Works,13%,Stout - Imperial / Double Pastry,Can 470ml,"€ 13,30 per litre"
Beacons,"€ 9,60",England,4.03,Beak Brewery,11%,Stout - Imperial / Double,Can 440ml,"€ 21,82 per litre"
Bumps,"€ 10,00",England,3.83,Beak Brewery,7%,Sour - Smoothie / Pastry,Can 440ml,"€ 22,73 per litre"
Geuze Mariage Parfait,"€ 7,49",Belgium,3.79,Brouwerij Boon,8%,Lambic - Gueuze,Bottle 375ml,"€ 19,97 per litre"
Sun City,"€ 6,99",Estonia,3.53,Põhjala,5%,Sour - Fruited Berliner Weisse,Can 440ml,"€ 15,89 per litre"
Udune,"€ 5,49",Estonia,3.49,Põhjala,4.5%,Wheat Beer - Witbier / Blanche,Can 440ml,"€ 12,48 per litre"
Happy,"€ 4,80",England,3.67,Cloudwater Brew Co.,3.5%,Pale Ale - New England / Hazy,Can 440ml,"€ 10,91 per litre"
10+10,"€ 199,99",United States,4.48,Side Project Brewing,15%,Stout - Imperial / Double,Can 440ml,"€ 10,91 per litre"
Boathouse Reserve Bourbon Barrel Aged Imperial Stout (2017),"€ 67,99",United States,4.25,Crystal Lake Brewing,10.3%,Stout - Imperial / Double,Can 440ml,"€ 10,91 per litre"
Berry Barrage,"€ 5,40",Denmark,3.33,To Øl,5.2%,Sour - Fruited,Can 440ml,"€ 10,91 per litre"
Zomerdijk Brewing & Blending Randjena 2021,"€ 9,99",Netherlands,3.95,Zomerdijk Brewing and Blending,7%,Wild Ale - Other,Bottle 375ml,"€ 26,64 per litre"
Zomerdijk Brewing & Blending Rowie 2021,"€ 9,99",Netherlands,3.87,Zomerdijk Brewing and Blending,7%,Wild Ale - Other,Bottle 375ml,"€ 26,64 per litre"
Zomerdijk Brewing & Blending Anne 2021,"€ 9,99",Netherlands,3.79,Zomerdijk Brewing and Blending,7%,Wild Ale - Other,Bottle 375ml,"€ 26,64 per litre"
Orval,"€ 3,39",Belgium,3.68,Brasserie d'Orval,6.2%,Pale Ale - Belgian,330ml,"€ 10,27 per litre"
Donker,"€ 3,29",Belgium,3.64,Kasteel Brouwerij Vanhonsebrouck,11%,Belgian Quadrupel,330ml,"€ 9,97 per litre"
Tripel,"€ 3,10",Belgium,3.63,Kasteel Brouwerij Vanhonsebrouck,11%,Belgian Tripel,330ml,"€ 9,39 per litre"
Cherry Chouffe,"€ 3,29",Belgium,3.50,Brasserie d'Achouffe,8%,Fruit Beer,330ml,"€ 9,97 per litre"
Maneblusser,"€ 2,49",Belgium,3.46,Brouwerij Het Anker,5.8%,Belgian Blonde,330ml,"€ 7,55 per litre"
Rouge (0.0),"€ 2,59",Belgium,3.39,Kasteel Brouwerij Vanhonsebrouck,5.8%,Non-Alcoholic - Other,330ml,"€ 7,85 per litre"
Kasteel Xtra,"€ 2,49",Belgium,3.31,Kasteel Brouwerij Vanhonsebrouck,6.5%,IPA - Belgian,330ml,"€ 7,55 per litre"
Rye Whiskey BA Cubist,"€ 10,00",Romania,4.23,Blackout Brewing,10.5%,Stout - Imperial / Double Coffee,330ml,"€ 30,30 per litre"
Let's Gose To The Beach,"€ 3,95",Netherlands,3.36,Jopen,4%,Sour - Other Gose,330ml,"€ 11,97 per litre"
Cherry x Peach x Vanilla Smoohie Sour,"€ 6,75",Latvia,4.16,Ārpus Brewing Co.,4.5%,Sour - Smoothie / Pastry,40ml,"€ 168,75 per litre"
Cherry x Vanilla Smoothie Sour,"€ 6,75",Latvia,4.16,Ārpus Brewing Co.,4.5%,Sour - Smoothie / Pastry,Can 440ml,"€ 15,34 per litre"
Red Currant x Apricot x Cherry x Vanilla x Coconut Sour,"€ 5,50",Latvia,4.05,Ārpus Brewing Co.,5%,Sour - Smoothie / Pastry,Can 440ml,"€ 12,50 per litre"
TDH Waimea DIPA,"€ 6,10",Latvia,3.99,Ārpus Brewing Co.,8%,IPA - Imperial / Double New England / Hazy,Can 440ml,"€ 13,86 per litre"
DDH Mosaic x Citra Pale Ale,"€ 5,25",Latvia,3.86,Ārpus Brewing Co.,5%,Pale Ale - New England / Hazy,Can 440ml,"€ 11,93 per litre"
Gaelic Amore,"€ 4,95",Ireland,3.79,Lough Gill Brewery,7%,IPA - New England / Hazy,Can 440ml,"€ 11,25 per litre"
Double-Decoction Spalter Select Pilsner,"€ 4,75",Latvia,3.59,Ārpus Brewing Co.,5%,Pilsner - German,Can 440ml,"€ 10,80 per litre"
Astro Fluff,"€ 8,29",United States,3.85,Equilibrium Brewery,6.5%,IPA - American,473ml,"€ 17,53 per litre"
Big Bird,"€ 14,49",United States,4.39,Trillium Brewing Company,8.5%,IPA - Imperial / Double New England / Hazy,473ml,"€ 17,53 per litre"
Daily Serving: Raspberry & Passion Fruit,"€ 13,29",United States,4.28,Trillium Brewing Company,4.2%,Sour - Fruited Berliner Weisse,473ml,"€ 17,53 per litre"
DDH Dream In Green,"€ 11,29",United States,4.24,Other Half Brewing Co.,6.2%,IPA - New England / Hazy,473ml,"€ 23,87 per litre"
DDH Oh...,"€ 9,03",United States,4.20,Other Half Brewing Co.,6%,IPA - New England / Hazy,473ml,"€ 19,09 per litre"
Comfort Hops,"€ 12,69",United States,4.19,Other Half Brewing Co.,8.5%,IPA - Imperial / Double New England / Hazy,473ml,"€ 19,09 per litre"
dHop15,"€ 8,49",United States,4.17,Equilibrium Brewery,8.5%,IPA - Imperial / Double,473ml,"€ 19,09 per litre"
Out For Trout,"€ 12,69",United States,4.17,Other Half Brewing Co.,8%,IPA - Imperial / Double New England / Hazy,473ml,"€ 19,09 per litre"
Congo Vanilla Crown And Crate,"€ 14,49",United States,4.15,Trillium Brewing Company,8.5%,IPA - Imperial / Double New England / Hazy,473ml,"€ 19,09 per litre"
Riwaka Chroma,"€ 11,29",United States,4.13,Other Half Brewing Co.,6.3%,IPA - New Zealand,473ml,"€ 19,09 per litre"
Double Fractal Circular Inversion,"€ 8,49",United States,4.10,Equilibrium Brewery,8.5%,IPA - Imperial / Double,473ml,"€ 17,95 per litre"
Cream Get the Honey,"€ 11,29",United States,4.08,Other Half Brewing Co.,6%,IPA - New England / Hazy,473ml,"€ 17,95 per litre"
Blue Cheese,"€ 11,29",United States,4.07,Other Half Brewing Co.,6.5%,IPA - New England / Hazy,473ml,"€ 17,95 per litre"
Ain't That Something,"€ 8,90",Netherlands,3.74,Brouwerij Eembier,9%,Sour - Other,Bottle 375ml,"€ 23,73 per litre"
Disciples Of Quad Belgian Quadrupel,"€ 5,19",Sweden,3.66,Beerbliotek,12%,Belgian Quadrupel,330ml,"€ 15,73 per litre"
Bobek Citra Pale Ale,"€ 4,49",Sweden,3.62,Beerbliotek,5.5%,Pale Ale - American,330ml,"€ 13,61 per litre"
Black Ale Chilli Black IPA,"€ 4,89",Sweden,3.45,Beerbliotek,7.6%,IPA - Black / Cascadian Dark Ale,330ml,"€ 14,82 per litre"
Hazy Mornings In Ipanema West Coast IPA,"€ 4,99",Sweden,3.63,Beerbliotek,6%,IPA - New England / Hazy,330ml,"€ 15,12 per litre"
Numbered Sneakers West Coast IPA,"€ 4,40",Sweden,3.53,Beerbliotek,6.6%,IPA - American,330ml,"€ 13,33 per litre"
Tokyo Unfiltered Rice Lager,"€ 3,69",Sweden,3.16,Beerbliotek,4.5%,Lager - Japanese Rice,330ml,"€ 11,18 per litre"
24/7 – Gestopftes Lager,"€ 3,45",Germany,3.45,FrauGruber Brewing,5.2%,Lager - Helles,Can 440ml,"€ 7,84 per litre"
Dark Knight,"€ 4,40",Belgium,3.84,BramBrass,10%,Belgian Quadrupel,330ml,"€ 13,33 per litre"
Douze,"€ 4,00",Belgium,3.70,Brewery De Meester,12%,Belgian Quadrupel,330ml,"€ 12,12 per litre"
Vals Meesterke,"€ 3,70",Belgium,3.65,Brewery De Meester,9%,Porter - Imperial / Double,330ml,"€ 11,21 per litre"
Meester Dubbel,"€ 3,70",Belgium,3.47,Brewery De Meester,8%,Belgian Dubbel,330ml,"€ 11,21 per litre"
Dead Don't Die Banana,"€ 15,20",Canada,4.06,Third Moon Brewing Company,8.5%,Stout - Imperial / Double Pastry,Can 473ml,"€ 32,14 per litre"
Jailhouse Blog,"€ 3,10",Poland,3.71,Browar Trójmiejski Lubrow,5.2%,Sour - Other,Can 330ml,"€ 9,39 per litre"
Azedo Frutado,"€ 4,10",Poland,3.62,Browar Trójmiejski Lubrow,4.9%,Sour - Catharina,Can 500ml,"€ 8,20 per litre"
Krew Wąpierza,"€ 3,60",Poland,3.57,Browar Sarabanda,4.5%,Sour - Fruited,Can 500ml,"€ 7,20 per litre"
Pyszne Puwi,"€ 3,20",Poland,3.56,Browar Trójmiejski Lubrow,5.5%,Sour - Smoothie / Pastry,Can 330ml,"€ 9,70 per litre"
Słodowy,"€ 2,90",Poland,3.36,Browar Trójmiejski Lubrow,5.2%,Lager - Vienna,Can 500ml,"€ 5,80 per litre"
Why Lager?,"€ 3,10",Poland,3.23,Magic Road,4.5%,Rye Beer,Bottle 500ml,"€ 6,20 per litre"
Sunday (2024),"€ 48,00",United States,4.33,Cycle Brewing Company,12.5%,Barleywine - American,Bottle 750ml,"€ 64,00 per litre"
Pools of Reflection (Batch 2),"€ 37,95",United States,4.32,Private Press Brewing,14.3%,Barleywine - English,500ml,"€ 75,90 per litre"
DBPBBFT+,"€ 62,50",United States,4.31,Garagiste Meadery,15.7%,Mead - Acerglyn / Maple Wine,Bottle 375ml,"€ 166,67 per litre"
Idyllic Contemplations,"€ 25,45",United States,4.31,Sante Adairius Rustic Ales,4.5%,Farmhouse Ale - Saison,Bottle 750ml,"€ 33,93 per litre"
Grey Monday (2021),"€ 39,50",United States,4.30,The Bruery,19%,Stout - Imperial / Double,Bottle 750ml,"€ 52,67 per litre"
3 Year Aged Brewer's Reserve Bourbon Barrel Barleywine (2024),"€ 10,25",United States,4.30,Central Waters Brewing Company,14%,Barleywine - English,355ml,"€ 28,87 per litre"
Central Waters 4 Year Barleywine 2024,"€ 10,75",United States,4.26,Central Waters Brewing Company,14.5%,Barleywine - English,355ml,"€ 30,28 per litre"
Saturday (2024),"€ 48,00",United States,4.18,Cycle Brewing Company,14%,Stout - Imperial / Double,Bottle 750ml,"€ 64,00 per litre"
Duvel Blond,"€ 5,10",Belgium,3.72,Duvel Moortgat,8.5%,Belgian Strong Golden Ale,330ml,"€ 15,45 per litre"
Siren Soundwave Can,"€ 3,40",England,3.72,Siren Craft Brew,5.6%,IPA - American,330ml,"€ 10,30 per litre"
Congruity: Premier Cru 2022,"€ 33,99",Denmark,4.25,Insight Cellars,7.4%,Wild Ale - Other,Bottle 750ml,"€ 45,32 per litre"
Congruity: Moscatel 2022,"€ 33,99",Denmark,4.20,Insight Cellars,8.3%,Wild Ale - Other,Bottle 750ml,"€ 45,32 per litre"
Caram-Elle,"€ 10,02",Belgium,3.86,Lambiek Fabriek,9%,Lambic - Gueuze,Bottle 750ml,"€ 13,36 per litre"
Spectre Sister,"€ 24,92",England,4.25,Mills Brewing,7.2%,Farmhouse Ale - Saison,Bottle 750ml,"€ 33,23 per litre"
Islay Brut - Blend Two,"€ 24,92",England,4.14,Mills Brewing,9%,Bière de Champagne / Bière Brut,Bottle 750ml,"€ 33,23 per litre"
Baladin Xyauyu Etichetta Oro Riserva 2019,"€ 37,50",Italy,4.47,BIRRIFICIO AGRICOLO BALADIN - Baladin Indipendente Italian Farm Brewery,14%,Barleywine - Other,500ml,"€ 75,00 per litre"
Baladin Xyauyu Kioke Riserva 2018,"€ 39,95",Italy,4.38,BIRRIFICIO AGRICOLO BALADIN - Baladin Indipendente Italian Farm Brewery,14%,Barleywine - Other,500ml,"€ 79,90 per litre"
See Foam,"€ 6,60",United States,3.93,Jackie O's Brewery,7%,IPA - New England / Hazy,355ml,"€ 18,59 per litre"
La Goudale Grand Cru,"€ 2,80",France,3.62,Brasserie Goudale - Les Brasseurs de Gayant,7.9%,Farmhouse Ale - Bière de Garde,330ml,"€ 8,48 per litre"
Er Is Maar Één Vader Zoals Jij,"€ 9,95",Netherlands,3.32,Mister Hop,7%,Blonde / Golden Ale - Other,Bottle 750ml,"€ 13,27 per litre"
Cuvée De Chocolatier: Caramel,"€ 41,50",United States,4.33,WeldWerks Brewing Co.,12%,Stout - Imperial / Double,500ml,"€ 83,00 per litre"
Cuvée De Chocolatier: Strawberry,"€ 41,50",United States,4.28,WeldWerks Brewing Co.,11.8%,Stout - Imperial / Double,500ml,"€ 83,00 per litre"
Kriek,"€ 3,60",Netherlands,3.05,Guilty Monkey Brewery,4%,Lambic - Kriek,330ml,"€ 10,91 per litre"
Gruut Amber,"€ 2,45",Belgium,3.33,Gentse Gruut Stadsbrouwerij,5.9%,Historical Beer - Gruit / Ancient Herbed Ale,330ml,"€ 7,42 per litre"
Pollux Dry Hopped Wild Ale,"€ 10,00",Denmark,3.89,Observatoriet,6.5%,Wild Ale - Other,Bottle 375ml,"€ 26,67 per litre"
Taras Boulba Organic Belgian Blonde,"€ 4,60",Belgium,3.35,Brasserie de la Senne,4.5%,Belgian Blonde,330ml,"€ 13,94 per litre"
Scenic Route,"€ 5,60",England,3.76,Ideal Day,4.3%,Kellerbier / Zwickelbier,Bottle 500ml,"€ 11,20 per litre"
Way Out West,"€ 6,00",England,3.66,Ideal Day,4.8%,Pale Ale - English,Bottle 500ml,"€ 12,00 per litre"
Canebrake,"€ 5,60",United States,3.56,Parish Brewing Co.,4.9%,Wheat Beer - American Pale Wheat,Can 355ml,"€ 15,77 per litre"
Render Melted,"€ 6,60",Wales,3.88,Polly's Brew Co.,6.2%,IPA - New England / Hazy,Can 440ml,"€ 15,00 per litre"
Is It Over?,"€ 6,00",Wales,3.82,Polly's Brew Co.,4%,Pale Ale - XPA (Extra Pale),Can 440ml,"€ 13,64 per litre"
The Same Creative,"€ 6,30",Wales,3.66,Polly's Brew Co.,5%,Sour - Fruited,Can 440ml,"€ 14,32 per litre"
Placebo,"€ 2,14",Belgium,3.06,Brasserie Lupulus,0.4%,Non-Alcoholic - Other,Can 440ml,"€ 14,32 per litre"
Today,"€ 24,92",England,4.17,Mills Brewing,6.3%,Wild Ale - Other,Bottle 750ml,"€ 33,23 per litre"
Standing Beer,"€ 11,52",England,4.06,Mills Brewing,7.5%,Farmhouse Ale - Other,Bottle 375ml,"€ 30,72 per litre"
Saison Cider Cask,"€ 24,92",England,4.24,Mills Brewing,5.2%,Farmhouse Ale - Saison,Bottle 750ml,"€ 33,23 per litre"
Resin,"€ 24,92",England,4.10,Mills Brewing,7.8%,Wild Ale - Other,Bottle 750ml,"€ 33,23 per litre"
Amber Lees,"€ 23,61",England,3.96,Mills Brewing,6.6%,Wild Ale - Other,Bottle 750ml,"€ 31,48 per litre"
Fuerst Wiacek x Track It's Been Awhile TDH IPA ( 24),"€ 7,29",England,3.71,North Brewing Co.,5.5%,Pale Ale - American,Can 440ml,"€ 16,57 per litre"
Isle Of Mixed Ferm,"€ 10,40",Scotland,3.71,Up Front Brewing,9.8%,Sour - Fruited,Can 440ml,"€ 23,64 per litre"
Barrel Aged Snowbirds 7,"€ 38,80",United States,4.40,Other Half Brewing Co.,13.8%,Stout - Imperial / Double,500ml,"€ 77,60 per litre"
Barrel Aged Triple Drupe,"€ 38,80",United States,4.35,Other Half Brewing Co.,14.4%,Stout - Imperial / Double Pastry,500ml,"€ 77,60 per litre"
Nelson Nelson John John DIPA,"€ 8,90",Denmark,3.99,Bad Seed Brewing,8%,IPA - Imperial / Double New England / Hazy,Can 440ml,"€ 20,23 per litre"
Pavé Old Brown Wild Ale,"€ 10,10",Denmark,3.75,Observatoriet,7%,Wild Ale - Other,Bottle 375ml,"€ 26,93 per litre"
Repertoire Wild Lager,"€ 8,80",Denmark,3.74,Observatoriet,5%,Wild Ale - Other,Bottle 375ml,"€ 23,47 per litre"
Anvil American Light Lager,"€ 6,80",Denmark,3.51,Bad Seed Brewing,4.4%,Lager - American Light,Can 440ml,"€ 15,45 per litre"
Sunday (2024),"€ 55,00",United States,4.33,Cycle Brewing Company,12.5%,Barleywine - American,Bottle 750ml,"€ 73,33 per litre"
Tuesday (2023),"€ 52,50",United States,4.32,Cycle Brewing Company,12%,Stout - Imperial / Double,Bottle 650ml,"€ 80,77 per litre"
Thursday (2024),"€ 55,00",United States,4.30,Cycle Brewing Company,13%,Stout - Imperial / Double,Bottle 750ml,"€ 73,33 per litre"
Detours Breakfast Brulee (Orange Label),"€ 49,95",United States,4.29,Cycle Brewing Company,12.5%,Stout - Imperial / Double Coffee,Bottle 650ml,"€ 76,85 per litre"
Friday (2023),"€ 52,50",United States,4.22,Cycle Brewing Company,12%,Stout - Imperial / Double Coffee,Bottle 650ml,"€ 80,77 per litre"
Friday (2024),"€ 55,00",United States,4.22,Cycle Brewing Company,12.5%,Stout - Imperial / Double,Bottle 750ml,"€ 73,33 per litre"
Monday (2024),"€ 55,00",United States,4.20,Cycle Brewing Company,12.5%,Stout - Imperial / Double,Bottle 750ml,"€ 73,33 per litre"
Saturday (2024),"€ 55,00",United States,4.18,Cycle Brewing Company,14%,Stout - Imperial / Double,Bottle 750ml,"€ 73,33 per litre"
Tuesday (2024),"€ 55,00",United States,4.15,Cycle Brewing Company,12%,Stout - Imperial / Double,Bottle 750ml,"€ 73,33 per litre"
Wednesday (2024),"€ 55,00",United States,4.13,Cycle Brewing Company,12.5%,Stout - Imperial / Double,Bottle 750ml,"€ 73,33 per litre"
Brewer's Reserve Bourbon Barrel Barleywine,"€ 9,95",United States,4.13,Central Waters Brewing Company,14.3%,Barleywine - American,355ml,"€ 28,03 per litre"
Hafgufa Port BA,"€ 5,70",Netherlands,3.73,Gulden Triomfator,10%,Stout - Imperial / Double,330ml,"€ 17,27 per litre"
Let's Gose To The Beach,"€ 3,75",Netherlands,3.36,Jopen,4%,Sour - Other Gose,330ml,"€ 11,36 per litre"
Wit,"€ 3,30",Netherlands,3.36,Wentersch,5.5%,Wheat Beer - Witbier / Blanche,330ml,"€ 10,00 per litre"
Lervig House Party,"€ 3,29",Norway,3.51,LERVIG,4%,IPA - Session,Can 330ml,"€ 9,97 per litre"
Mikkeller SD- Træblod 2021,"€ 10,95",United States,4.32,Mikkeller Brewing San Diego,12%,Stout - Imperial / Double,Can 470ml,"€ 23,30 per litre"
Gout,"€ 8,15",Belgium,4.00,Brouwerij Boon/ Mikkeller,6.5%,Lambic - Gueuze,Bottle 375ml,"€ 21,73 per litre"
First Foot Forward,"€ 7,05",Denmark,3.88,Mikkeller,8%,IPA - Imperial / Double New England / Hazy,Can 440ml,"€ 16,02 per litre"
Back In The Dayz,"€ 5,21",Denmark,3.81,Mikkeller,10%,IPA - Triple,Can 440ml,"€ 11,84 per litre"
Orval 2024,"€ 3,65",Belgium,3.93,Brasserie d'Orval,6.2%,Pale Ale - Belgian,330ml,"€ 11,06 per litre"
Miscere (2024),"€ 23,95",United States,4.14,Fremont Brewing,14.2%,Strong Ale - American,Bottle 375ml,"€ 63,87 per litre"
SOUP IDAHO 7,"€ 5,25",Spain,3.97,Garage Beer Co.,7%,IPA - New England / Hazy,Can 440ml,"€ 11,93 per litre"
Year of the Dragon,"€ 3,99",Netherlands,3.65,Brouwerij Kees,5.8%,IPA - American,Can 440ml,"€ 9,07 per litre"
Trappist Rochefort Triple,"€ 2,60",Belgium,3.76,Abbaye Notre-Dame de Saint-Rémy,8.1%,Belgian Tripel,330ml,"€ 7,88 per litre"
150 (groen),"€ 3,10",Belgium,3.75,Bières de Chimay,10%,Belgian Strong Golden Ale,330ml,"€ 9,39 per litre"
Rochefort 6,"€ 2,10",Belgium,3.71,Abbaye Notre-Dame de Saint-Rémy,7.5%,Belgian Dubbel,330ml,"€ 6,36 per litre"
Desideer,"€ 2,75",Belgium,3.56,Brouwerij De Bock,9.2%,Belgian Strong Dark Ale,330ml,"€ 8,33 per litre"
Fagnes Griottes,"€ 1,85",Belgium,2.98,Brasserie des Fagnes,4.8%,Fruit Beer,330ml,"€ 8,33 per litre"
Battlemaster (Ghost BATTLEMASTER),"€ 9,45",United States,4.07,Adroit Theory,9%,IPA - Triple,473ml,"€ 19,98 per litre"
Summer In Paradise,"€ 4,25",Netherlands,3.70,Brouwerij Kees,7.9%,IPA - Imperial / Double,330ml,"€ 12,88 per litre"
Bio Gueuze,"€ 14,10",Belgium,4.18,Brasserie Cantillon,5%,Lambic - Gueuze,Bottle 375ml,"€ 37,60 per litre"
CANTILLON – GUEUZE (2023),"€ 24,20",Belgium,4.18,Brasserie Cantillon,5.5%,Lambic - Gueuze,Bottle 375ml,"€ 37,60 per litre"
Supermooi Gezopen Gisteren Gozer,"€ 4,25",Netherlands,3.11,Spebi Brewery,5.6%,Blonde / Golden Ale - Other,330ml,"€ 12,88 per litre"
Sterke Blonde (Glutenvrij),"€ 3,10",Netherlands,3.41,Brouwerij Klein Duimpje,7.2%,Blonde / Golden Ale - Other,330ml,"€ 9,39 per litre"
Saison D'Avon,"€ 4,60",England,3.59,Lost and Grounded Brewers,6.5%,Farmhouse Ale - Saison,Can 440ml,"€ 10,45 per litre"
Helles,"€ 4,20",England,3.57,Lost and Grounded Brewers,4.4%,Lager - Helles,Can 440ml,"€ 9,55 per litre"
Brasserie Goudale Ambree,"€ 2,50",France,3.41,Brasserie Goudale - Les Brasseurs de Gayant,7.2%,Farmhouse Ale - Bière de Garde,330ml,"€ 7,58 per litre"
Saturnus,"€ 3,99",Estonia,3.61,Põhjala,5%,Pale Ale - New England / Hazy,Can 440ml,"€ 9,07 per litre"
"Coffee Connaisseur, moi?","€ 4,39",Netherlands,3.95,Dutch Bargain,13%,Stout - Russian Imperial,330ml,"€ 13,30 per litre"
Pastry Train White Lady,"€ 4,99",Netherlands,3.90,Brouwerij Kees,12%,Stout - Imperial / Double Pastry,330ml,"€ 15,12 per litre"
BRUTALiSTiC Tree,"€ 4,89",Netherlands,3.82,Goede Kant van het Spoor,12.7%,Barleywine - English,330ml,"€ 14,82 per litre"
Quadrupel,"€ 3,99",Netherlands,3.65,Eggens,10%,Belgian Quadrupel,330ml,"€ 12,09 per litre"
Barrel-Aged Clawfoot Bathtub (Red Wax),"€ 34,99",United States,4.15,Fifth Frame Brewing Co.,11.5%,Stout - Imperial / Double,500ml,"€ 69,98 per litre"
5 Minute Window,"€ 8,52",Italy,3.81,Birrificio Wild Raccoon,7%,IPA - American,Can 440ml,"€ 19,36 per litre"
The Dude,"€ 9,13",Italy,3.77,Birrificio Wild Raccoon,6.4%,IPA - New England / Hazy,Can 440ml,"€ 20,75 per litre"
We Are All Puppets,"€ 8,40",Italy,3.70,Birrificio Wild Raccoon,6.3%,IPA - Rye,Can 440ml,"€ 19,09 per litre"
Magic People Yuzu People,"€ 6,90",Scotland,3.77,Overtone Brewing Co,5%,Sour - Fruited Berliner Weisse,Can 440ml,"€ 15,68 per litre"
Veloria Spectra,"€ 7,37",Germany,3.96,Blech.Brut,6.5%,IPA - New England / Hazy,Can 440ml,"€ 16,75 per litre"
Inspiro,"€ 7,28",Germany,3.95,Blech.Brut,6%,IPA - New England / Hazy,Can 440ml,"€ 16,55 per litre"
Fatal Deviation,"€ 9,64",Ireland,3.99,Whiplash,7%,Stout - Imperial / Double,Can 440ml,"€ 21,91 per litre"
Swoon,"€ 8,81",Ireland,3.91,Whiplash,5.5%,IPA - Imperial / Double,Can 440ml,"€ 20,02 per litre"
Reckoner,"€ 7,89",Ireland,3.86,Whiplash,7%,IPA - American,Can 440ml,"€ 17,93 per litre"
Space Operator,"€ 8,62",Ireland,3.83,Whiplash,6.5%,IPA - New England / Hazy,Can 440ml,"€ 19,59 per litre"
Embracing Facts,"€ 8,62",Ireland,3.71,Whiplash,7%,IPA - American,Can 440ml,"€ 19,59 per litre"
Mökkipöperö,"€ 9,35",Finland,3.71,Panimoyhtiö Tuju,6.5%,IPA - American,Can 440ml,"€ 21,25 per litre"
Fruit Salad Days - Blackberry & Raspberry,"€ 9,03",Ireland,3.71,Whiplash,5%,Sour - Fruited Berliner Weisse,Can 440ml,"€ 20,52 per litre"
Kiljuhanhi,"€ 9,03",Finland,3.63,Panimoyhtiö Tuju,7%,IPA - American,Can 440ml,"€ 20,52 per litre"
The International Man of Booze,"€ 9,64",Finland,3.61,Panimoyhtiö Tuju,7%,IPA - American,Can 440ml,"€ 21,91 per litre"
Kalkkaro,"€ 8,40",Finland,3.34,Panimoyhtiö Tuju,5.5%,Lager - American,Can 440ml,"€ 19,09 per litre"
Hokum Stomp,"€ 8,81",England,3.76,DEYA Brewing Company,5.6%,Porter - English,500ml,"€ 17,62 per litre"
Piccadilly Pilsner,"€ 5,29",England,3.60,Cloudwater Brew Co.,4.2%,Pilsner - Other,Can 440ml,"€ 12,02 per litre"
Year Of The Dragon,"€ 4,99",Netherlands,3.65,Brouwerij Kees,5.8%,IPA - American,Can 440ml,"€ 11,34 per litre"
Framboise,"€ 6,30",Belgium,3.77,Brouwerij Lindemans,2.5%,Lambic - Framboise,Bottle 375ml,"€ 16,80 per litre"
Schofferhofer Juicy Pineapple,"€ 2,90",Germany,3.67,Radeberger Gruppe,3.2%,Shandy / Radler,Can 500ml,"€ 5,80 per litre"
Weissbier,"€ 5,30",Germany,3.65,Erdinger Weissbräu,5.3%,Wheat Beer - Hefeweizen,Bottle 500ml,"€ 10,60 per litre"
Schneider Weisse Tap 3 Mein Alkoholfreies,"€ 3,20",Germany,2.89,Schneider Weisse G. Schneider & Sohn,0.3%,Non-Alcoholic - Wheat,500ml,"€ 6,40 per litre"
Finne Small Batch No. 07 Liquid Limes NEIPA,"€ 4,39",England,3.58,Twickenham Fine Ales,4.7%,Stout - Milk / Sweet,330ml,"€ 13,30 per litre"
Duvel,"€ 1,99",Belgium,3.72,Duvel Moortgat,8.5%,Belgian Strong Golden Ale,330ml,"€ 6,03 per litre"
Texels Vuurbaak,"€ 2,70",Netherlands,3.46,Texelse Bierbrouwerij,5.5%,Red Ale - Irish,300ml,"€ 9,00 per litre"
Antigoon Courageous WIPA,"€ 2,75",Belgium,3.45,Brouwerij The Musketeers,6%,IPA - White / Wheat,330ml,"€ 8,33 per litre"
Bier Met Het Cijfer 1,"€ 3,95",Netherlands,3.33,Mister Hop,5.5%,Blonde / Golden Ale - Other,330ml,"€ 11,97 per litre"
Bier Met Het Cijfer 7,"€ 3,95",Netherlands,3.33,Mister Hop,5.5%,Blonde / Golden Ale - Other,330ml,"€ 11,97 per litre"
Bier Met De Letter V,"€ 3,95",Netherlands,3.30,Mister Hop,5.5%,Blonde / Golden Ale - Other,330ml,"€ 11,97 per litre"
Mango x Pineapple x Passionfruit Smoothie Sour Ale,"€ 6,90",Latvia,4.26,Ārpus Brewing Co.,5%,Sour - Smoothie / Pastry,Can 440ml,"€ 15,68 per litre"
Elixer New England IPA,"€ 4,00",Netherlands,3.65,Walhalla Brouwerij & Proeflokaal,6%,IPA - New England / Hazy,Can 330ml,"€ 12,12 per litre"
Zeus DIPA,"€ 4,60",Netherlands,3.65,Walhalla Brouwerij & Proeflokaal,8%,IPA - Imperial / Double,Can 330ml,"€ 13,94 per litre"
Loki Golden IPA,"€ 3,75",Netherlands,3.58,Walhalla Brouwerij & Proeflokaal,5.5%,IPA - American,Can 330ml,"€ 11,36 per litre"
Nabu Mango IPA,"€ 4,10",Netherlands,3.57,Walhalla Brouwerij & Proeflokaal,6%,IPA - Fruited,Can 330ml,"€ 12,42 per litre"
La Verguenza,"€ 4,00",Belgium,3.76,Brasserie de la Senne,7.5%,IPA - Imperial / Double,330ml,"€ 12,12 per litre"
LaCalavera 6er,"€ 38,20",Spain,3.83,La Calavera,6.4%,Sour - Other,2130ml,"€ 17,93 per litre"
Paket 8er,"€ 78,30",Hungary,3.55,Fehér Nyúl,6.8%,IPA - American,3390ml,"€ 23,10 per litre"
Imperial Brown Stout London 1856,"€ 5,49",England,4.06,The Kernel Brewery,10.1%,Stout - Russian Imperial,330ml,"€ 16,64 per litre"
Export Stout London 1890,"€ 4,29",England,3.95,The Kernel Brewery,6.6%,Stout - Foreign / Export,330ml,"€ 13,00 per litre"
Æthelstan,"€ 4,59",Netherlands,3.77,Big Belly Brewing Company,10%,Stout - Imperial / Double,330ml,"€ 13,91 per litre"
Kutbier (Blond met Pruimen),"€ 3,99",Netherlands,3.36,Brouwerij Boegbeeld,6.3%,Belgian Blonde,330ml,"€ 12,09 per litre"
Queen Bee(r),"€ 3,39",Netherlands,3.34,Brouwerij Hoop,5.5%,Honey Beer,330ml,"€ 10,27 per litre"
Lervig Lucky Jack *Grapefruit Edition* Can,"€ 3,40",Norway,3.42,LERVIG,4.7%,Pale Ale - Fruited,330ml,"€ 10,30 per litre"
Bliss #2,"€ 8,30",Greece,4.03,Strange Brew,10%,IPA - Triple,Can 440ml,"€ 18,86 per litre"
Whirl Domination,"€ 6,74",Denmark,3.78,To Øl,6.2%,IPA - New England / Hazy,Can 440ml,"€ 15,32 per litre"
Mash Test Yummies BA 2023,"€ 9,45",Denmark,4.22,To Øl,11.8%,Stout - Imperial / Double Pastry,330ml,"€ 28,64 per litre"
"Smoke On the Porter, Fire In the Rye BA (2023)","€ 9,96",Denmark,4.01,To Øl,11.1%,Porter - Smoked,330ml,"€ 30,18 per litre"
#DIPA,"€ 7,57",Denmark,3.84,To Øl,8.7%,IPA - Imperial / Double New England / Hazy,Can 440ml,"€ 17,20 per litre"
Stereo Mono Mosaic,"€ 6,54",Denmark,3.78,To Øl,6.8%,IPA - New England / Hazy,Can 440ml,"€ 14,86 per litre"
American Barleywine 2023,"€ 12,45",England,3.91,Rivington Brewing Co,11.2%,Barleywine - American,Bottle 375ml,"€ 33,20 per litre"
Venom,"€ 10,28",Romania,4.13,Bereta Brewing Co.,10%,Stout - Imperial / Double Pastry,330ml,"€ 31,15 per litre"
Damn That Feels Nice,"€ 7,37",Romania,3.88,Bereta Brewing Co.,6.2%,IPA - New England / Hazy,Can 440ml,"€ 16,75 per litre"
Sidekick IPA,"€ 6,54",Ireland,3.58,Rascals Brewing Co,5.3%,IPA - American,Can 440ml,"€ 14,86 per litre"
Yankee White IPA,"€ 6,54",Ireland,3.56,Rascals Brewing Co,5%,IPA - White / Wheat,Can 440ml,"€ 14,86 per litre"
Happy Days Session Pale Ale,"€ 6,54",Ireland,3.52,Rascals Brewing Co,4.1%,Pale Ale - American,Can 440ml,"€ 14,86 per litre"
Mine!,"€ 5,20",Romania,3.52,Bereta Brewing Co.,5%,Pilsner - Other,Can 440ml,"€ 11,82 per litre"
Jailbreak,"€ 5,30",Ireland,3.41,Rascals Brewing Co,4.2%,Lager - Helles,Can 440ml,"€ 12,05 per litre"
Pink Lemonade,"€ 6,54",Ireland,3.34,Rascals Brewing Co,4.2%,Sour - Fruited,Can 440ml,"€ 14,86 per litre"
Tenebris (Ghost TENEBRIS),"€ 11,99",United States,4.07,Adroit Theory,9%,IPA - Triple,473ml,"€ 25,35 per litre"
Braaaaaaaains – Blackberry Bellini Zing,"€ 9,99",United States,4.04,Drekker Brewing Company,6.3%,Sour - Smoothie / Pastry,473ml,"€ 21,12 per litre"
Silent Ritual,"€ 39,53",Denmark,3.89,WarPigs Brewpub,12.8%,Stout - Imperial / Double,Bottle 375ml,"€ 105,41 per litre"
Vanilla Gorilla,"€ 39,53",Denmark,3.79,WarPigs Brewpub,13%,Porter - Imperial / Double Baltic,Bottle 375ml,"€ 105,41 per litre"
Export India Porter,"€ 3,99",England,3.83,The Kernel Brewery,6.5%,Porter - Other,Bottle 375ml,"€ 105,41 per litre"
Big Doink,"€ 8,40",Denmark,4.01,Gamma Brewing Company,8%,IPA - Imperial / Double New England / Hazy,Can 440ml,"€ 19,09 per litre"
Shangri Lager,"€ 4,79",Sweden,3.37,Stigbergets Bryggeri,5%,Lager - Helles,330ml,"€ 14,52 per litre"
Cuvée Devillé,"€ 3,19",Belgium,3.32,Den Herberg,6.2%,Brett Beer,Bottle 330ml,"€ 9,67 per litre"
This KIHOSKH Needs An Even More Bigger Beer Selection Sour x Evil Twin NYC,"€ 11,00",United States,4.37,Evil Twin Brewing NYC,7%,Sour - Fruited,473ml,"€ 23,26 per litre"
Sip And Spin Breakfast Stout,"€ 12,70",Canada,4.07,Wood Brothers Brewing Co.,9.5%,Stout - Coffee,473ml,"€ 26,85 per litre"
Even More KIHOSKH Imperial Stout x Evil Twin NYC,"€ 10,20",United States,3.82,Evil Twin Brewing NYC,11%,Stout - Imperial / Double,473ml,"€ 21,56 per litre"
Messie,"€ 5,50",Poland,4.14,Browar Stu Mostów,6%,Sour - Smoothie / Pastry,Can 440ml,"€ 12,50 per litre"
New England IPA,"€ 4,10",Poland,3.92,Browar Stu Mostów,6.2%,IPA - New England / Hazy,Bottle 500ml,"€ 8,20 per litre"
Hop Hop Hoppy,"€ 4,10",Poland,3.52,Browar Stu Mostów,2.9%,Grodziskie / Grätzer,Can 440ml,"€ 9,32 per litre"
Golden Ale,"€ 3,50",Spain,3.46,Yria Cervezas,5.5%,Pale Ale - American,Bottle 330ml,"€ 10,61 per litre"
So Pitted,"€ 8,81",Denmark,3.74,Gamma Brewing Company,8%,IPA - Imperial / Double,Can 440ml,"€ 20,02 per litre"
Berry Doink,"€ 9,23",Denmark,3.52,Gamma Brewing Company,6.5%,IPA - Milkshake,Can 440ml,"€ 20,98 per litre"
Keep Near Until Done,"€ 7,57",Denmark,3.40,Gamma Brewing Company,5%,Pale Ale - American,Can 440ml,"€ 17,20 per litre"
Stacker,"€ 6,96",Denmark,3.29,Gamma Brewing Company,2.8%,IPA - Session,Can 440ml,"€ 15,82 per litre"
Van Aert Gueuze Litchi,"€ 9,83",Belgium,3.89,Belgoo,7.2%,Lambic - Fruit,Bottle 750ml,"€ 13,11 per litre"
Oude Geuze Black Label Edition N°8,"€ 9,83",Belgium,3.79,Brouwerij Boon,7%,Lambic - Gueuze,Bottle 750ml,"€ 13,11 per litre"
Ecorce Bio,"€ 6,90",France,4.22,Sacrilège,8.4%,Sour - Flanders Oud Bruin,330ml,"€ 20,91 per litre"
Ecorce Bio,"€ 15,00",France,4.22,Sacrilège,8.4%,Sour - Flanders Oud Bruin,330ml,"€ 45,45 per litre"
Triple A,"€ 4,75",Netherlands,3.60,Mister Hop,8.5%,Belgian Tripel,330ml,"€ 14,39 per litre"
Rood-Wit-Blauw,"€ 4,75",Netherlands,3.50,Mister Hop,7.5%,Belgian Tripel,330ml,"€ 14,39 per litre"
Gueuze,"€ 3,30",Belgium,3.41,Brouwerij Lindemans,5%,Lambic - Gueuze,Bottle 250ml,"€ 13,20 per litre"
Divona IPL,"€ 5,35",Netherlands,3.67,Walhalla Brouwerij & Proeflokaal,5.8%,Lager - IPL (India Pale Lager),Can 440ml,"€ 12,16 per litre"
Tree of Fire,"€ 34,95",United States,3.93,Tree House Brewing Company,11%,Barleywine - Other,Can 440ml,"€ 12,16 per litre"
Whistle Monkee,"€ 16,49",United States,4.37,Firestone Walker Brewing Company,13%,Belgian Quadrupel,Can 440ml,"€ 12,16 per litre"
"No Ends, Only Beginnings / Highland Park","€ 19,99",United States,4.29,Firestone Walker Brewing Company,12%,Stout - Imperial / Double,Can 440ml,"€ 12,16 per litre"
Parabola 2024,"€ 16,49",United States,4.29,Firestone Walker Brewing Company,13.8%,Stout - Russian Imperial,355ml,"€ 46,45 per litre"
Between Two Grahams,"€ 16,49",United States,4.21,Firestone Walker Brewing Company,11.5%,Stout - Imperial / Double,355ml,"€ 46,45 per litre"
Bravissimo,"€ 16,49",United States,4.16,Firestone Walker Brewing Company,12%,Brown Ale - Imperial / Double,355ml,"€ 46,45 per litre"
Imperial Walker's Reserve,"€ 19,99",United States,4.13,Firestone Walker Brewing Company,11.5%,Porter - Imperial / Double,355ml,"€ 46,45 per litre"
Huge Arker Bourbon Barrel Imperial Stout,"€ 7,29",United States,4.09,Anderson Valley Brewing Company,15.5%,Stout - Russian Imperial,355ml,"€ 46,45 per litre"
Fuzzy Feeling / Beachwood,"€ 18,49",United States,4.04,Firestone Walker Brewing Company,7.1%,Wild Ale - American,355ml,"€ 46,45 per litre"
California pFriemin' / pFriem,"€ 18,49",United States,4.03,Firestone Walker Brewing Company,6.9%,Farmhouse Ale - Saison,355ml,"€ 46,45 per litre"
Briney Melon Gose,"€ 3,99",United States,3.76,Anderson Valley Brewing Company,4.2%,Sour - Fruited Gose,355ml,"€ 11,24 per litre"
Framboise Rose Gose,"€ 3,99",United States,3.74,Anderson Valley Brewing Company,4.2%,Sour - Fruited Gose,355ml,"€ 11,24 per litre"
Salted Caramel Bourbon Barrel Aged Porter,"€ 6,49",United States,3.71,Anderson Valley Brewing Company,9.5%,Porter - Other,355ml,"€ 18,28 per litre"
Road Tripper,"€ 3,99",United States,3.71,Crooked Stave Artisan Beer Project,6%,Red Ale - American Amber / Red,355ml,"€ 18,28 per litre"
Blood Orange Gose,"€ 3,99",United States,3.71,Anderson Valley Brewing Company,4.2%,Sour - Fruited Gose,355ml,"€ 11,24 per litre"
Tropical Hazy Sour,"€ 3,99",United States,3.68,Anderson Valley Brewing Company,4.3%,Sour - Fruited,355ml,"€ 11,24 per litre"
Double IPA,"€ 4,29",United States,3.66,Anderson Valley Brewing Company,8.8%,IPA - Imperial / Double,355ml,"€ 11,24 per litre"
Von Pilsner,"€ 3,49",United States,3.65,Crooked Stave Artisan Beer Project,5%,Kellerbier / Zwickelbier,355ml,"€ 11,24 per litre"
West Coast IPA,"€ 3,69",United States,3.63,Anderson Valley Brewing Company,7.6%,IPA - American,355ml,"€ 11,24 per litre"
Down Under,"€ 3,99",United States,3.63,Crooked Stave Artisan Beer Project,6.5%,IPA - Other,355ml,"€ 11,24 per litre"
Cherry Gose,"€ 3,99",United States,3.61,Anderson Valley Brewing Company,4.2%,Sour - Fruited Gose,355ml,"€ 11,24 per litre"
"The Kimmie, The Yink and The Holy Gose","€ 3,99",United States,3.59,Anderson Valley Brewing Company,4.2%,Sour - Traditional Gose,335ml,"€ 11,91 per litre"
Hop Ottin',"€ 4,29",United States,3.55,Anderson Valley Brewing Company,7%,IPA - American,355ml,"€ 12,08 per litre"
Black Light,"€ 3,99",United States,3.38,Anderson Valley Brewing Company,3.8%,Dark Ale,,
Poleeko Pale Ale,"€ 3,99",United States,3.38,Anderson Valley Brewing Company,5%,Pale Ale - American,,
Wired And Gold,"€ 7,37",Spain,3.71,Garage Beer Co.,6%,Sour - Fruited Berliner Weisse,Can 440ml,"€ 16,75 per litre"
P9,"€ 5,40",Spain,3.64,Garage Beer Co.,4%,Sour - Fruited Berliner Weisse,330ml,"€ 16,36 per litre"
Baladin Elixir,"€ 8,95",Italy,3.73,BIRRIFICIO AGRICOLO BALADIN - Baladin Indipendente Italian Farm Brewery,10%,Belgian Strong Dark Ale,Bottle 750ml,"€ 11,93 per litre"
Baladin Rock 'n Roll,"€ 8,95",Italy,3.55,BIRRIFICIO AGRICOLO BALADIN - Baladin Indipendente Italian Farm Brewery,7.5%,Pale Ale - American,Bottle 750ml,"€ 11,93 per litre"
Big Bird,"€ 12,59",United States,4.39,Trillium Brewing Company,8.5%,IPA - Imperial / Double New England / Hazy,Can 470ml,"€ 26,79 per litre"
Mettle,"€ 11,47",United States,4.33,Trillium Brewing Company,8.4%,IPA - Imperial / Double New England / Hazy,Can 470ml,"€ 24,40 per litre"
Daily Serving: Raspberry & Passionfruit,"€ 10,79",United States,4.28,Trillium Brewing Company,4.2%,Sour - Fruited Berliner Weisse,Can 470ml,"€ 22,96 per litre"
Congress Street,"€ 11,04",United States,4.27,Trillium Brewing Company,7.2%,IPA - American,Can 470ml,"€ 23,49 per litre"
Fort Point Pale Ale,"€ 10,62",United States,4.21,Trillium Brewing Company,6.6%,Pale Ale - American,Can 470ml,"€ 22,60 per litre"
Congo Vanilla Crown & Crate,"€ 11,89",United States,4.15,Trillium Brewing Company,8.5%,IPA - Imperial / Double New England / Hazy,Can 470ml,"€ 25,30 per litre"
Lervig Hype Dream Raspberry & Blackberry,"€ 5,97",Norway,3.80,LERVIG,6.5%,Sour - Smoothie / Pastry,330ml,"€ 18,09 per litre"
Lervig Ginger Beer,"€ 3,19",Norway,3.20,LERVIG,4.7%,Hard Ginger Beer,330ml,"€ 9,67 per litre"
Hydra,"€ 10,60",Spain,4.19,Basqueland Brewing,10%,IPA - Triple New England / Hazy,Can 440ml,"€ 24,09 per litre"
Muddle Jumble,"€ 7,69",Spain,3.93,Basqueland Brewing,5.8%,IPA - New England / Hazy,Can 440ml,"€ 17,48 per litre"
Komodo,"€ 9,03",Spain,3.92,Basqueland Brewing,8%,IPA - Imperial / Double New England / Hazy,Can 440ml,"€ 20,52 per litre"
Micro Machines,"€ 7,69",Spain,3.76,Basqueland Brewing,5%,IPA - Session,Can 440ml,"€ 17,48 per litre"
Dark Side of Orange,"€ 8,52",Sweden,4.11,Stigbergets Bryggeri,10%,IPA - Triple,330ml,"€ 25,82 per litre"
Bill,"€ 7,47",Sweden,4.06,Stigbergets Bryggeri,8.2%,IPA - Imperial / Double,Can 440ml,"€ 16,98 per litre"
Big Bourbon Barrel Aged Stout 2020,"€ 9,23",Sweden,4.15,Stigbergets Bryggeri,13.5%,Stout - Imperial / Double,330ml,"€ 27,97 per litre"
Trouble Sleep (Bourbon BA),"€ 9,77",Sweden,4.06,Stigbergets Bryggeri,12.5%,Stout - Imperial / Double,330ml,"€ 29,61 per litre"
Triple Haze,"€ 8,72",Sweden,4.04,Stigbergets Bryggeri,10%,IPA - Triple New England / Hazy,Can 440ml,"€ 19,82 per litre"
Juice Head Baby,"€ 9,13",Sweden,3.62,Stigbergets Bryggeri,7%,Sour - Smoothie / Pastry,Can 440ml,"€ 20,75 per litre"
Mucho Mucho Citra 2024,"€ 10,50",Spain,4.09,Basqueland Brewing,8%,IPA - Imperial / Double New England / Hazy,Can 440ml,"€ 23,86 per litre"
Citra Ronin,"€ 10,10",Greece,3.98,Seven Island Brewery,8%,IPA - Imperial / Double New England / Hazy,Can 440ml,"€ 22,95 per litre"
Seven Island x Mason Aleworks Skull Smasher,"€ 10,10",Greece,3.97,Seven Island Brewery,8%,IPA - Imperial / Double New England / Hazy,Can 440ml,"€ 22,95 per litre"
Dubbelmas,"€ 6,54",Sweden,4.05,Stigbergets Bryggeri,8.5%,IPA - Imperial / Double New England / Hazy,330ml,"€ 19,82 per litre"
Double Headed DDH West Coast IPA,"€ 7,89",Sweden,4.02,Stigbergets Bryggeri,6.5%,IPA - American,Can 440ml,"€ 17,93 per litre"
Session IPA,"€ 5,08",Sweden,3.65,Stigbergets Bryggeri,3.5%,IPA - Session,Can 440ml,"€ 11,55 per litre"
Schwarzer Coconut Dark Ale,"€ 93,20",United States,4.55,Anchorage Brewing Company,16%,Dark Ale,473ml,"€ 197,04 per litre"
Schwarzer Double Oaked Double Dark Ale,"€ 93,20",United States,4.49,Anchorage Brewing Company,16%,Dark Ale,473ml,"€ 197,04 per litre"
Hayden Nectar Bourbon Barrel Aged Stout,"€ 58,40",United States,4.39,3 Sons Brewing Co.,15%,Stout - Imperial / Double,500ml,"€ 116,80 per litre"
Toxicité Milk Stout,"€ 15,10",Canada,4.35,Brasserie du Bas-Canada,7%,Stout - Milk / Sweet,473ml,"€ 31,92 per litre"
Pools Of Reflection Batch #2 Barleywine,"€ 50,90",United States,4.32,Private Press Brewing,14.3%,Barleywine - English,500ml,"€ 101,80 per litre"
2 Year Aged Brewer's Reserve Bourbon Barrel Barleywine,"€ 11,30",United States,4.26,Central Waters Brewing Company,14.5%,Barleywine - American,355ml,"€ 31,83 per litre"
Fractional BA Moonpie Imperial Stout,"€ 49,00",United States,4.22,3 Sons Brewing Co.,13%,Stout - Imperial / Double Pastry,500ml,"€ 98,00 per litre"
Brewer's Reserve Vanilla Bean Stout,"€ 11,30",United States,4.16,Central Waters Brewing Company,11.8%,Stout - Imperial / Double,355ml,"€ 31,83 per litre"
Brewer's Reserve Bourbon Barrel Barleywine,"€ 11,30",United States,4.13,Central Waters Brewing Company,13.5%,Barleywine - American,355ml,"€ 31,83 per litre"
Speedway Stout New Orleans Café Edition,"€ 12,00",United States,4.00,AleSmith Brewing Company,12%,Stout - Imperial / Double Coffee,473ml,"€ 25,37 per litre"
AleSmith's Non-Alcoholic IPA,"€ 6,10",United States,3.30,AleSmith Brewing Company,0.4%,Non-Alcoholic - IPA,355ml,"€ 17,18 per litre"
Non-Alcoholic Speedway Stout,"€ 5,90",United States,3.13,AleSmith Brewing Company,0.4%,Non-Alcoholic - Porter / Stout,355ml,"€ 16,62 per litre"
"Grande Réserve Fermentée En Barriques Chêne Français, Chêne Américain (08/2019)","€ 15,95",Belgium,4.14,Bières de Chimay,10.5%,Belgian Strong Dark Ale,Bottle 375ml,"€ 42,53 per litre"
Isid'Or Tripel,"€ 6,95",Netherlands,3.75,Bierbrouwerij De Koningshoeven,7.5%,Belgian Strong Golden Ale,Bottle 750ml,"€ 9,27 per litre"
Blond,"€ 6,95",Netherlands,3.67,Bierbrouwerij De Koningshoeven,6.5%,Belgian Blonde,Bottle 750ml,"€ 9,27 per litre"
Bigfoot American Barleywine 2022,"€ 4,15",United States,3.64,Sierra Nevada Brewing Co.,9.6%,Barleywine - American,355ml,"€ 11,69 per litre"
Juicy Joker New England IPA,"€ 3,90",Netherlands,3.50,KOMPAAN Dutch Craft Beer Company,6%,IPA - New England / Hazy,Can 330ml,"€ 11,82 per litre"
Swingers Gose,"€ 3,50",Netherlands,3.33,Oedipus Brewing,4%,Sour - Fruited Gose,330ml,"€ 10,61 per litre"
Amber Ale Glutenvrij Biologisch,"€ 3,05",Belgium,2.93,Brasserie de Brunehaut,6.5%,Gluten-Free,330ml,"€ 9,24 per litre"
Biologisch Glutenvrij Pils,"€ 2,70",Belgium,2.87,Mongozo,5%,Gluten-Free,330ml,"€ 8,18 per litre"
Dragora Blond,"€ 4,19",Belgium,3.59,Enigma,7%,Blonde / Golden Ale - Other,330ml,"€ 12,70 per litre"
ÜberQuell Fruity Flamango Fruit Ale,"€ 3,39",Germany,3.57,ÜberQuell Brauwerkstätten,5.2%,Sour - Fruited,330ml,"€ 10,27 per litre"
Dolden Sommer Sud BIO,"€ 2,69",Germany,3.55,Riedenburger Brauhaus,3.8%,IPA - Session,330ml,"€ 8,15 per litre"
Black Fuel Strong Dark,"€ 4,19",Belgium,3.48,Enigma,9.5%,Belgian Strong Dark Ale,330ml,"€ 12,70 per litre"
All Star Citra,"€ 7,19",United States,3.67,3 Sons Brewing Co.,6.5%,IPA - New England / Hazy,473ml,"€ 15,20 per litre"
Stereo Sets: The Purple Tape,"€ 7,99",United States,3.92,3 Sons Brewing Co.,8%,IPA - Imperial / Double New England / Hazy,473ml,"€ 16,89 per litre"
Barrel-Aged Speedway Stout: Vanilla Shake,"€ 14,49",United States,4.30,AleSmith Brewing Company,14.3%,Stout - Imperial / Double Coffee,473ml,"€ 30,63 per litre"
Zipper Ripper: Honey Combover (2024),"€ 9,19",United States,4.20,Hoof Hearted Brewing,10%,IPA - Triple,473ml,"€ 19,43 per litre"
3DH Roller Blabe (2024),"€ 8,39",United States,4.19,Hoof Hearted Brewing,8%,IPA - Imperial / Double,473ml,"€ 17,74 per litre"
Barrel-Aged Speedway Stout: Coconut Vanilla Edition (2023),"€ 14,49",United States,4.17,AleSmith Brewing Company,13.2%,Stout - Imperial / Double Coffee,473ml,"€ 30,63 per litre"
Blazed Orange Milkshake,"€ 9,35",United States,4.30,Hop Butcher For The World,7.5%,IPA - Milkshake,473ml,"€ 19,77 per litre"
Cosmic Fountain,"€ 9,89",United States,4.29,Hop Butcher For The World,7.5%,IPA - Imperial / Double New England / Hazy,473ml,"€ 20,91 per litre"
Get In Mah' Belly!,"€ 10,35",United States,4.26,Knotted Root Brewing Company,10%,IPA - Triple,473ml,"€ 21,88 per litre"
Flips and Cartwheels,"€ 7,59",United States,4.20,Little Willow Brewing Company,8%,IPA - Imperial / Double New England / Hazy,473ml,"€ 16,05 per litre"
Only Interested In Bangers,"€ 9,89",United States,4.15,Hop Butcher For The World,8%,IPA - Imperial / Double New England / Hazy,473ml,"€ 20,91 per litre"
Penalty Shot,"€ 7,59",United States,4.12,Little Willow Brewing Company,8.1%,IPA - Imperial / Double New England / Hazy,473ml,"€ 16,05 per litre"
Days Months Years,"€ 8,32",United States,4.21,Long Live Beerworks,8.2%,IPA - Imperial / Double New England / Hazy,473ml,"€ 17,59 per litre"
Hopeless Romantic,"€ 8,32",United States,4.19,Long Live Beerworks,8.2%,IPA - Imperial / Double,473ml,"€ 17,59 per litre"
Kittens Inspired By Kittens,"€ 8,32",United States,4.19,Long Live Beerworks,8.2%,IPA - Imperial / Double New England / Hazy,473ml,"€ 17,59 per litre"
Rochefort 10,"€ 3,50",Belgium,4.05,Abbaye Notre-Dame de Saint-Rémy,11.3%,Belgian Quadrupel,330ml,"€ 10,61 per litre"
La Trappe Quadrupel,"€ 2,35",Netherlands,3.91,Bierbrouwerij De Koningshoeven,10%,Belgian Quadrupel,330ml,"€ 7,12 per litre"
Juice Punch,"€ 3,80",Netherlands,3.68,Brouwerij Frontaal,5.8%,IPA - New England / Hazy,330ml,"€ 11,52 per litre"
Fourchette,"€ 2,85",Belgium,3.68,Brouwerij Van Steenberge,7.5%,Belgian Tripel,330ml,"€ 11,52 per litre"
Une Valse à Cent Temps,"€ 7,10",France,4.17,Fauve,10%,IPA - Triple New England / Hazy,330ml,"€ 21,52 per litre"
Tiramisu d'Occitanie,"€ 8,10",France,4.08,Fauve,12%,Stout - Imperial / Double,330ml,"€ 24,55 per litre"
Racine Bio,"€ 15,00",France,4.06,Sacrilège,6.5%,Wild Ale - Other,Bottle 750ml,"€ 20,00 per litre"
Racine Bio,"€ 7,00",France,4.06,Sacrilège,6.5%,Wild Ale - Other,Bottle 750ml,"€ 9,33 per litre"
Sur les Rouges Collines,"€ 6,30",France,3.90,Fauve,6.5%,Sour - Smoothie / Pastry,330ml,"€ 19,09 per litre"
Loomi Bio,"€ 8,70",France,3.73,Sacrilège,4.6%,Sour - Other,330ml,"€ 19,09 per litre"
Bouton d'Or,"€ 5,00",France,3.72,Fauve,6.5%,IPA - American,330ml,"€ 15,15 per litre"
Spellbound,"€ 11,11",United States,3.94,Wayfinder Beer,7.2%,IPA - American,473ml,"€ 23,49 per litre"
Jazz Witch,"€ 11,11",United States,3.86,Wayfinder Beer,7.2%,IPA - Cold,473ml,"€ 23,49 per litre"
Party Time Pils,"€ 10,47",United States,3.83,Wayfinder Beer,5.3%,Pilsner - German,473ml,"€ 22,14 per litre"
Flower In The Kettle,"€ 11,11",United States,3.95,Wayfinder Beer,6.7%,IPA - New England / Hazy,473ml,"€ 23,49 per litre"
Glass Dolls,"€ 10,47",United States,3.94,Wayfinder Beer,4.5%,Pilsner - Italian,473ml,"€ 22,14 per litre"
Batch 666,"€ 10,60",United States,3.89,Wayfinder Beer,6.66%,Lager - Pale,473ml,"€ 22,41 per litre"
CZAF,"€ 10,47",United States,3.86,Wayfinder Beer,4.9%,Pilsner - Czech / Bohemian,473ml,"€ 22,14 per litre"
King Stahlman,"€ 11,52",United States,3.87,Living Häus Beer Company,7%,IPA - American,473ml,"€ 24,36 per litre"
Kenny,"€ 11,11",United States,3.71,Living Häus Beer Company,6.5%,Red Ale - American Amber / Red,473ml,"€ 23,49 per litre"
DDH Cousin Shannon,"€ 11,52",United States,4.01,Living Häus Beer Company,6.5%,IPA - American,473ml,"€ 24,36 per litre"
Lisa,"€ 11,11",United States,3.85,Living Häus Beer Company,6.2%,IPA - American,473ml,"€ 23,49 per litre"
William,"€ 10,06",United States,3.92,Living Häus Beer Company,5.2%,Rauchbier,473ml,"€ 21,27 per litre"
Mama Nat,"€ 10,06",United States,3.76,Living Häus Beer Company,5.8%,Lager - Polotmavé (Czech Amber),473ml,"€ 21,27 per litre"
Deda,"€ 10,06",United States,3.74,Living Häus Beer Company,4.1%,Lager - Světlé (Czech Pale),473ml,"€ 21,27 per litre"
Dolores,"€ 10,06",United States,3.82,Living Häus Beer Company,4.8%,Pilsner - Other,473ml,"€ 21,27 per litre"
Tripel,"€ 3,40",Netherlands,3.51,Malarkey Brewers,8.5%,Belgian Tripel,330ml,"€ 10,30 per litre"
White IPA,"€ 3,40",Netherlands,3.47,Malarkey Brewers,6%,IPA - White / Wheat,330ml,"€ 10,30 per litre"
Festbier- 150 Jahre,"€ 1,90",Germany,3.56,Brauerei Kundmüller,5.6%,Festbier,500ml,"€ 3,80 per litre"
Vleteren 8 Port Barrel Aged,"€ 3,40",Belgium,3.65,Deca Brouwerij,8%,Belgian Dubbel,330ml,"€ 10,30 per litre"
Trinitas Tripel,"€ 3,10",Netherlands,3.62,Jopen,9%,Belgian Tripel,330ml,"€ 9,39 per litre"
Dulle Griet,"€ 2,35",Belgium,3.29,Scheldebrouwerij,6.5%,Belgian Dubbel,,
Altitude,"€ 14,40",France,4.25,La Montagnarde Sauvage,5.5%,Sour - Other,Bottle 750ml,"€ 19,20 per litre"
Coincer la bulle,"€ 8,80",France,4.18,La Montagnarde Sauvage,6.2%,Wild Ale - Other,Bottle 750ml,"€ 11,73 per litre"
Bois Joli,"€ 14,40",France,4.17,La Montagnarde Sauvage,6.2%,Farmhouse Ale - Other,Bottle 750ml,"€ 19,20 per litre"
Au Pif,"€ 15,50",France,3.99,La Montagnarde Sauvage,4.8%,Sour - Other,Bottle 750ml,"€ 20,67 per litre"
Le Feu au Lac,"€ 8,80",France,3.98,Microbrasserie La Montagnarde,6%,Grape Ale - Other,Bottle 750ml,"€ 11,73 per litre"
Immortelle,"€ 14,40",France,3.97,La Montagnarde Sauvage,5.2%,Sour - Berliner Weisse,Bottle 750ml,"€ 19,20 per litre"
Bonne Franquette,"€ 8,20",France,3.94,La Montagnarde Sauvage,4.8%,Sour - Other,Bottle 750ml,"€ 10,93 per litre"
Bourre Pif,"€ 8,80",France,3.91,Microbrasserie La Montagnarde,7.2%,Grape Ale - Other,Bottle 750ml,"€ 11,73 per litre"
Guiliguili,"€ 6,90",France,3.78,Microbrasserie La Montagnarde,4.8%,Farmhouse Ale - Grisette,Bottle 750ml,"€ 9,20 per litre"
L'Inouïe,"€ 7,40",France,3.63,Microbrasserie La Montagnarde,6.2%,Farmhouse Ale - Saison,Bottle 750ml,"€ 9,87 per litre"
Path Ahead,"€ 13,79",United States,4.08,Ruse Brewing,6.8%,IPA - New England / Hazy,473ml,"€ 29,15 per litre"
Linear Reason,"€ 13,60",United States,3.98,Ruse Brewing,6.2%,IPA - American,473ml,"€ 28,75 per litre"
Ferme Snaak,"€ 3,49",Netherlands,3.49,Floem,5%,Wheat Beer - American Pale Wheat,330ml,"€ 10,58 per litre"
Second Death,"€ 14,33",United States,3.95,Holy Mountain Brewing,6.2%,Lager - Helles,473ml,"€ 30,30 per litre"
The Mariner,"€ 14,84",United States,3.87,Holy Mountain Brewing,4.9%,Kölsch,473ml,"€ 31,37 per litre"
Let it Beer Brasvar,"€ 7,95",Belgium,3.41,Libidus - Let it Beer,7.5%,Belgian Tripel,Bottle 750ml,"€ 10,60 per litre"
MeuZenne Batch 3 VEP,"€ 42,38",Belgium,3.95,Den Herberg,12%,Lambic - Gueuze,Bottle 750ml,"€ 56,51 per litre"
Café Del Bastardo 2021 Bourbon Barrel Aged Imperial Coffee Stout,"€ 17,95",Canada,4.22,Nickel Brook Brewing Co.,11.9%,Stout - Imperial / Double Coffee,500ml,"€ 35,90 per litre"
Crank The Session Juice   IPA,"€ 5,45",Netherlands,3.62,Moersleutel Craft Brewery,3.5%,IPA - Session,Can 440ml,"€ 12,39 per litre"
Franz Josef Bayerisch Helles,"€ 1,90",Germany,3.26,Eschenbacher Privatbrauerei,5.1%,Lager - Helles,500ml,"€ 3,80 per litre"
Weiherer Hopfenweizen,"€ 3,09",Germany,3.64,Brauerei Kundmüller,5.2%,Wheat Beer - Hopfenweisse,500ml,"€ 6,18 per litre"
Camba Weissbier,"€ 2,29",Germany,3.52,Camba Bavaria,5.3%,Wheat Beer - Hefeweizen,500ml,"€ 4,58 per litre"
BIO Schildkröten Weizen,"€ 2,99",Germany,3.44,Finne Brauerei,5.2%,Wheat Beer - Hefeweizen,500ml,"€ 5,98 per litre"
Baxbier/Zuyd Craft Eye Of The Brainstorm Fruited IPA,"€ 7,99",Netherlands,3.82,Baxbier,8%,IPA - Imperial / Double Milkshake,Can 440ml,"€ 18,16 per litre"
HopfKopf '24 Hopfenweizen,"€ 4,29",Netherlands,3.59,Baxbier,5.9%,Wheat Beer - Hopfenweisse,330ml,"€ 13,00 per litre"
Pucker Potion Sour IPA '24,"€ 4,29",Netherlands,3.39,Baxbier,6.2%,IPA - Sour,330ml,"€ 13,00 per litre"
Vleteren 8 Blond,"€ 2,50",Belgium,3.50,Deca Brouwerij,8%,Belgian Tripel,330ml,"€ 7,58 per litre"
Fluff Stuff – Blueberry,"€ 9,75",United States,4.29,Drekker Brewing Company,6%,Sour - Fruited,473ml,"€ 20,61 per litre"
Abbaye d'Aulne Brune,"€ 7,95",Belgium,3.36,Brasserie de l'Abbaye d'Aulne,6%,Brown Ale - Belgian,Bottle 750ml,"€ 10,60 per litre"
Leckhampton Hill 2021,"€ 24,80",England,3.89,DEYA Brewing Company,5.9%,Wild Ale - Other,Bottle 750ml,"€ 33,07 per litre"
"Garden of Light (2024) – Kohatu, El Dorado, And Nelson","€ 14,21",United States,3.69,Holy Mountain Brewing,5.1%,Farmhouse Ale - Saison,473ml,"€ 30,04 per litre"
Congruity: Premier Cru,"€ 35,28",Denmark,4.25,Insight Cellars,7.4%,Wild Ale - Other,Bottle 750ml,"€ 47,04 per litre"
Bushcombe Wall 2022,"€ 24,80",England,3.80,DEYA Brewing Company,5.3%,Wild Ale - Other,Bottle 750ml,"€ 33,07 per litre"
Birdlip Hill 2022,"€ 24,80",England,3.78,DEYA Brewing Company,5.6%,Wild Ale - Other,Bottle 750ml,"€ 33,07 per litre"
Neck Oil,"€ 4,29",England,3.64,Beavertown,4.3%,IPA - Session,Can 330ml,"€ 13,00 per litre"
Longboard Island Lager,"€ 3,49",United States,3.41,Kona Brewing Company,4.6%,Lager - Pale,355ml,"€ 9,83 per litre"
Lervig Rackhouse Robusta,"€ 20,95",Norway,4.36,LERVIG,14%,Stout - Imperial / Double Coffee,Bottle 375ml,"€ 55,87 per litre"
Lervig No Worries,"€ 2,17",Norway,3.19,LERVIG,0.5%,Non-Alcoholic - IPA,330ml,"€ 6,58 per litre"
Tropical Rumble,"€ 18,10",Denmark,3.46,To Øl,4.3%,IPA - Session,6-pack,"Total price: € 18,10"
Rhineland Harmonie,"€ 27,39",Denmark,4.19,Insight Cellars,8.5%,Wild Ale - Other,Bottle 750ml,"€ 36,52 per litre"
Alma Del Arrumbador,"€ 27,39",Denmark,3.98,Insight Cellars,7.3%,Wild Ale - Other,Bottle 750ml,"€ 36,52 per litre"
Tropical Rumble,"€ 3,40",Denmark,3.46,To Øl,4.3%,IPA - Session,Can 330ml,"€ 10,30 per litre"
Brett Barrel-Aged History Repeats,"€ 11,50",England,3.45,Moor Beer Company,10.5%,Stout - Imperial / Double,Bottle 375ml,"€ 30,67 per litre"
Schnagger Pils,"€ 2,69",Germany,3.42,Buddelship Brauerei,5.3%,Pilsner - German,330ml,"€ 8,15 per litre"
TROPICAL TRIP With Real Fruit,"€ 9,50",United States,4.39,Smooj,5%,Hard Seltzer,355ml,"€ 26,76 per litre"
Hoist Point,"€ 9,90",United States,4.06,Hop Butcher For The World,7.5%,IPA - Imperial / Double New England / Hazy,355ml,"€ 26,76 per litre"
Naimo,"€ 9,50",Canada,4.05,Willibald Farm Brewery,12%,Stout - Imperial / Double,473ml,"€ 20,08 per litre"
Chimney,"€ 5,60",Poland,3.94,Moon Lark Brewery,8.9%,Porter - Smoked,500ml,"€ 11,20 per litre"
Chocolate Dipped Strawberries,"€ 6,50",Scotland,3.93,Vault City Brewing,4.5%,Sour - Smoothie / Pastry,Can 440ml,"€ 14,77 per litre"
They Live,"€ 7,25",Spain,4.01,Caleya,8.2%,IPA - Imperial / Double,Can 440ml,"€ 16,48 per litre"
Sunny Day American IPA,"€ 3,30",Netherlands,3.54,Jopen,6%,Blonde / Golden Ale - Other,Can 330ml,"€ 10,00 per litre"
Chupacabra,"€ 9,95",Croatia,3.63,Pulfer Brewery,9.5%,Stout - Imperial / Double Pastry,500ml,"€ 19,90 per litre"
Charent'euse MAGNUM,"€ 47,00",Belgium,4.25,Het Boerenerf Eylenbosch,7.68%,Lambic - Gueuze,Bottle 1500ml,"€ 31,33 per litre"
Lambic'ado MAGNUM,"€ 47,00",Belgium,4.25,Het Boerenerf Eylenbosch,7.05%,Lambic - Other,Bottle 1500ml,"€ 31,33 per litre"
Oude Kriek (Oogst 2023),"€ 8,80",Belgium,4.09,Het Boerenerf Eylenbosch,7%,Lambic - Kriek,Bottle 375ml,"€ 23,47 per litre"
Oude Cider 2023,"€ 7,50",Belgium,3.88,Het Boerenerf Eylenbosch,6%,Cider - Dry,Bottle 375ml,"€ 20,00 per litre"
Flat Black / Moksa,"€ 14,99",United States,4.27,Mason Ale Works,14.5%,Stout - Imperial / Double Pastry,Bottle 375ml,"€ 20,00 per litre"
"Crowns, Hammers, And Zombies / Craft Beer Kings & Beer Zombies","€ 8,29",United States,4.10,Mason Ale Works,8.5%,IPA - Imperial / Double New England / Hazy,Bottle 375ml,"€ 20,00 per litre"
The Return of the Living Haze,"€ 8,99",United States,4.05,Beer Zombies Brewing Co.,8.5%,IPA - Imperial / Double,Bottle 375ml,"€ 20,00 per litre"
Even An Immortal,"€ 7,99",United States,4.04,Mason Ale Works,8.8%,IPA - Imperial / Double New England / Hazy,,
Kreepville Crowmaster / Seven Island,"€ 8,99",Greece,4.03,Seven Island Brewery,8%,IPA - Imperial / Double New England / Hazy,,
Hazy Birthday To Me,"€ 8,99",United States,3.98,Beer Zombies Brewing Co.,8.77%,IPA - Imperial / Double New England / Hazy,,
Zombie Beast / Seven Island,"€ 7,99",Greece,3.96,Seven Island Brewery,8%,IPA - Imperial / Double New England / Hazy,Can 440ml,"€ 18,16 per litre"
Checkerboard Classic,"€ 7,99",United States,3.92,Mason Ale Works,8%,IPA - Imperial / Double New England / Hazy,Can 440ml,"€ 18,16 per litre"
Dead Balls,"€ 8,99",United States,3.91,Beer Zombies Brewing Co.,8.5%,IPA - Imperial / Double,Can 440ml,"€ 18,16 per litre"
Gemini Space Invader / Seven Island,"€ 8,99",Greece,3.82,Seven Island Brewery,8%,IPA - Imperial / Double New England / Hazy,Can 440ml,"€ 18,16 per litre"
Hazy IPA,"€ 6,99",United States,3.77,Mason Ale Works,7%,IPA - New England / Hazy,Can 440ml,"€ 18,16 per litre"
Tragedy At the Sock Puppet Theatre / Paperback Brewing,"€ 7,99",United States,3.74,Mason Ale Works,7%,IPA - American,Can 440ml,"€ 18,16 per litre"
IPOP! Painkiller / Barrel Theory,"€ 6,99",United States,3.73,Mason Ale Works,5.5%,Fruit Beer,Can 440ml,"€ 18,16 per litre"
IPOP! Tart Tango,"€ 6,99",United States,3.73,Mason Ale Works,4.6%,Sour - Fruited,Can 440ml,"€ 18,16 per litre"
Boomstick Blonde,"€ 5,99",United States,3.72,Last Man On Earth Brewing,5.5%,Blonde / Golden Ale - Other,Can 440ml,"€ 18,16 per litre"
Komodo,"€ 6,35",Spain,3.92,Basqueland Brewing,8%,IPA - Imperial / Double New England / Hazy,Can 440ml,"€ 14,43 per litre"
Cream of Nelson,"€ 5,49",Spain,3.86,Basqueland Brewing,6.4%,IPA - Milkshake,Can 440ml,"€ 12,48 per litre"
Lakeside,"€ 5,85",Norway,3.79,Salikatt Bryggeri,6.5%,IPA - Cold,Can 440ml,"€ 13,30 per litre"
Veryberrylicious,"€ 3,39",Netherlands,2.87,Uiltje Brewing Company,2.5%,Sour - Berliner Weisse,330ml,"€ 10,27 per litre"
Red Currant x Apricot x Cherry x Vanilla x Coconut Sour Ale,"€ 5,25",Latvia,4.05,Ārpus Brewing Co.,5%,Sour - Smoothie / Pastry,Can 440ml,"€ 11,93 per litre"
Groene Hart Bier Tripel,"€ 3,30",Netherlands,3.50,Brouwerij BorrelNoot/ SpierBier Brouwerij,8%,Belgian Tripel,330ml,"€ 10,00 per litre"
Drink'in The Sun,"€ 1,99",Denmark,3.24,Mikkeller,0.3%,Non-Alcoholic - Wheat,330ml,"€ 6,03 per litre"
Multichorus,"€ 9,70",United States,4.30,Hudson Valley Brewery,7%,IPA - Sour,473ml,"€ 20,51 per litre"
Wrench,"€ 13,00",United States,4.11,Industrial Arts Brewing,7.1%,IPA - New England / Hazy,,
1 Year Aged Brewer's Reserve Bourbon Barrel Barleywine,"€ 9,65",United States,4.09,Central Waters Brewing Company,14.6%,Barleywine - American,355ml,"€ 27,18 per litre"
Pie of My Eye (Bananas),"€ 53,95",United States,4.38,3 Sons Brewing Co.,14.7%,Stout - Imperial / Double Pastry,473ml,"€ 114,06 per litre"
Black Tuesday (2021),"€ 41,95",United States,4.43,The Bruery,18.9%,Stout - Imperial / Double,Bottle 750ml,"€ 55,93 per litre"
Grisette (Blend 4),"€ 13,95",United States,4.25,Barrique Brewing and Blending,3.5%,Farmhouse Ale - Grisette,473ml,"€ 29,49 per litre"
Coffee Peanut Butter Vanilla Imperial Stout,"€ 10,35",United States,4.20,WeldWerks Brewing Co.,9%,Stout - Imperial / Double,473ml,"€ 21,88 per litre"
Power Juice Triple Citra: Oat Fluffed,"€ 9,95",United States,4.08,Icarus Brewing,7.5%,IPA - Imperial / Double New England / Hazy,473ml,"€ 21,04 per litre"
Milieu,"€ 8,10",United States,3.98,The Drowned Lands Brewery,9%,Belgian Tripel,473ml,"€ 17,12 per litre"
All Star: Citra,"€ 9,25",United States,3.67,3 Sons Brewing Co.,6.5%,IPA - New England / Hazy,473ml,"€ 19,56 per litre"
Sunday (2024),"€ 46,95",United States,4.33,Cycle Brewing Company,12.5%,Barleywine - American,Bottle 650ml,"€ 72,23 per litre"
Barrel-Aged Speedway Stout: Vanilla Shake Edition,"€ 16,15",United States,4.30,AleSmith Brewing Company,14.03%,Stout - Imperial / Double Coffee,473ml,"€ 34,14 per litre"
Saturday (2024),"€ 46,95",United States,4.18,Cycle Brewing Company,14%,Stout - Imperial / Double,Bottle 650ml,"€ 72,23 per litre"
Embrasse,"€ 3,55",Belgium,3.69,Brouwerij De Dochter van de Korenaar,9%,Belgian Strong Dark Ale,330ml,"€ 10,76 per litre"
Bon Secours Tradition,"€ 2,85",Belgium,3.42,Brasserie Caulier,8%,Belgian Strong Golden Ale,Bottle 330ml,"€ 8,64 per litre"
Neck Oil,"€ 3,70",England,3.64,Beavertown,4.3%,IPA - Session,330ml,"€ 11,21 per litre"
Year Of The Dragon,"€ 5,60",Netherlands,3.65,Brouwerij Kees,5.8%,IPA - American,Can 440ml,"€ 12,73 per litre"
Muifel 1357 Dubbel,"€ 2,90",Netherlands,3.49,Muifelbrouwerij,8%,Belgian Dubbel,330ml,"€ 8,79 per litre"
Five,"€ 10,75",United States,4.07,Phase Three Brewing,8%,IPA - Imperial / Double New England / Hazy,473ml,"€ 22,73 per litre"
Omnipollos Hamburg,"€ 6,29",Sweden,3.50,Omnipollo,6%,Wheat Beer - American Pale Wheat,330ml,"€ 19,06 per litre"
Oud Beersel: Foeder 21 2022,"€ 8,49",Belgium,4.10,Oud Beersel,6.5%,Lambic - Gueuze,Bottle 375ml,"€ 22,64 per litre"
Liquid Cocaine,"€ 5,10",Hungary,3.78,Mad Scientist,9%,IPA - Imperial / Double,Can 440ml,"€ 11,59 per litre"
Rafa,"€ 4,10",Hungary,3.67,Fehér Nyúl/ SirBolts,6.8%,IPA - Sour,Can 330ml,"€ 12,42 per litre"
Framboise (2023),"€ 22,70",United States,4.24,Fonta Flora Brewery,6.2%,Lambic - Framboise,Bottle 375ml,"€ 60,53 per litre"
3 Year Blend (2023),"€ 26,70",United States,4.14,Fonta Flora Brewery,6.5%,Lambic - Gueuze,Bottle 375ml,"€ 71,20 per litre"
Schwarzer (Coconut),"€ 79,95",United States,4.55,Anchorage Brewing Company,16%,Dark Ale,Bottle 375ml,"€ 213,20 per litre"
Schwarzer,"€ 79,95",United States,4.49,Anchorage Brewing Company,16%,Dark Ale,Bottle 375ml,"€ 213,20 per litre"
Pools of Reflection (Batch 2),"€ 43,95",United States,4.32,Private Press Brewing,14.3%,Barleywine - English,500ml,"€ 87,90 per litre"
Grey Monday (2021),"€ 49,95",United States,4.30,The Bruery,19%,Stout - Imperial / Double,Bottle 750ml,"€ 66,60 per litre"
Fractional BA Moonpie,"€ 42,50",United States,4.22,3 Sons Brewing Co.,13%,Stout - Imperial / Double Pastry,473ml,"€ 89,85 per litre"
Barrel-Aged Speedway Stout: Coconut Vanilla Edition (2023),"€ 16,50",United States,4.17,AleSmith Brewing Company,13.2%,Stout - Imperial / Double Coffee,473ml,"€ 34,88 per litre"
Barrel-Aged Clawfoot Bathtub (Red Wax),"€ 36,50",United States,4.15,Fifth Frame Brewing Co.,11.5%,Stout - Imperial / Double,500ml,"€ 73,00 per litre"
Long Live Scythian Ale,"€ 35,75",United States,4.07,Long Live Beerworks,12%,Barleywine - Other,500ml,"€ 71,50 per litre"
Non-Alcoholic Speedway Stout,"€ 5,25",United States,3.13,AleSmith Brewing Company,0.4%,Non-Alcoholic - Porter / Stout,355ml,"€ 14,79 per litre"
Red Shift IPA,"€ 5,00",England,3.47,Original Stormtrooper Beer,5%,IPA - American,330ml,"€ 15,15 per litre"
"Gelato Pink Guava, Passion Fruit & Peach","€ 6,75",Poland,4.03,Funky Fluid,5.6%,Sour - Smoothie / Pastry,Can 500ml,"€ 13,50 per litre"
Yankee White IPA,"€ 4,45",Ireland,3.56,Rascals Brewing Co,5%,IPA - White / Wheat,Can 330ml,"€ 13,48 per litre"
Wunderbar IPA,"€ 4,60",Ireland,3.53,Rascals Brewing Co,6%,IPA - American,Can 330ml,"€ 13,94 per litre"
Fuerst Wiacek x Soma Crab Hands DDH DIPA ( 24),"€ 6,74",Germany,4.02,FUERST WIACEK,8%,IPA - Imperial / Double New England / Hazy,Can 440ml,"€ 15,32 per litre"
Rouge Premiére,"€ 6,99",Belgium,3.72,Bières de Chimay,7%,Belgian Dubbel,Bottle 750ml,"€ 9,32 per litre"
Festbier Märzen,"€ 2,29",Germany,3.33,Herr Schmidt,5.5%,Bock - Hell / Maibock / Lentebock,330ml,"€ 6,94 per litre"
Maibock,"€ 6,60",United States,3.81,Fonta Flora Brewery,6.4%,Bock - Hell / Maibock / Lentebock,473ml,"€ 13,95 per litre"
Specks of Sand,"€ 6,60",United States,3.76,Fonta Flora Brewery,5.2%,Roggenbier,473ml,"€ 13,95 per litre"
Nebo Pilsner,"€ 6,60",United States,3.66,Fonta Flora Brewery,5.2%,Pilsner - Other,473ml,"€ 13,95 per litre"
Congo Vanilla Crown & Crate DIPA,"€ 13,30",United States,4.15,Trillium Brewing Company,8.5%,IPA - Imperial / Double New England / Hazy,Can 440ml,"€ 30,23 per litre"
Fort Point Pale Ale,"€ 12,70",United States,4.10,Trillium Brewing Company,6.6%,Pale Ale - American,Can 440ml,"€ 28,86 per litre"
Uffe Gluten Free IPA,"€ 4,70",Sweden,3.51,Brewski,5.9%,IPA - American,330ml,"€ 14,24 per litre"
Triple Berry Pie Sour,"€ 5,90",Sweden,?,Brewski,6.5%,Sour - Berliner Weisse,330ml,"€ 17,88 per litre"
Zwickl Bier,"€ 1,90",Germany,3.35,Privatbrauerei Reh,4.9%,Kellerbier / Zwickelbier,500ml,"€ 3,80 per litre"
Veldensteiner Rotbier,"€ 2,10",Germany,3.28,Kaiser Bräu,5.4%,Lager - Rotbier,500ml,"€ 4,20 per litre"
Dark Ritual,"€ 8,50",Czech Republic,4.17,Sibeeria,11.6%,Stout - Imperial / Double,500ml,"€ 17,00 per litre"
Sibeeria I Love The Smell Of Nelson Sauvin In The Morning,"€ 7,95",Czech Republic,4.07,Sibeeria,6.9%,IPA - New England / Hazy,500ml,"€ 15,90 per litre"
Sibeeria I Love The Smell Of Mosaic In The Morning,"€ 7,95",Czech Republic,3.98,Sibeeria,6.1%,IPA - New England / Hazy,500ml,"€ 15,90 per litre"
ROTT.royale,"€ 4,75",Netherlands,3.94,ROTT. Brouwers,11.2%,Barleywine - Other,330ml,"€ 14,39 per litre"
Hooglander New England IPA #07,"€ 4,70",Netherlands,3.83,Hooglander Bier,7.1%,IPA - New England / Hazy,330ml,"€ 14,24 per litre"
Mind Twist,"€ 5,75",Czech Republic,3.81,Sibeeria,6.3%,Stout - Foreign / Export,500ml,"€ 11,50 per litre"
Sibeeria / Moor Beer / Demory Paris Heart to Heart to Heart,"€ 5,95",Czech Republic,3.80,Sibeeria,6.5%,IPA - American,500ml,"€ 11,90 per litre"
Flameover,"€ 6,95",Norway,3.77,Salikatt Bryggeri,6%,IPA - American,Can 440ml,"€ 15,80 per litre"
Mother-in-Law's Birthday,"€ 6,95",Czech Republic,3.74,Sibeeria,7.8%,Stout - Other,500ml,"€ 13,90 per litre"
ROTT.dusk,"€ 3,95",Netherlands,3.48,ROTT. Brouwers,5%,Stout - Milk / Sweet,330ml,"€ 11,97 per litre"
Walhalla Divona,"€ 5,20",Netherlands,3.43,Walhalla Brouwerij & Proeflokaal,5.8%,Sour - Fruited,Can 440ml,"€ 11,82 per litre"
Walhalla Holy Hops Green (Riwaka Sabro Columbus),"€ 5,95",Netherlands,3.43,Walhalla Brouwerij & Proeflokaal,6.3%,Sour - Fruited,Can 440ml,"€ 13,52 per litre"
Walhalla Holy Hops Red (Nelson-Sauvin Barbe-Rouge HBC-630),"€ 5,95",Netherlands,3.43,Walhalla Brouwerij & Proeflokaal,6.3%,Sour - Fruited,Can 440ml,"€ 13,52 per litre"
Peach Sematary,"€ 3,70",Netherlands,3.37,100 Watt Brewery,5.4%,Sour - Fruited,330ml,"€ 11,21 per litre"
Dream Factory – Imperial Pastry Stout – Collab The Eight State Brewing,"€ 12,95",Sweden,4.10,Omnipollo,10.5%,Stout - Imperial / Double Pastry,330ml,"€ 39,24 per litre"
"Kharon – Fruited Sour with Verbena , Red Currant and Blackberry – Collab Hoppy Road","€ 5,95",France,3.88,Hoppy Road,6.4%,Sour - Fruited,330ml,"€ 18,03 per litre"
Playground NA IPA,"€ 4,00",Netherlands,3.33,vandeStreek bier,0.5%,Non-Alcoholic - IPA,330ml,"€ 12,12 per litre"
Tundra NA IPA,"€ 4,00",Estonia,3.05,Põhjala,0.5%,Non-Alcoholic - IPA,330ml,"€ 12,12 per litre"
St Feuillien Grand Cru,"€ 9,95",Belgium,3.71,Brasserie St-Feuillien,9.5%,Belgian Strong Golden Ale,Bottle 750ml,"€ 13,27 per litre"
ROTT.droom,"€ 4,20",Netherlands,3.68,ROTT. Brouwers,6.4%,IPA - American,330ml,"€ 12,73 per litre"
Novice Black Tripel,"€ 4,10",Belgium,3.52,Brouwerij Malheur,8.5%,Belgian Strong Dark Ale,330ml,"€ 12,42 per litre"
Weizen,"€ 3,30",Netherlands,3.44,Thorns Wit,5.9%,Wheat Beer - Hefeweizen,330ml,"€ 10,00 per litre"
Virmalised X,"€ 6,70",Estonia,3.72,Põhjala,8%,IPA - Imperial / Double,Can 440ml,"€ 15,23 per litre"
Harrie (Glutenvrij),"€ 3,09",Netherlands,3.28,Kaapse Brouwers,6.1%,Farmhouse Ale - Saison,330ml,"€ 9,36 per litre"
Wild Adam Lambiek Cider,"€ 12,73",United States,3.64,Boston Beer Company,6.7%,Lambic - Fruit,Bottle 750ml,"€ 16,97 per litre"
Subtle Sounds,"€ 11,99",United States,4.28,The Virginia Beer Company,11.5%,Strong Ale - Other,Bottle 750ml,"€ 16,97 per litre"
A Picture of Rakau,"€ 6,15",United States,3.99,The Virginia Beer Company,6.5%,Pale Ale - New England / Hazy,Bottle 750ml,"€ 16,97 per litre"
Mango Free Verse,"€ 5,59",United States,3.85,The Virginia Beer Company,7%,IPA - New England / Hazy,,
Gorgeous Citra,"€ 6,29",United States,3.81,The Virginia Beer Company,5.7%,IPA - New England / Hazy,,
Purley's ESB,"€ 5,03",United States,3.79,The Virginia Beer Company,5.7%,Bitter - Extra Special / Strong (ESB),,
One Night In Georgia,"€ 5,35",United States,3.77,The Virginia Beer Company,4.9%,Sour - Fruited Berliner Weisse,,
Hippie Radio,"€ 6,69",United States,3.77,The Virginia Beer Company,5%,Red Ale - American Amber / Red,,
Elbow Patches,"€ 3,99",United States,3.71,The Virginia Beer Company,6.2%,Stout - Oatmeal,,
Free Verse,"€ 3,43",United States,3.68,The Virginia Beer Company,6.8%,IPA - New England / Hazy,,
Saving Daylight Citrus Wheat,"€ 2,49",United States,3.47,The Virginia Beer Company,4.9%,Wheat Beer - American Pale Wheat,355ml,"€ 7,01 per litre"
Roman Candle,"€ 8,40",Canada,3.99,Bellwoods Brewery,6.8%,IPA - New England / Hazy,Can 473ml,"€ 17,76 per litre"
Schaarbeekse Cherries,"€ 22,50",Belgium,3.97,Oud Beersel,7.5%,Cider - Other Fruit,Bottle 750ml,"€ 30,00 per litre"
Oude Geuze Vandervelden 142,"€ 23,40",Belgium,3.96,Oud Beersel,6.5%,Lambic - Gueuze,Bottle 750ml,"€ 31,20 per litre"
HORAL's Oude Geuze Mega Blend (2024),"€ 20,40",Belgium,3.93,Brouwerij Boon,7%,Lambic - Gueuze,Bottle 750ml,"€ 27,20 per litre"
Sparkling Infused,"€ 23,40",Belgium,3.82,Oud Beersel,7%,Lambic - Other,Bottle 750ml,"€ 31,20 per litre"
Aged On Lambic Whisky Barrels,"€ 22,50",Belgium,3.75,Oud Beersel,7.5%,Cider - Dry,Bottle 750ml,"€ 30,00 per litre"
Verrassingspakket,"€ 79,90",Belgium,3.75,,7.5%,Cider - Dry,Bottle 750ml,"€ 30,00 per litre"
Insolence,"€ 14,95",Portugal,4.01,Ophiussa Brewing Co.,12%,Stout - Imperial / Double,Bottle 375ml,"€ 39,87 per litre"
CC,"€ 13,40",Spain,4.02,Cyclic Beer Farm,5.5%,Wild Ale - Other,Bottle 750ml,"€ 17,87 per litre"
Laid Back,"€ 12,10",Spain,3.74,Cyclic Beer Farm,7%,Sour - Other,Bottle 750ml,"€ 16,13 per litre"
Orangie,"€ 10,30",Spain,3.73,Cyclic Beer Farm,4%,Farmhouse Ale - Saison,Bottle 750ml,"€ 13,73 per litre"
Beets,"€ 10,30",Spain,3.73,Cyclic Beer Farm,5.3%,Farmhouse Ale - Saison,Bottle 750ml,"€ 13,73 per litre"
Astro Galaxy,"€ 10,30",Spain,3.72,Cyclic Beer Farm,5.3%,Sour - Other,Bottle 750ml,"€ 13,73 per litre"
Almond Cake By Rackhouse,"€ 16,85",Norway,4.38,LERVIG,12%,Stout - Imperial / Double Pastry,Bottle 375ml,"€ 44,93 per litre"
Hagger Blend 1019 Pink,"€ 13,99",Austria,4.31,Brauhaus Bevog,12.2%,Barleywine - American,330ml,"€ 42,39 per litre"
Hagger Blend 1019 Blue,"€ 13,99",Austria,4.29,Brauhaus Bevog,12.2%,Barleywine - American,330ml,"€ 42,39 per litre"
Liquid Reboot,"€ 3,99",Norway,3.96,LERVIG,7.7%,IPA - Imperial / Double New England / Hazy,330ml,"€ 12,09 per litre"
Whale Shark V7,"€ 3,59",Netherlands,3.84,De Kromme Haring,8%,IPA - New England / Hazy,330ml,"€ 10,88 per litre"
Hype Dream Raspberry & Blackberry,"€ 4,65",Norway,3.80,LERVIG,6.5%,Sour - Smoothie / Pastry,330ml,"€ 14,09 per litre"
Extinction Is Forever!: Pygmy Rabbit,"€ 5,85",Austria,3.73,Brauhaus Bevog,5.9%,IPA - American,500ml,"€ 11,70 per litre"
Hazy Session,"€ 2,69",Belgium,3.52,Brasserie Lupulus,4.5%,IPA - Session,330ml,"€ 8,15 per litre"
Dark Ritual,"€ 6,99",Czech Republic,4.17,Sibeeria,11.6%,Stout - Imperial / Double,500ml,"€ 13,98 per litre"
Flameover,"€ 5,99",Norway,3.77,Salikatt Bryggeri,6%,IPA - American,Can 440ml,"€ 13,61 per litre"
Hokey Religion,"€ 8,55",England,4.21,Emperor's Brewery,12.6%,Stout - Imperial / Double Pastry,330ml,"€ 25,91 per litre"
Mindless Philosopher,"€ 8,55",England,4.17,Emperor's Brewery,12%,Porter - Imperial / Double,330ml,"€ 25,91 per litre"
Royal Cookie: Mazurek,"€ 8,79",Poland,4.09,Funky Fluid,11%,Stout - Imperial / Double Pastry,500ml,"€ 17,58 per litre"
Aurora,"€ 4,99",Belgium,3.89,Norm Brewing,8%,IPA - Imperial / Double New England / Hazy,Can 440ml,"€ 11,34 per litre"
THE CCBM,"€ 6,75",Scotland,3.84,Overtone Brewing Co,6%,IPA - American,Can 440ml,"€ 15,34 per litre"
Dissident,"€ 7,19",Scotland,3.71,Overtone Brewing Co,7%,IPA - New England / Hazy,Can 440ml,"€ 16,34 per litre"
Oude Kriek Cuvée René,"€ 4,62",Belgium,3.81,Brouwerij Lindemans,7%,Lambic - Kriek,Bottle 375ml,"€ 12,32 per litre"
Kriek,"€ 3,39",Belgium,3.57,Brouwerij Lindemans,3.5%,Lambic - Kriek,Bottle 355ml,"€ 9,55 per litre"
Apple,"€ 3,04",Belgium,3.49,Brouwerij Lindemans,3.5%,Lambic - Fruit,355ml,"€ 8,56 per litre"
Faro,"€ 2,84",Belgium,3.47,Brouwerij Lindemans,4.5%,Lambic - Faro,355ml,"€ 8,00 per litre"
Dappersveld Bruut Rosé,"€ 29,01",Netherlands,3.31,Brouwerij De School/ Bruut Bier,7.5%,Bière de Champagne / Bière Brut,Bottle 750ml,"€ 38,68 per litre"
Dappersveld Bruut Festive,"€ 26,31",Netherlands,3.31,,7.5%,Bière de Champagne / Bière Brut,Bottle 750ml,"€ 35,08 per litre"
D'Achouffe Mc Chouffe,"€ 2,70",Belgium,3.64,Brasserie d'Achouffe,8%,Belgian Strong Dark Ale,330ml,"€ 8,18 per litre"
"Funny Noise Machine – Fruited Sour with Guava , Lime Peel and Beetroot","€ 7,25",Romania,3.84,Bereta Brewing Co.,3.9%,Sour - Smoothie / Pastry,Can 440ml,"€ 16,48 per litre"
Blessed by Ignorance – Imperial Pils – Collab Dogma,"€ 4,95",Serbia,3.66,Dogma Brewery,7.8%,Pilsner - Imperial / Double,500ml,"€ 9,90 per litre"
No sleep till Brewklyn – New England IPA ( Tribute to Beastie Boys),"€ 6,25",Germany,3.94,Hopacabana Brewing,7%,IPA - Other,Can 440ml,"€ 14,20 per litre"
Salted Tangerine Peel Lambiek Sparkling Infused,"€ 19,87",Belgium,3.99,Oud Beersel,7%,Lambic - Other,Bottle 750ml,"€ 26,49 per litre"
Grapefruit Peel Lambiek Sparkling Infused,"€ 19,87",Belgium,3.70,Oud Beersel,7%,Lambic - Other,Bottle 750ml,"€ 26,49 per litre"
Oude Kriek 2020,"€ 16,33",Belgium,4.21,Oud Beersel,6%,Lambic - Kriek,Bottle 750ml,"€ 21,77 per litre"
Oude Kriek 2021,"€ 15,13",Belgium,4.09,Oud Beersel,6%,Lambic - Kriek,Bottle 750ml,"€ 20,17 per litre"
Oud Beersel Oude Geuze 2022,"€ 12,57",Belgium,3.94,Brouwerij Boon,6.5%,Lambic - Gueuze,Bottle 750ml,"€ 16,76 per litre"
Hooglander Hazy Pale Ale,"€ 4,00",Netherlands,3.62,Hooglander Bier,5.2%,Pale Ale - New England / Hazy,Can 440ml,"€ 9,09 per litre"
City Session IPA,"€ 20,70",Denmark,3.57,To Øl,4.5%,IPA - Session,6-pack,"Total price: € 20,70"
City Session IPA,"€ 130,40",Denmark,3.57,To Øl,4.5%,IPA - Session,48-pack,"Total price: € 130,40"
City Session IPA,"€ 69,50",Denmark,3.57,To Øl,4.5%,IPA - Session,24-pack,"Total price: € 69,50"
City Session IPA,"€ 36,90",Denmark,3.57,To Øl,4.5%,IPA - Session,12-pack,"Total price: € 36,90"
Implosion,"€ 16,00",Denmark,3.19,To Øl,0.3%,Non-Alcoholic - IPA,6-pack,"Total price: € 16,00"
45 Días,"€ 46,80",Denmark,2.86,To Øl,4.5%,Lager - Mexican,24-pack,"Total price: € 46,80"
Struise Black Damnation 16 -  Ivan The Terrible,"€ 6,07",Belgium,4.21,De Struise Brouwers,15%,Stout - Russian Imperial,330ml,"€ 18,39 per litre"
Oude Gueuze Barrel Seclection Whisky Edition (Port Wood) 2022,"€ 27,27",Belgium,4.06,Oud Beersel,8%,Lambic - Gueuze,Bottle 750ml,"€ 36,36 per litre"
Struise Pannepot 2022,"€ 3,83",Belgium,3.94,De Struise Brouwers,10%,Belgian Strong Dark Ale,330ml,"€ 11,61 per litre"
Greetings From Cypremont Point,"€ 10,80",United States,3.92,Parish Brewing Co.,5.6%,Sour - Fruited Berliner Weisse,Can 473ml,"€ 22,83 per litre"
Lubrow Polish Double IPA,"€ 4,50",Poland,3.64,Browar Trójmiejski Lubrow,7.8%,IPA - Imperial / Double,330ml,"€ 13,64 per litre"
Maitiid,"€ 4,25",Netherlands,3.52,Het Brouwdok,5.9%,Bock - Hell / Maibock / Lentebock,330ml,"€ 12,88 per litre"
Oude Gueuze Vandervelden 142,"€ 20,61",Belgium,3.96,Oud Beersel,6.5%,Lambic - Gueuze,Bottle 750ml,"€ 27,48 per litre"
Van Aert Gueuze Artisanale Litchi,"€ 13,71",Belgium,3.89,Belgoo,7.2%,Lambic - Fruit,Bottle 750ml,"€ 18,28 per litre"
IJwit,"€ 2,06",Netherlands,3.68,Brouwerij 't IJ,6.5%,Wheat Beer - Witbier / Blanche,330ml,"€ 6,24 per litre"
Okshoofd - 25 Jaar SNAB,"€ 9,75",Netherlands,3.61,SNAB Bierbrouwers,9.7%,Scotch Ale / Wee Heavy,330ml,"€ 29,55 per litre"
Voodoo Priest Cherry Edition,"€ 37,30",Germany,4.22,FrauGruber Brewing,13.8%,Stout - Imperial / Double,Bottle 500ml,"€ 74,60 per litre"
Many Hands,"€ 14,00",Ireland,4.15,Wide Street Brewing,5.6%,Wild Ale - Other,Bottle 375ml,"€ 37,33 per litre"
Biere the Rhubarbe,"€ 11,60",Ireland,4.08,Land & Labour,5.8%,Lambic - Fruit,Bottle 375ml,"€ 30,93 per litre"
Geimhreadh,"€ 22,70",Ireland,4.03,Land & Labour,6.6%,Lambic - Gueuze,Bottle 750ml,"€ 30,27 per litre"
Tyrell Braukunstatelier Cassisweisse BIO 2024,"€ 21,99",Germany,4.20,Tyrell BrauKunstAtelier,9.6%,Sour - Fruited Berliner Weisse,Bottle 750ml,"€ 29,32 per litre"
Spezial Export,"€ 2,39",Germany,3.45,Privatbrauerei Sander,5.3%,Lager - Dortmunder / Export,330ml,"€ 7,24 per litre"
Ich Bin Raspberry,"€ 3,19",Denmark,3.62,Mikkeller,3.7%,Sour - Fruited Berliner Weisse,330ml,"€ 9,67 per litre"
Giesinger Untergiesinger Erhellung,"€ 2,39",Germany,3.58,Giesinger Bräu,5.3%,Kellerbier / Zwickelbier,500ml,"€ 4,78 per litre"
Crew Republic Jackpot,"€ 1,49",Germany,3.55,CREW Republic,5%,IPA - New England / Hazy,330ml,"€ 4,52 per litre"
Hathor,"€ 10,50",Japan,4.04,Uchu Brewing,6%,IPA - Sour,Can 350ml,"€ 30,00 per litre"
The Algorithm Pt.III,"€ 8,00",Netherlands,4.14,Uiltje Brewing Company,14.5%,Stout - Imperial / Double,330ml,"€ 24,24 per litre"
Hathor,"€ 10,50",Japan,4.04,Uchu Brewing,6%,IPA - Sour,Can 350ml,"€ 30,00 per litre"
The Algorithm Pt.III,"€ 8,00",Netherlands,4.14,Uiltje Brewing Company,14.5%,Stout - Imperial / Double,330ml,"€ 24,24 per litre"
Pecheresse,"€ 2,37",Belgium,3.57,Brouwerij Lindemans,2.5%,Lambic - Fruit,Bottle 250ml,"€ 9,48 per litre"
Schöfferhofer Granatapfel,"€ 2,50",Germany,3.00,Radeberger Gruppe,2.5%,Shandy / Radler,330ml,"€ 7,58 per litre"
New Born Blond It's A Boy (Geboortebier),"€ 4,25",Netherlands,3.52,Mister Hop,5.5%,Belgian Blonde,330ml,"€ 12,88 per litre"
Godess Of Magic,"€ 8,75",Greece,4.18,Seven Island Brewery,11%,Stout - Imperial / Double Coffee,330ml,"€ 26,52 per litre"
Calvados Edition 2024 Barley Wine,"€ 6,95",Netherlands,4.10,Brouwerij de Molen,13.7%,Barleywine - English,330ml,"€ 21,06 per litre"
Pigs On Two Legs (4-2025),"€ 6,14",Netherlands,3.96,White Dog Brewery,7.5%,IPA - New England / Hazy,Can 440ml,"€ 13,95 per litre"
Mahut – Red Ale,"€ 5,25",Luxembourg,3.39,Totenhopfen Brauhaus,5.1%,Red Ale - Irish,Can 440ml,"€ 11,93 per litre"
Boerenerf Oude Gueuze Lambic'ado Magnum,"€ 48,19",Belgium,4.02,Het Boerenerf Eylenbosch,7%,Lambic - Gueuze,Bottle 1500ml,"€ 32,13 per litre"
Funk Weapon 2024,"€ 7,80",Scotland,4.06,Holy Goat Brewing,6.2%,Sour - Other,Bottle 375ml,"€ 20,80 per litre"
Gouden Carolus Tripel,"€ 6,95",Belgium,3.82,Brouwerij Het Anker,9%,Belgian Tripel,Bottle 750ml,"€ 9,27 per litre"
Kasteel Rouge,"€ 7,95",Belgium,3.58,Kasteel Brouwerij Vanhonsebrouck,8%,Fruit Beer,Bottle 750ml,"€ 10,60 per litre"
Zwier Gitaarbrouw  Zwier Bier,"€ 5,50",Netherlands,3.42,Zwiergitaarbrouw,8%,Belgian Tripel,Bottle 750ml,"€ 10,60 per litre"
Naturtrübes Hallerndorfer Radler,"€ 1,90",Germany,3.27,Brauerei Rittmayer Hallerndorf,2.6%,Shandy / Radler,500ml,"€ 3,80 per litre"
White Mamba,"€ 2,95",Netherlands,3.43,Two Chefs Brewing,5%,Wheat Beer - Witbier / Blanche,330ml,"€ 8,94 per litre"
Juice Punch 0.5,"€ 3,25",Netherlands,3.27,Brouwerij Frontaal,0.5%,Non-Alcoholic - IPA,330ml,"€ 9,85 per litre"
Munich Hells Mini Keg,"€ 36,70",Germany,3.45,Paulaner Brauerei,4.9%,Lager - Helles,5000ml,"€ 7,34 per litre"
Gember & Citroengras – Triple,"€ 3,65",Netherlands,3.46,Brouwerij de Molen,9%,Belgian Tripel,330ml,"€ 11,06 per litre"
Marius Reserva Red Wine BA Ale,"€ 11,45",Belgium,3.81,Vliegende Paard Brouwers,10.2%,Stout - Russian Imperial,Bottle 375ml,"€ 30,53 per litre"
Lee Hill Series Vol. 32 - Kriek Sour Ale,"€ 12,29",United States,3.98,Upslope Brewing Company,5.3%,Lambic - Kriek,Bottle 375ml,"€ 30,53 per litre"
Lush Puppy,"€ 4,29",United States,3.85,Bootstrap Brewing,6.3%,IPA - New England / Hazy,Bottle 375ml,"€ 30,53 per litre"
Insane Rush,"€ 4,29",United States,3.79,Bootstrap Brewing,7.6%,IPA - American,Bottle 375ml,"€ 30,53 per litre"
Boat Snack,"€ 4,29",United States,3.78,Bootstrap Brewing,6.2%,IPA - New England / Hazy,Bottle 375ml,"€ 30,53 per litre"
West Coast Style IPA,"€ 3,69",United States,3.73,Upslope Brewing Company,6.5%,IPA - American,Bottle 375ml,"€ 30,53 per litre"
Blackberry Lemon Sour,"€ 3,69",United States,3.72,Upslope Brewing Company,4.5%,Sour - Fruited,Bottle 375ml,"€ 30,53 per litre"
Stick's,"€ 4,29",United States,3.71,Bootstrap Brewing,5.5%,Pale Ale - American,Bottle 375ml,"€ 30,53 per litre"
Oatmeal Stout,"€ 3,69",United States,3.69,Upslope Brewing Company,5%,Stout - Oatmeal,Bottle 375ml,"€ 30,53 per litre"
Wreak Havoc,"€ 4,49",United States,3.68,Bootstrap Brewing,8.5%,Red Ale - Imperial / Double,Bottle 375ml,"€ 30,53 per litre"
Citra Pale Ale,"€ 3,69",United States,3.67,Upslope Brewing Company,5.8%,Pale Ale - American,355ml,"€ 10,39 per litre"
Chillax,"€ 4,29",United States,3.64,Bootstrap Brewing,4.5%,Fruit Beer,355ml,"€ 10,39 per litre"
Mexican Style Dark Lager,"€ 3,69",United States,3.63,Upslope Brewing Company,5%,Lager - Mexican,355ml,"€ 10,39 per litre"
Medal AF,"€ 4,29",United States,3.60,Bootstrap Brewing,6.5%,IPA - American,355ml,"€ 10,39 per litre"
Mary Jane Ale,"€ 3,69",United States,3.60,Upslope Brewing Company,5%,Pale Ale - American,355ml,"€ 10,39 per litre"
India Pale Ale,"€ 3,69",United States,3.57,Upslope Brewing Company,7.2%,IPA - American,355ml,"€ 10,39 per litre"
Pickle me Up!,"€ 4,29",United States,3.25,Bootstrap Brewing,4.5%,Spiced / Herbed Beer,355ml,"€ 10,39 per litre"
Calvados Edition 2024 Barrel Aged Barley Wine,"€ 6,30",Netherlands,4.10,Brouwerij de Molen,13.7%,Barleywine - English,330ml,"€ 19,09 per litre"
Pina & Power DDH DIPA,"€ 3,65",Netherlands,3.62,Brouwerij de Molen,8.5%,IPA - Imperial / Double,330ml,"€ 11,06 per litre"
City Session IPA,"€ 3,70",Denmark,3.57,To Øl,4.5%,IPA - Session,Can 330ml,"€ 11,21 per litre"
Cuvée van de Keizer Imperial Dark,"€ 10,99",Belgium,4.05,Brouwerij Het Anker,11%,Belgian Strong Dark Ale,Bottle 750ml,"€ 14,65 per litre"
Dubbel,"€ 2,39",Belgium,3.69,Brouwerij der Trappisten van Westmalle,7%,Belgian Dubbel,Bottle 750ml,"€ 14,65 per litre"
Ruby,"€ 2,69",Belgium,3.19,Abbaye de Leffe,5%,Fruit Beer,Bottle 750ml,"€ 14,65 per litre"
DOK Dokkie,"€ 2,48",Belgium,3.24,Dok Brewing Company,0.3%,Non-Alcoholic - Sour,330ml,"€ 7,52 per litre"
DOK Nelson De Zeehond,"€ 3,39",Belgium,3.52,Dok Brewing Company,5.5%,IPA - New Zealand,330ml,"€ 10,27 per litre"
Cuvee van de Keizer Whiskey Infused   inc miniatuur whiskey,"€ 19,99",Belgium,4.00,Brouwerij Het Anker,11.7%,Belgian Strong Dark Ale,6-pack,"Total price: € 19,99"
Liquid Reboot,"€ 3,99",Norway,3.96,LERVIG,7.7%,IPA - Imperial / Double New England / Hazy,330ml,"€ 12,09 per litre"
Averbode Extra,"€ 2,99",Belgium,3.28,Huisbrouwerij Averbode,4.8%,Belgian Enkel / Patersbier,330ml,"€ 9,06 per litre"
Kasteel Donker,"€ 3,17",Belgium,3.64,Kasteel Brouwerij Vanhonsebrouck,11%,Belgian Quadrupel,330ml,"€ 9,61 per litre"
Slag Pils,"€ 2,90",United States,3.69,1905 Brewing Company,4.7%,Stout - Milk / Sweet,330ml,"€ 8,79 per litre"
Big Wave can,"€ 3,80",United States,3.52,Kona Brewing Company,4.4%,Blonde / Golden Ale - American,350ml,"€ 10,86 per litre"
Longboard Lager can,"€ 3,90",United States,3.41,Kona Brewing Company,4.6%,Lager - Pale,350ml,"€ 11,14 per litre"
Metamorphosis,"€ 64,99",Belgium,4.22,Antidoot - Wilde Fermenten,6.5%,Cider - Other Fruit,350ml,"€ 11,14 per litre"
Myrica Gale,"€ 64,99",Belgium,4.21,Antidoot - Wilde Fermenten,6.5%,Wild Ale - Other,350ml,"€ 11,14 per litre"
Ongedorst (2022),"€ 64,99",Belgium,4.18,Antidoot - Wilde Fermenten,6.5%,Farmhouse Ale - Other,350ml,"€ 11,14 per litre"
L'Obscur (Roodbruin),"€ 62,99",Belgium,4.09,Antidoot - Wilde Fermenten,6.5%,Sour - Flanders Oud Bruin,350ml,"€ 11,14 per litre"
50°N-4°E (2020),"€ 79,99",Belgium,4.42,Brasserie Cantillon,7%,Lambic - Traditional,Bottle 750ml,"€ 106,65 per litre"
Brabantiae (2018),"€ 77,99",Belgium,4.40,Brasserie Cantillon,6%,Lambic - Gueuze,Bottle 750ml,"€ 103,99 per litre"
50°N-4°E (2018),"€ 82,99",Belgium,4.31,Brasserie Cantillon,7%,Lambic - Traditional,Bottle 750ml,"€ 103,99 per litre"
L'Ambigu (Orange) (2023),"€ 64,99",Belgium,4.21,Antidoot - Wilde Fermenten,8%,Sour - Fruited,,
Horta 2023 – Wisky Barrel Aged Barley Wine,"€ 18,95",Austria,4.32,Brauhaus Bevog,15.3%,Barleywine - Other,330ml,"€ 57,42 per litre"
Wolgor Blend 1123  – Barrel Aged Blend Imperial Stout,"€ 17,95",Austria,4.20,Brauhaus Bevog,12.5%,Stout - Russian Imperial,330ml,"€ 54,39 per litre"
Rackhouse Silent Exchange – 18 Month Bourbon Barrel Aged Imperial  Stout,"€ 19,95",Norway,4.36,LERVIG,15.8%,Stout - Imperial / Double,Bottle 375ml,"€ 53,20 per litre"
Rackhouse Defunked – Wild Ale – Collab Nevel,"€ 23,95",Norway,3.95,LERVIG,6.5%,Wild Ale - Other,Bottle 750ml,"€ 31,93 per litre"
La Corne Tripel,"€ 3,50",Belgium,3.64,Brasserie des Légendes,10%,Belgian Tripel,330ml,"€ 10,61 per litre"
Alexander aged in Oak Foeders – Flanders Red Ale with Juice from Sour Cherries,"€ 3,95",Belgium,3.95,Brouwerij Rodenbach,5.6%,Sour - Flanders Red Ale,330ml,"€ 11,97 per litre"
Straffe Hendrik Brugs Quadrupel Bier II – Belgien Quadrupel,"€ 4,25",Belgium,3.89,Brouwerij De Halve Maan,11%,Belgian Quadrupel,330ml,"€ 12,88 per litre"
Framboise du Fermiern (Blend #3),"€ 54,90",United States,4.42,Side Project Brewing,8%,Farmhouse Ale - Saison,Bottle 750ml,"€ 73,20 per litre"
Oude Fermier (Vintage 2022),"€ 74,90",United States,4.37,Side Project Brewing,7%,Farmhouse Ale - Saison,Bottle 750ml,"€ 99,87 per litre"
Anabasis (Blend #7),"€ 78,90",United States,4.35,Side Project Brewing,14%,Barleywine - American,Bottle 750ml,"€ 105,20 per litre"
Sunrises (2023),"€ 69,90",United States,4.34,Side Project Brewing,6%,Farmhouse Ale - Saison,Bottle 750ml,"€ 93,20 per litre"
Rosé du Blé,"€ 39,95",United States,4.26,Side Project Brewing,6%,Farmhouse Ale - Saison,Bottle 750ml,"€ 53,27 per litre"
Trappistes Rochefort 10 – Belgisches Quadrupel,"€ 4,75",Belgium,4.05,Abbaye Notre-Dame de Saint-Rémy,11.3%,Belgian Quadrupel,330ml,"€ 14,39 per litre"
Barrel Aged Lunar Lycan – Collab Angry Chair,"€ 16,95",United States,4.37,Angry Chair Brewing/ Omnipollo,14.3%,Stout - Imperial / Double Milk,330ml,"€ 51,36 per litre"
Double Barrel Aged Anagram Blueberry Cheescake Stout  – Double Barrel Aged Imperial Stout,"€ 15,95",Sweden,4.33,Omnipollo,14%,Stout - Imperial / Double Pastry,330ml,"€ 48,33 per litre"
First Class Coconut Cinnamon Smash Cake – Bourbon Barrel Aged Imperial Pastry Stout,"€ 14,25",Sweden,4.18,Omnipollo,14%,Stout - Imperial / Double Pastry,330ml,"€ 43,18 per litre"
Sophia Lambic (2022),"€ 199,99",Belgium,4.38,Brasserie Cantillon,6.5%,Lambic - Fruit,330ml,"€ 43,18 per litre"
Devon Red Cider,"€ 5,75",England,3.51,Sandford Orchards,4.5%,Cider - Traditional / Apfelwein,500ml,"€ 11,50 per litre"
Shaky Bridge Medium Dry Sparkling Cider,"€ 6,25",England,3.48,Sandford Orchards,6%,Cider - Traditional / Apfelwein,500ml,"€ 12,50 per litre"
Devon Red Cider,"€ 5,75",England,3.51,Sandford Orchards,4.5%,Cider - Traditional / Apfelwein,500ml,"€ 11,50 per litre"
Shaky Bridge Medium Dry Sparkling Cider,"€ 6,25",England,3.48,Sandford Orchards,6%,Cider - Traditional / Apfelwein,500ml,"€ 12,50 per litre"
Extra Stout,"€ 2,75",Netherlands,3.23,Jopen,5.5%,Stout - Foreign / Export,330ml,"€ 8,33 per litre"
Devon Rosé Cider,"€ 5,50",England,3.43,Sandford Orchards,4%,Cider - Rosé,500ml,"€ 11,00 per litre"
BA Raspberry,"€ 14,10",Austria,4.19,Brauhaus Bevog,15.1%,Stout - Imperial / Double,Bottle 375ml,"€ 37,60 per litre"
Tête de Cuvée Vintage 2022,"€ 79,99",United States,4.41,Side Project Brewing,7%,Farmhouse Ale - Saison,Bottle 750ml,"€ 106,65 per litre"
Oude Fermier Vintage 2022,"€ 79,99",United States,4.37,Side Project Brewing,7%,Farmhouse Ale - Saison,Bottle 750ml,"€ 106,65 per litre"
Sunrises / Sante Adairius Rustic Ales,"€ 64,99",United States,4.34,Side Project Brewing,6%,Farmhouse Ale - Saison,Bottle 750ml,"€ 86,65 per litre"
Framboise Du Fermier - 10 Year,"€ 56,49",United States,4.32,Side Project Brewing,8%,Farmhouse Ale - Saison,Bottle 750ml,"€ 75,32 per litre"
Miscere,"€ 24,99",United States,4.28,Fremont Brewing,14.2%,Strong Ale - Other,Bottle 750ml,"€ 75,32 per litre"
Meemaw,"€ 26,49",United States,4.27,Fonta Flora Brewery,5.9%,Wild Ale - American,Bottle 750ml,"€ 75,32 per litre"
Funk Fuzz 2023,"€ 26,49",United States,4.25,Fonta Flora Brewery,6.4%,Wild Ale - American,Bottle 750ml,"€ 75,32 per litre"
La Ruche - 10 Year,"€ 43,99",United States,4.22,Side Project Brewing,6%,Farmhouse Ale - Saison,Bottle 750ml,"€ 58,65 per litre"
Rosé du Blé - 10 Year,"€ 43,99",United States,4.20,Side Project Brewing,5%,Farmhouse Ale - Saison,Bottle 750ml,"€ 58,65 per litre"
Periodic Motion 2024,"€ 42,99",United States,4.15,Fonta Flora Brewery,12%,Barleywine - English,Bottle 750ml,"€ 58,65 per litre"
'23 Three Year Blend,"€ 29,99",United States,4.14,Fonta Flora Brewery,6.5%,Lambic - Gueuze,Bottle 375ml,"€ 79,97 per litre"
Bière Blanche - 10 Year,"€ 43,99",United States,4.10,Side Project Brewing,5%,Wheat Beer - Witbier / Blanche,Bottle 375ml,"€ 79,97 per litre"
All Y'all N Co / William Chris Vineyards,"€ 36,29",United States,4.06,Jester King Brewery,10.2%,Farmhouse Ale - Other,Bottle 375ml,"€ 79,97 per litre"
Head Full of Dynomite v.53,"€ 6,15",United States,4.03,Fremont Brewing,6.8%,IPA - New England / Hazy,Bottle 375ml,"€ 79,97 per litre"
Vague Recollection,"€ 17,69",United States,4.01,Jester King Brewery,6.1%,Farmhouse Ale - Saison,Bottle 750ml,"€ 23,59 per litre"
Urban Mutation Batch #2 / Other Half,"€ 17,69",United States,3.98,Jester King Brewery,5.3%,Farmhouse Ale - Saison,,
Hibernal Dichotomous 2023,"€ 26,29",United States,3.97,Jester King Brewery,3.8%,Farmhouse Ale - Other,,
Das Wunderkind! Blend #26,"€ 17,69",United States,3.97,Jester King Brewery,5%,Farmhouse Ale - Bière de Coupage,,
Provenance Lemon & Lime Batch #3,"€ 17,69",United States,3.90,Jester King Brewery,5.9%,Farmhouse Ale - Saison,,
Eezy Peel,"€ 17,69",United States,3.90,Jester King Brewery,7.2%,Farmhouse Ale - Other,,
Bird Bump,"€ 16,99",United States,3.88,Jester King Brewery,6.4%,Farmhouse Ale - Other,,
Citrus Froot Direct,"€ 16,99",United States,3.84,Jester King Brewery,6.6%,IPA - Farmhouse,Bottle 750ml,"€ 22,65 per litre"
Hazy IPA,"€ 6,99",United States,3.81,Jester King Brewery,6.7%,IPA - New England / Hazy,Bottle 750ml,"€ 22,65 per litre"
100°,"€ 16,99",United States,3.80,Jester King Brewery,5.8%,Farmhouse Ale - Other,Bottle 750ml,"€ 22,65 per litre"
Grapefruit IPA,"€ 3,69",United States,3.78,Fremont Brewing,6.5%,IPA - American,Bottle 750ml,"€ 22,65 per litre"
Rivington X Morpheus Sloe,"€ 18,10",Belgium,3.99,Brouwerij Alvinne,5%,Sour - Fruited,Bottle 750ml,"€ 24,13 per litre"
Freddy meets Johnny,"€ 4,90",Belgium,3.88,Brouwerij Alvinne,6.5%,Sour - Flanders Oud Bruin,330ml,"€ 14,85 per litre"
Morpheus Druif,"€ 8,00",Belgium,3.80,Brouwerij Alvinne,5.5%,Grape Ale - Other,500ml,"€ 16,00 per litre"
Rackhouse Almond Cake  – Bourbon Barrel Aged Imperial Pastry Stout – Collab Pulpit Rock,"€ 18,95",Norway,4.38,LERVIG,12%,Stout - Imperial / Double Pastry,Bottle 375ml,"€ 50,53 per litre"
Sauvages Fleur De Sureau 2023 – Wild Ale,"€ 19,95",France,4.18,Popihn Sauvages,6.8%,Wild Ale - Other,Bottle 750ml,"€ 26,60 per litre"
Sauvages – Collab Cyclic Beer Farm (2023) – Wild Ale,"€ 18,95",France,4.15,Popihn Sauvages,6.3%,Wild Ale - Other,Bottle 750ml,"€ 25,27 per litre"
A Ton of Honey – Barrel Aged Imperial Stout – Holy Mountain Collab,"€ 9,95",Estonia,4.06,Põhjala,13.2%,Stout - Imperial / Double,330ml,"€ 30,15 per litre"
Cosy Nights – Winter Porter with Vanille,"€ 6,45",Estonia,3.83,Põhjala,8%,Porter - Other,330ml,"€ 19,55 per litre"
Sauvage Framboise Vanille 2023 – Barrel Aged Wild Ale with Raspberry and Vanille,"€ 19,95",France,4.27,Popihn Sauvages,7%,Wild Ale - Other,Bottle 750ml,"€ 26,60 per litre"
Side Project Burk Collab Met Angry Ochard,"€ 19,99",England,4.14,Mills Brewing/ Nevel Wild Ales,5.5%,Wild Ale - Other,Bottle 750ml,"€ 26,65 per litre"
Side Project Burk Collab Met Angry Ochard,"€ 19,99",England,4.14,Mills Brewing/ Nevel Wild Ales,5.5%,Wild Ale - Other,Bottle 750ml,"€ 26,65 per litre"
Hommage  17|18 (assemblage Nr. 40),"€ 39,99",Belgium,4.32,Brouwerij 3 Fonteinen,6.6%,Lambic - Kriek,Bottle 750ml,"€ 26,65 per litre"
Hommage Bio Frambozen 17/18 (assemblage No. 54),"€ 34,99",Belgium,4.42,Brouwerij 3 Fonteinen,6.3%,Lambic - Framboise,Bottle 750ml,"€ 26,65 per litre"
De Oude Cam Framboise Lambiek 2018,"€ 29,99",Belgium,4.28,Geuzestekerij De Cam,6%,Lambic - Framboise,Bottle 750ml,"€ 39,99 per litre"
De Oude Cam Wilde Bosbessen 2018,"€ 23,99",Belgium,4.18,Geuzestekerij De Cam,6.5%,Lambic - Fruit,Bottle 750ml,"€ 39,99 per litre"
Oude Geuze Cuvee Gaston Armand 06/10/2015,"€ 109,99",Belgium,4.32,Brouwerij 3 Fonteinen,5.5%,Lambic - Gueuze,Bottle 750ml,"€ 39,99 per litre"
Horal's Oude Geuze Mega Blend 2015,"€ 34,99",Belgium,4.21,Brouwerij 3 Fonteinen/ Brouwerij Boon/ Brouwerij De Troch/ Brouwerij Lindemans/ + 5 breweries,7%,Lambic - Gueuze,Bottle 750ml,"€ 46,65 per litre"
De Oude Cam Oude Geuze 2018,"€ 49,99",Belgium,4.20,Geuzestekerij De Cam,6%,Lambic - Gueuze,Bottle 750ml,"€ 46,65 per litre"
Horal's Oude Geuze Mega Blend 2013,"€ 54,99",Belgium,4.19,Brouwerij 3 Fonteinen/ Brouwerij Boon/ Brouwerij De Troch/ Brouwerij Lindemans/ + 5 breweries,7%,Lambic - Gueuze,Bottle 750ml,"€ 73,32 per litre"
Horal's Oude Geuze Mega Blend 2017,"€ 34,99",Belgium,4.15,Brewery John Martin & Brewery Timmermans/ Brouwerij 3 Fonteinen/ Brouwerij Boon/ Brouwerij De Troch/ + 5 breweries,7%,Lambic - Gueuze,Bottle 750ml,"€ 46,65 per litre"
Oude Geuze Cuvee Gaston Armand 06/10/2015,"€ 109,99",Belgium,4.32,Brouwerij 3 Fonteinen,5.5%,Lambic - Gueuze,Bottle 750ml,"€ 46,65 per litre"
Tilquin Oude Pinot Noir Tilquin 2017 2018,"€ 39,99",Belgium,4.38,Gueuzerie Tilquin,8.2%,Lambic - Fruit,Bottle 750ml,"€ 53,32 per litre"
Tilquin Oude Groseille Rouge Tilquin 2017 2018,"€ 29,99",Belgium,4.23,Gueuzerie Tilquin,6.6%,Lambic - Fruit,Bottle 750ml,"€ 53,32 per litre"
Tilquin Oude Mûre Tilquin 2016 2017,"€ 28,99",Belgium,4.16,Gueuzerie Tilquin,6.4%,Lambic - Fruit,Bottle 750ml,"€ 53,32 per litre"
Oude Geuze 17/18 (assemblage No. 45),"€ 54,99",Belgium,4.38,Brouwerij 3 Fonteinen,6%,Lambic - Gueuze,Bottle 750ml,"€ 53,32 per litre"
Tilquin Oude Geuze Tilquin 2017 2018,"€ 94,99",Belgium,4.25,Gueuzerie Tilquin,7%,Lambic - Gueuze,Bottle 750ml,"€ 53,32 per litre"
Oude Geuze 17/18 (assemblage No. 44),"€ 18,99",Belgium,4.38,Brouwerij 3 Fonteinen,6%,Lambic - Gueuze,Bottle 750ml,"€ 53,32 per litre"
Oude Geuze 27/04/2016,"€ 44,99",Belgium,4.33,Brouwerij 3 Fonteinen,5%,Lambic - Gueuze,Bottle 750ml,"€ 53,32 per litre"
Punk IPA,"€ 2,99",Scotland,3.71,BrewDog,5.2%,IPA - American,Can 440ml,"€ 6,80 per litre"
ÜberQuell Supadupa IPA,"€ 2,89",Germany,3.59,ÜberQuell Brauwerkstätten,6%,IPA - American,330ml,"€ 8,76 per litre"
Punk IPA,"€ 2,99",Scotland,3.71,BrewDog,5.2%,IPA - American,Can 440ml,"€ 6,80 per litre"
ÜberQuell Supadupa IPA,"€ 2,89",Germany,3.59,ÜberQuell Brauwerkstätten,6%,IPA - American,330ml,"€ 8,76 per litre"
Hefe Weissbier,"€ 2,39",Germany,3.55,Schäffler Bräu,5.2%,Wheat Beer - Hefeweizen,500ml,"€ 4,78 per litre"
Cuvee Armand & Gaston 16|17 (assemblage No.6),"€ 26,99",Belgium,4.46,Brouwerij 3 Fonteinen,5.2%,Lambic - Gueuze,500ml,"€ 4,78 per litre"
Cuvee Armand & Gaston 17|18 (assemblage No.27),"€ 26,99",Belgium,4.28,Brouwerij 3 Fonteinen,6.5%,Lambic - Gueuze,500ml,"€ 4,78 per litre"
Balcony Bonfire At Your BNB,"€ 5,75",Netherlands,3.67,Uiltje Brewing Company,4.9%,Barleywine - American,Can 440ml,"€ 13,07 per litre"
Chmielowy Lager,"€ 1,90",Poland,3.37,Browar Fortuna,4.5%,Lager - American Amber / Red,Bottle 500ml,"€ 3,80 per litre"
Double Barrel Fionn (2022),"€ 109,99",United States,4.36,Angry Chair Brewing,10.5%,Porter - Imperial / Double Coffee,Bottle 500ml,"€ 3,80 per litre"
Catalyst Reserve,"€ 99,99",United States,4.32,Whiskey Hill Brewing,15.5%,Stout - Imperial / Double,Bottle 500ml,"€ 3,80 per litre"
Távoli Galaxis,"€ 2,81",Hungary,3.65,RothBeer,6.1%,IPA - American,330ml,"€ 8,52 per litre"
Darkness Doubled,"€ 42,99",United States,4.39,Sante Adairius Rustic Ales,17.1%,Stout - Belgian,500ml,"€ 85,98 per litre"
Saison Bernice,"€ 25,99",United States,4.35,Sante Adairius Rustic Ales,6.5%,Farmhouse Ale - Brett,Bottle 750ml,"€ 34,65 per litre"
Idyllic Contemplations,"€ 25,99",United States,4.31,Sante Adairius Rustic Ales,4.5%,Farmhouse Ale - Saison,Bottle 750ml,"€ 34,65 per litre"
Detours DDT Hazelnut (Purple Label),"€ 45,99",United States,4.26,Cycle Brewing Company,4.5%,Stout - Imperial / Double Pastry,Bottle 750ml,"€ 34,65 per litre"
Mass Quantities (2022),"€ 20,99",United States,4.19,Drekker Brewing Company,13%,Stout - Imperial / Double Pastry,Bottle 750ml,"€ 34,65 per litre"
Hokey Religion,"€ 9,75",England,4.21,Emperor's Brewery,12.6%,Stout - Imperial / Double Pastry,330ml,"€ 29,55 per litre"
Mindless Philosopher,"€ 9,75",England,4.17,Emperor's Brewery,12%,Porter - Imperial / Double,330ml,"€ 29,55 per litre"
"(Ah Yes,) I See You Know Your Judo Well!","€ 7,50",Netherlands,4.03,White Dog Brewery,10.5%,Stout - Imperial / Double Pastry,Can 440ml,"€ 17,05 per litre"
Pigs On Two Legs,"€ 7,50",Netherlands,3.96,White Dog Brewery,7.5%,IPA - New England / Hazy,Can 440ml,"€ 17,05 per litre"
It's Not A Phase!,"€ 7,50",Netherlands,3.95,White Dog Brewery,10.5%,Stout - Imperial / Double Pastry,Can 440ml,"€ 17,05 per litre"
Brewing King Of Bones,"€ 7,50",Germany,3.87,Black Rebel Brewing Company,7.2%,IPA - Imperial / Double New England / Hazy,Can 440ml,"€ 17,05 per litre"
Oude Gueuze Cuvee Jean-Francois 1759 – Gueuze,"€ 21,95",Belgium,4.32,Gueuzerie Tilquin,7.3%,Lambic - Gueuze,Bottle 750ml,"€ 29,27 per litre"
Citrus All Pro,"€ 5,00",United States,3.77,Columbia Craft Brewing Company,5.8%,Pale Ale - American,Can 355ml,"€ 14,08 per litre"
Speciale Kameraod American Pale Ale,"€ 14,50",Netherlands,3.59,Kameraod Brouwers,6.8%,Pale Ale - American,Bottle 750ml,"€ 19,33 per litre"
Beste Kameraod,"€ 3,75",Netherlands,3.52,Kameraod Brouwers,7%,Belgian Dubbel,330ml,"€ 11,36 per litre"
1806 Max I. Joseph Jubiläums Export,"€ 5,20",Germany,3.61,Herzoglich Bayerisches Brauhaus Tegernsee,5.2%,Lager - Dortmunder / Export,Bottle 500ml,"€ 10,40 per litre"
De Eeuwige Jeugd Lellebel,"€ 2,60",Netherlands,3.57,Brouwerij de Eeuwige Jeugd,5.7%,Blonde / Golden Ale - Other,330ml,"€ 7,88 per litre"
De Eeuwige Jeugd Gladjanus,"€ 2,55",Netherlands,3.50,Brouwerij de Eeuwige Jeugd,5.2%,IPA - White / Wheat,330ml,"€ 7,73 per litre"
Tilquin Oude Rhubarbe,"€ 11,60",Belgium,4.08,Gueuzerie Tilquin,6.3%,Lambic - Other,Bottle 750ml,"€ 15,47 per litre"
Oudbeitje,"€ 4,28",Belgium,3.70,Hanssens Artisanaal,6%,Lambic - Fruit,Bottle 375ml,"€ 11,41 per litre"
Kwak Blonde,"€ 2,70",Belgium,3.55,Brouwerij Bosteels,7.4%,Blonde / Golden Ale - Other,330ml,"€ 8,18 per litre"
Satan Red,"€ 2,85",Belgium,3.37,Brouwerij De Block,8%,Red Ale - Other,330ml,"€ 8,64 per litre"
Heavenly Hops Vaticinator IPA,"€ 6,80",Denmark,3.64,Amager Bryghus,7%,IPA - New England / Hazy,Can 440ml,"€ 15,45 per litre"
Peach White Oak Jai Alai,"€ 3,19",United States,3.82,Cigar City Brewing,7.5%,IPA - American,Can 440ml,"€ 15,45 per litre"
Peach White Oak Jai Alai,"€ 11,99",United States,3.82,Cigar City Brewing,7.5%,IPA - American,Can 440ml,"€ 15,45 per litre"
Peach White Oak Jai Alai,"€ 23,19",United States,3.82,Cigar City Brewing,7.5%,IPA - American,Can 440ml,"€ 15,45 per litre"
Peach White Oak Jai Alai,"€ 34,39",United States,3.82,Cigar City Brewing,7.5%,IPA - American,Can 440ml,"€ 15,45 per litre"
Bumps,"€ 10,50",England,3.83,Beak Brewery,7%,Sour - Smoothie / Pastry,Can 440ml,"€ 23,86 per litre"
Lindenhardter Pils,"€ 2,10",Germany,3.45,Brauerei Kürzdörfer,5%,Pilsner - Other,500ml,"€ 4,20 per litre"
Aoraki DIPA,"€ 5,70",England,3.93,Vocation Brewery,8%,IPA - Imperial / Double New England / Hazy,Can 440ml,"€ 12,95 per litre"
Clomp,"€ 21,97",England,4.22,Mills Brewing,5.7%,Sour - Flanders Red Ale,Bottle 750ml,"€ 29,29 per litre"
Richard Wagner Dunkel,"€ 2,00",Germany,3.37,Brauerei Wagner Merkendorf,5.5%,Lager - Munich Dunkel,500ml,"€ 4,00 per litre"
Witkap Pater Special,"€ 2,25",Belgium,3.33,Brouwerij Slaghmuylder,5.5%,Pale Ale - Belgian,330ml,"€ 6,82 per litre"
The Garden Brewery/Barona Hazy IPA: Talus & Idaho 7,"€ 6,49",Croatia,3.81,The Garden Brewery,6.1%,IPA - New England / Hazy,Can 440ml,"€ 14,75 per litre"
"The Garden Brewery/Fausto Mango, Lime & Raspberry Imperial Berliner Weisse","€ 6,99",Croatia,3.73,The Garden Brewery,7.3%,Sour - Berliner Weisse,Can 440ml,"€ 15,89 per litre"
"Valovi: Florida Weisse Pink Guava, Strawberry & Lime","€ 5,99",Croatia,3.71,The Garden Brewery,6.9%,Sour - Fruited Berliner Weisse,Can 440ml,"€ 13,61 per litre"
The Garden Brewery/BBOP Imperial Coffee & Coconut Stout,"€ 6,49",Croatia,3.67,The Garden Brewery,7.1%,Stout - Imperial / Double Coffee,Can 440ml,"€ 14,75 per litre"
The Garden Brewery/Rascals Rosehip & Orange Sour,"€ 5,99",Croatia,3.59,The Garden Brewery,5.4%,Sour - Fruited,Can 440ml,"€ 13,61 per litre"
Cider Classic Apple,"€ 2,59",Germany,3.49,BRLO,4.5%,Cider - Traditional / Apfelwein,330ml,"€ 7,85 per litre"
Zötler Hefeweizen Dunkel,"€ 2,29",Germany,3.48,Privat-Brauerei Zötler,5.1%,Wheat Beer - Dunkelweizen,500ml,"€ 4,58 per litre"
Zötler Hefeweizen Alkoholfrei,"€ 2,29",Germany,3.19,Privat-Brauerei Zötler,0.1%,Non-Alcoholic - Wheat,500ml,"€ 4,58 per litre"
Kerel Stout,"€ 3,50",Belgium,3.38,Siphon Brewing,6%,Porter - American,330ml,"€ 10,61 per litre"
De Dool Ter Dolen Wit,"€ 2,70",Belgium,2.92,Ter Dolen,5.1%,Non-Alcoholic - IPA,330ml,"€ 8,18 per litre"
Blond,"€ 2,80",Netherlands,3.50,Uiltje Brewing Company,6%,Blonde / Golden Ale - Other,330ml,"€ 8,48 per litre"
COLLABOR8,"€ 8,40",England,3.97,Brew York,11%,Stout - Imperial / Double,330ml,"€ 25,45 per litre"
Gluttony Dryhopped Imperial IPA,"€ 7,80",Denmark,3.83,Amager Bryghus,9.4%,IPA - Imperial / Double,Can 440ml,"€ 17,73 per litre"
Hot Shot,"€ 9,25",Sweden,4.23,Dugges Bryggeri,16%,Stout - Other,330ml,"€ 28,03 per litre"
Mindless Philosopher,"€ 9,25",England,4.17,Emperor's Brewery,12%,Porter - Imperial / Double,330ml,"€ 28,03 per litre"
Hagger Blend 1019 Blue,"€ 14,95",Austria,4.29,Brauhaus Bevog,12.2%,Barleywine - American,330ml,"€ 45,30 per litre"
Ego Death – Rye Whiskey BA,"€ 10,75",Romania,4.28,Blackout Brewing,12%,Stout - Imperial / Double Pastry,330ml,"€ 32,58 per litre"
Mindless Philosopher,"€ 9,25",England,4.17,Emperor's Brewery,12%,Porter - Imperial / Double,330ml,"€ 28,03 per litre"
Hagger Blend 1019 Blue,"€ 14,95",Austria,4.29,Brauhaus Bevog,12.2%,Barleywine - American,330ml,"€ 45,30 per litre"
Ego Death – Rye Whiskey BA,"€ 10,75",Romania,4.28,Blackout Brewing,12%,Stout - Imperial / Double Pastry,330ml,"€ 32,58 per litre"
Dark Ritual,"€ 8,35",Czech Republic,4.17,Sibeeria,11.6%,Stout - Imperial / Double,500ml,"€ 16,70 per litre"
Discordia – Port BA,"€ 9,35",Romania,4.04,Blackout Brewing,10%,Barleywine - Other,330ml,"€ 28,33 per litre"
Múspellsheimr,"€ 8,85",Sweden,3.67,Närke Kulturbryggeri,9%,Mead - Braggot,330ml,"€ 26,82 per litre"
Tokyo Kaiju,"€ 5,40",Hungary,3.69,Mad Scientist,9%,IPA - Fruited,Can 440ml,"€ 12,27 per litre"
Pink Buster,"€ 5,90",Germany,3.73,FrauGruber Brewing,8.2%,IPA - Imperial / Double,Can 440ml,"€ 13,41 per litre"
Selfish Games Jungle Sunrise,"€ 4,27",Hungary,3.48,HORIZONT Brewing,6.1%,IPA - Fruited,330ml,"€ 12,94 per litre"
Hippy Jungle,"€ 4,90",England,3.70,Full Circle Brew Co,4%,Pale Ale - Other,Can 440ml,"€ 11,14 per litre"
Amazing Haze,"€ 4,00",Sweden,3.87,Stigbergets Bryggeri,6.5%,IPA - New England / Hazy,Can 440ml,"€ 9,09 per litre"
Pistachu,"€ 5,65",Estonia,3.85,Anderson's Craft Beer,11.5%,Stout - Imperial / Double Pastry,330ml,"€ 17,12 per litre"
Bock,"€ 1,90",Germany,3.40,Brauerei Kundmüller,6.6%,Bock - Hell / Maibock / Lentebock,500ml,"€ 3,80 per litre"
Lager,"€ 1,90",Germany,3.39,Brauerei Kundmüller,4.7%,Lager - Helles,500ml,"€ 3,80 per litre"
New And Improved! GBG,"€ 5,35",Sweden,3.93,Stigbergets Bryggeri,6.5%,IPA - New England / Hazy,Can 440ml,"€ 12,16 per litre"
Export Porter,"€ 3,99",Netherlands,3.85,Brouwerij Kees,10.5%,Porter - Imperial / Double,330ml,"€ 12,09 per litre"
Erik de Noorman (Glutenvrij),"€ 3,29",Netherlands,3.74,Brouwerij Klein Duimpje,9.5%,Gluten-Free,330ml,"€ 12,09 per litre"
Quadrupel,"€ 3,99",Netherlands,3.57,Grutte Pier Brouwerij,9.5%,Belgian Quadrupel,330ml,"€ 12,09 per litre"
Blond,"€ 3,39",Netherlands,3.47,Brouwerij Artemis,5.6%,Blonde / Golden Ale - Other,330ml,"€ 10,27 per litre"
Tank 7 Farmhouse Ale,"€ 3,99",United States,3.76,Boulevard Brewing Co.,8.5%,Farmhouse Ale - Saison,330ml,"€ 12,09 per litre"
Delirium Deliria,"€ 9,50",Belgium,3.62,Delirium - Huyghe Brewery,8.5%,Belgian Strong Golden Ale,Bottle 750ml,"€ 12,67 per litre"
Petrus Aged Pale,"€ 3,30",Belgium,3.58,Brouwerij De Brabandere,7.3%,Sour - Other,330ml,"€ 10,00 per litre"
Huyghe Averbode,"€ 2,60",Belgium,3.57,Huisbrouwerij Averbode,7.5%,Belgian Strong Golden Ale,330ml,"€ 7,88 per litre"
Tilquin Oude Reinette Étoilée,"€ 12,20",Belgium,4.03,Gueuzerie Tilquin,6.8%,Lambic - Fruit,Bottle 750ml,"€ 16,27 per litre"
Deep Frozen Triple Gelato: Verde,"€ 11,99",Poland,4.16,Funky Fluid,13%,Freeze-Distilled Beer,Can 330ml,"€ 36,33 per litre"
Aun Mas a Jesus,"€ 6,29",United States,4.10,Evil Twin Brewing,12%,Stout - Imperial / Double,Can 330ml,"€ 19,06 per litre"
Gelato: Szarlotka,"€ 5,59",Poland,4.09,Funky Fluid,5.5%,Sour - Smoothie / Pastry,Can 500ml,"€ 11,18 per litre"
Szklanki,"€ 4,19",Poland,3.80,Funky Fluid,6.2%,IPA - New England / Hazy,Can 500ml,"€ 8,38 per litre"
Brisk,"€ 3,47",Poland,3.79,Funky Fluid,6%,IPA - Cold,Can 500ml,"€ 6,94 per litre"
How To Spell Fun,"€ 3,14",Poland,3.42,Maltgarden,4.9%,Lager - Mexican,Can 500ml,"€ 6,28 per litre"
"Free Pretty - Kiwi, Pear, Peach & Sweet Roll","€ 4,39",Poland,3.14,Magic Road,0.5%,Non-Alcoholic - Sour,Can 500ml,"€ 8,78 per litre"
For the Love of Hops ”Azure”,"€ 5,99",Netherlands,3.83,Brouwerij Frontaal,8%,IPA - Imperial / Double New England / Hazy,Can 500ml,"€ 8,78 per litre"
"It's Not Us, It's You","€ 5,99",Netherlands,3.67,Brouwerij Frontaal,8%,IPA - Imperial / Double New England / Hazy,Can 500ml,"€ 8,78 per litre"
The Original Smokey,"€ 2,99",Netherlands,3.62,De Kromme Haring,8.5%,Porter - Smoked,330ml,"€ 9,06 per litre"
Big Oatis (Bourbon Barrel-Aged),"€ 23,69",United States,4.04,Ninkasi Brewing Company,9.6%,Stout - Oatmeal,330ml,"€ 9,06 per litre"
Phaser,"€ 3,43",United States,3.90,Ecliptic Brewing,6.5%,IPA - New England / Hazy,330ml,"€ 9,06 per litre"
Tricerahops,"€ 2,99",United States,3.89,Ninkasi Brewing Company,8%,IPA - Imperial / Double,330ml,"€ 9,06 per litre"
Megalodom,"€ 2,99",United States,3.83,Ninkasi Brewing Company,10%,IPA - Triple,330ml,"€ 9,06 per litre"
Starburst,"€ 3,43",United States,3.81,Ecliptic Brewing,7.8%,IPA - American,330ml,"€ 9,06 per litre"
Mastodom,"€ 2,99",United States,3.79,Ninkasi Brewing Company,8%,IPA - Imperial / Double,330ml,"€ 9,06 per litre"
Eclipsosaurus,"€ 2,99",United States,3.79,Ninkasi Brewing Company,8%,IPA - Imperial / Double New England / Hazy,,
Hazy IPA,"€ 2,99",United States,3.73,Ninkasi Brewing Company,6.5%,IPA - New England / Hazy,,
Total Domination,"€ 2,99",United States,3.73,Ninkasi Brewing Company,6.7%,IPA - American,,
Prismatic,"€ 2,99",United States,3.71,Ninkasi Brewing Company,5.9%,IPA - American,,
Pale Ale,"€ 3,43",United States,3.65,Ninkasi Brewing Company,5.5%,Pale Ale - American,,
Very Raspberry,"€ 5,49",Hungary,3.73,Mad Scientist,4.5%,Sour - Fruited Berliner Weisse,Can 440ml,"€ 12,48 per litre"
Tokyo Lemonade,"€ 3,32",Hungary,3.29,Mad Scientist,4.2%,Wheat Beer - Fruited,Can 440ml,"€ 7,55 per litre"
Huppendorfer Zwickel,"€ 1,90",Germany,3.51,Brauerei Gasthof Grasser,4.9%,Kellerbier / Zwickelbier,500ml,"€ 3,80 per litre"
Pühaste/Pöhjala Chokoh Ha Bourbon BA Imperial Porter,"€ 11,99",Estonia,4.34,Pühaste Brewery,14.5%,Porter - Imperial / Double,330ml,"€ 36,33 per litre"
Skipper IPA,"€ 4,99",Estonia,3.72,Pühaste Brewery,6%,IPA - New England / Hazy,330ml,"€ 15,12 per litre"
Linnutee Stout,"€ 4,99",Estonia,3.68,Pühaste Brewery,6%,Stout - Coffee,330ml,"€ 15,12 per litre"
Smoothiesh: What Did the Sushi Say To the Bee?,"€ 8,30",Croatia,4.24,Pulfer Brewery,5%,Sour - Smoothie / Pastry,500ml,"€ 16,60 per litre"
Matador,"€ 3,59",Sweden,3.73,Brewski,4.7%,Sour - Fruited Berliner Weisse,330ml,"€ 10,88 per litre"
Uffe,"€ 3,79",Sweden,3.51,Brewski,5.9%,IPA - American,330ml,"€ 11,48 per litre"
Coconut Vanilla Cocoa Stout (2023),"€ 14,49",Czech Republic,4.32,Rodinný Pivovar Zichovec,14.5%,Stout - Imperial / Double Pastry,Bottle 375ml,"€ 38,64 per litre"
Coconut Stout 2023,"€ 14,49",Czech Republic,4.32,Rodinný Pivovar Zichovec,14.5%,Stout - Imperial / Double,Bottle 375ml,"€ 38,64 per litre"
Mexican Hot Chocolate Stout 2023,"€ 14,49",Czech Republic,4.16,Rodinný Pivovar Zichovec,14.5%,Stout - Imperial / Double Pastry,Bottle 375ml,"€ 38,64 per litre"
Hagger Blend 1019 Pink,"€ 14,50",Austria,4.31,Brauhaus Bevog,12.2%,Barleywine - American,330ml,"€ 43,94 per litre"
Hagger Blend 1019 Blue,"€ 14,50",Austria,4.29,Brauhaus Bevog,12.2%,Barleywine - American,330ml,"€ 43,94 per litre"
Twisted Cake BA Four Roses,"€ 9,99",Romania,4.23,Blackout Brewing,13%,Stout - Imperial / Double Pastry,330ml,"€ 30,27 per litre"
Hagger Blend 1019 Pink,"€ 14,50",Austria,4.31,Brauhaus Bevog,12.2%,Barleywine - American,330ml,"€ 43,94 per litre"
Hagger Blend 1019 Blue,"€ 14,50",Austria,4.29,Brauhaus Bevog,12.2%,Barleywine - American,330ml,"€ 43,94 per litre"
Twisted Cake BA Four Roses,"€ 9,99",Romania,4.23,Blackout Brewing,13%,Stout - Imperial / Double Pastry,330ml,"€ 30,27 per litre"
Cachaca BA True Hallucinations,"€ 9,75",Romania,4.21,Blackout Brewing,11%,Stout - Imperial / Double,330ml,"€ 29,55 per litre"
Silk And Silicone BA Fiji Rum,"€ 9,75",Romania,4.14,Blackout Brewing,11%,Stout - Imperial / Double Pastry,330ml,"€ 29,55 per litre"
Discordia Port BA,"€ 9,25",Romania,4.04,Blackout Brewing,10%,Barleywine - Other,330ml,"€ 28,03 per litre"
Veridian Hailstorm,"€ 4,90",Croatia,3.77,Pulfer Brewery,5.7%,Pale Ale - New England / Hazy,500ml,"€ 9,80 per litre"
Venom,"€ 7,20",Romania,4.13,Bereta Brewing Co.,10%,Stout - Imperial / Double Pastry,330ml,"€ 21,82 per litre"
Super Noah,"€ 2,20",Belgium,3.29,Brouwerij 't Verzet,4.9%,Belgian Blonde,330ml,"€ 6,67 per litre"
Close Encounters,"€ 5,45",Romania,3.99,Bereta Brewing Co.,7.8%,IPA - Imperial / Double New England / Hazy,Can 440ml,"€ 12,39 per litre"
"Damn, That Feels Nice","€ 4,75",Romania,3.88,Bereta Brewing Co.,6.2%,IPA - New England / Hazy,Can 440ml,"€ 10,80 per litre"
Black Gold 2023,"€ 43,99",United States,4.41,Central Waters Brewing Company,14%,Stout - Imperial / Double,Bottle 650ml,"€ 67,68 per litre"
Twenty Six (XXVI),"€ 39,99",United States,4.36,Central Waters Brewing Company,14.1%,Stout - Imperial / Double,Bottle 650ml,"€ 61,52 per litre"
Reflections 10 Year,"€ 32,99",United States,4.23,Side Project Brewing,5%,Wild Ale - American,Bottle 375ml,"€ 87,97 per litre"
Mega Dark BA Rye Whisky Coffee Coconut,"€ 37,99",United States,4.21,Juicy Brewing Co,14%,Stout - Imperial / Double Pastry,500ml,"€ 75,98 per litre"
Mega Dark BA Apple Brandy Maple Syrup,"€ 37,99",United States,4.21,Juicy Brewing Co,14%,Stout - Imperial / Double Pastry,500ml,"€ 75,98 per litre"
Mega Dark BA Dickel Barrel Clean,"€ 37,99",United States,4.08,Juicy Brewing Co,14%,Stout - Russian Imperial,500ml,"€ 75,98 per litre"
Nordic Punch,"€ 6,30",France,3.84,Les Intenables - Craft Beer -,6.5%,IPA - Farmhouse,Can 440ml,"€ 14,32 per litre"
Cuffing Season,"€ 13,80",France,3.83,La P'tite Maiz',6.9%,Farmhouse Ale - Bière de Coupage,Bottle 750ml,"€ 18,40 per litre"
Mama Whipa,"€ 3,90",France,3.77,Les Intenables - Craft Beer -,6%,IPA - White / Wheat,Can 440ml,"€ 8,86 per litre"
Méga Trip,"€ 3,50",France,3.65,Les Intenables - Craft Beer -,7.5%,Belgian Tripel,Can 440ml,"€ 7,95 per litre"
BIA,"€ 5,99",Romania,3.93,ULTIMA,10.2%,Stout - Imperial / Double,Can 440ml,"€ 7,95 per litre"
Bad Tedi,"€ 5,59",Romania,3.58,OneTwo,5%,Sour - Fruited,Can 440ml,"€ 12,70 per litre"
Schofferhofer Grapefruit Radler,"€ 2,90",Germany,3.58,Radeberger Gruppe,2.5%,Shandy / Radler,Can 500ml,"€ 5,80 per litre"
Carignan 2023,"€ 11,50",France,3.91,Sacrilège,6.9%,Grape Ale - Other,Bottle 750ml,"€ 15,33 per litre"
Entracte,"€ 8,50",France,3.77,Sacrilège,5%,Farmhouse Ale - Saison,Bottle 750ml,"€ 11,33 per litre"
Jääsiider - Ice Cider 2019,"€ 22,07",Estonia,4.11,Jaanihanso,12%,Cider - Ice,Bottle 375ml,"€ 58,85 per litre"
RHEUM Naturel,"€ 3,15",Estonia,3.68,Jaanihanso,5.5%,Cider - Other Fruit,Can 330ml,"€ 9,55 per litre"
To Ol Yule M%&?!&k Bourbon Barrel Aged 2021,"€ 14,79",Denmark,4.33,To Øl,14.5%,Stout - Imperial / Double Milk,Bottle 375ml,"€ 39,44 per litre"
Rudeen,"€ 5,80",Austria,3.67,Brauhaus Bevog,7.4%,IPA - Imperial / Double Black,330ml,"€ 17,58 per litre"
Buzz,"€ 4,70",Austria,3.63,Brauhaus Bevog,5.7%,IPA - New England / Hazy,330ml,"€ 14,24 per litre"
Toetëlèr Blond,"€ 2,90",Belgium,3.36,Brouwerij Den Toetëlèr,7.3%,Belgian Blonde,330ml,"€ 14,24 per litre"
Bolleke,"€ 2,42",Belgium,3.34,Brouwerij De Koninck,5.2%,Pale Ale - Belgian,Bottle 250ml,"€ 9,68 per litre"
Wit,"€ 2,90",Netherlands,3.37,Brouwerij De 7 Deugden,5.5%,Wheat Beer - Witbier / Blanche,330ml,"€ 8,79 per litre"
Something New,"€ 19,60",Canada,4.09,Sonnen Hill Brewing,7%,Farmhouse Ale - Saison,Bottle 750ml,"€ 26,13 per litre"
Heart Lake Pils,"€ 5,30",Canada,3.82,Sonnen Hill Brewing,4.5%,Pilsner - Other,Can 355ml,"€ 14,93 per litre"
Ale,"€ 5,30",Canada,3.76,Sonnen Hill Brewing,4.2%,Lager - Pale,Can 355ml,"€ 14,93 per litre"
Lager Beer,"€ 5,30",Canada,3.70,Sonnen Hill Brewing,4.8%,Lager - Helles,Can 355ml,"€ 14,93 per litre"
ROEM Blond,"€ 3,20",Netherlands,3.36,De Zoetermeerse Brouwerij,6%,Belgian Blonde,330ml,"€ 9,70 per litre"
Le Pic 2023,"€ 11,50",France,4.05,Sacrilège,7.2%,Grape Ale - Other,Bottle 750ml,"€ 15,33 per litre"
Cuvée Mistral,"€ 12,50",France,4.02,Sacrilège,8.4%,Wild Ale - Other,Bottle 750ml,"€ 16,67 per litre"
Cuvée Mistral,"€ 14,50",France,4.02,Sacrilège,8%,Wild Ale - Other,Bottle 750ml,"€ 19,33 per litre"
Cuvée Pépins 2022,"€ 14,50",France,4.00,Sacrilège,6.2%,Grape Ale - Other,Bottle 750ml,"€ 19,33 per litre"
Cuvée Pépins 2022,"€ 32,00",France,4.00,Sacrilège,6.9%,Grape Ale - Other,Bottle 1500ml,"€ 21,33 per litre"
Prune 2022,"€ 12,50",France,3.98,Sacrilège,5.5%,Wild Ale - Other,Bottle 750ml,"€ 16,67 per litre"
Escale 2023,"€ 12,50",France,3.81,Sacrilège,6.4%,Farmhouse Ale - Bière de Coupage,Bottle 750ml,"€ 16,67 per litre"
Cuvée Courson 2023,"€ 10,50",France,3.77,Sacrilège,5.9%,Grape Ale - Other,Bottle 750ml,"€ 14,00 per litre"
Rosé Naturel Cider,"€ 3,15",Estonia,3.68,Jaanihanso,5.5%,Cider - Rosé,330ml,"€ 9,55 per litre"
Non-Alcoholic Eté,"€ 8,53",Estonia,3.25,Jaanihanso,0.4%,Non-Alcoholic - Cider / Perry,Bottle 750ml,"€ 11,37 per litre"
Non-Alcoholic HQ Brut (Honey & Quince),"€ 8,53",Estonia,3.25,Jaanihanso,0.4%,Non-Alcoholic - Cider / Perry,Bottle 750ml,"€ 11,37 per litre"
Non-Alcoholic Quince Naturel Cider,"€ 2,41",Estonia,3.25,Jaanihanso,0.4%,Non-Alcoholic - Cider / Perry,330ml,"€ 7,30 per litre"
BA Raspberry,"€ 17,90",Austria,4.19,Brauhaus Bevog,15.1%,Stout - Imperial / Double,Bottle 375ml,"€ 47,73 per litre"
Made You Blush,"€ 21,60",Wales,3.86,Wilderness Brewery,7.5%,Wild Ale - Other,Bottle 750ml,"€ 28,80 per litre"
Wilderness Life After Love,"€ 18,00",United States,3.79,Outer Range Brewing Co.,6.3%,Schwarzbier,Bottle 750ml,"€ 24,00 per litre"
Stones And Skins,"€ 20,40",Wales,3.63,Wilderness Brewery,7.1%,Wild Ale - Other,Bottle 750ml,"€ 27,20 per litre"
Custard Pie,"€ 7,50",Romania,4.18,Bereta Brewing Co.,3%,Sour - Smoothie / Pastry,Can 440ml,"€ 17,05 per litre"
Venom,"€ 8,50",Romania,4.13,Bereta Brewing Co.,10%,Stout - Imperial / Double Pastry,330ml,"€ 25,76 per litre"
Punch The Clock,"€ 7,50",Romania,3.92,Bereta Brewing Co.,3.2%,Sour - Smoothie / Pastry,Can 440ml,"€ 17,05 per litre"
Chupacabra,"€ 9,50",Croatia,3.63,Pulfer Brewery,9.5%,Stout - Imperial / Double Pastry,500ml,"€ 19,00 per litre"
Hopnytized Double IPA,"€ 4,19",Belgium,3.71,Enigma,9%,IPA - Imperial / Double,330ml,"€ 12,70 per litre"
Punch The Clock,"€ 7,50",Romania,3.92,Bereta Brewing Co.,3.2%,Sour - Smoothie / Pastry,Can 440ml,"€ 17,05 per litre"
Chupacabra,"€ 9,50",Croatia,3.63,Pulfer Brewery,9.5%,Stout - Imperial / Double Pastry,500ml,"€ 19,00 per litre"
Hopnytized Double IPA,"€ 4,19",Belgium,3.71,Enigma,9%,IPA - Imperial / Double,330ml,"€ 12,70 per litre"
Dutch Bargain/Aquamossel Mosselbier Witbier,"€ 3,99",Netherlands,3.24,Dutch Bargain,4.6%,Wheat Beer - Witbier / Blanche,330ml,"€ 12,09 per litre"
Implosion Lager,"€ 46,80",Denmark,3.19,To Øl,0.3%,Non-Alcoholic - IPA,24-pack,"Total price: € 46,80"
Saison Dupont 75cl,"€ 10,50",Belgium,3.68,Brasserie Dupont,6.5%,Farmhouse Ale - Saison,Bottle 750ml,"€ 14,00 per litre"
Brokilde Blonde,"€ 4,70",Denmark,3.38,To Øl,6%,Blonde / Golden Ale - Other,Bottle 750ml,"€ 14,00 per litre"
Implosion,"€ 3,00",Denmark,3.19,To Øl,0.3%,Non-Alcoholic - IPA,330ml,"€ 9,09 per litre"
Fatamorgana DIPA,"€ 6,50",Sweden,3.98,Omnipollo,8%,IPA - Imperial / Double New England / Hazy,330ml,"€ 19,70 per litre"
Ich Bin Peach Berliner Weisse,"€ 4,50",Denmark,3.72,Mikkeller,3.7%,Sour - Fruited Berliner Weisse,330ml,"€ 13,64 per litre"
Limbo Dragonfruit Non Alc Sour,"€ 4,10",Denmark,3.28,Mikkeller,0.3%,Non-Alcoholic - Sour,330ml,"€ 12,42 per litre"
Moitié Noirceur (Lager Polotmavé),"€ 8,75",Canada,4.01,Messorem,5%,Lager - Polotmavé (Czech Amber),473ml,"€ 18,50 per litre"
Chocolate Reign 2020,"€ 46,99",United States,4.43,The Bruery,21%,Stout - Imperial / Double,Bottle 750ml,"€ 62,65 per litre"
So You Liked Dem Coconuts?,"€ 40,99",United States,4.39,The Bruery,15.7%,Stout - Imperial / Double,Bottle 750ml,"€ 54,65 per litre"
Pools of Reflection Batch 2,"€ 39,99",United States,4.32,Private Press Brewing,14.3%,Barleywine - English,500ml,"€ 79,98 per litre"
BBA Twice As Lonely 2024,"€ 29,95",United States,4.32,Resident Culture Brewing Co.,13.5%,Stout - Imperial / Double Pastry,500ml,"€ 59,90 per litre"
Double Dry Hop Pseudo Sue,"€ 8,25",United States,4.31,Toppling Goliath Brewing Co.,5.8%,Pale Ale - New England / Hazy,473ml,"€ 17,44 per litre"
Black Tuesday Scotch Barrel Aged 2022,"€ 45,99",United States,4.28,The Bruery,17.7%,Stout - Imperial / Double,Bottle 750ml,"€ 61,32 per litre"
Sensescape,"€ 9,95",Canada,4.27,Badlands Brewing Company,8.2%,IPA - Imperial / Double,473ml,"€ 21,04 per litre"
Love Me Tender,"€ 22,99",United States,4.24,The Bruery,17.6%,Stout - Imperial / Double,Bottle 375ml,"€ 61,31 per litre"
Cosmic Archer,"€ 8,25",United States,4.11,Toppling Goliath Brewing Co.,7.8%,IPA - Imperial / Double New England / Hazy,473ml,"€ 17,44 per litre"
Sorte (Altbier),"€ 7,50",United States,3.89,Resident Culture Brewing Co.,5%,Altbier - Traditional,473ml,"€ 15,86 per litre"
Lost But Not Forgotten (ESB),"€ 7,50",United States,3.88,Resident Culture Brewing Co.,5.4%,Bitter - Extra Special / Strong (ESB),473ml,"€ 15,86 per litre"
Right Time (Lager American Light),"€ 5,99",United States,3.76,Resident Culture Brewing Co.,4.5%,Lager - American Light,355ml,"€ 16,87 per litre"
Proper Trollied (Mild Dark),"€ 7,50",United States,3.75,Phase Three Brewing,3.9%,Mild - Dark,473ml,"€ 15,86 per litre"
Riding For The Feeling (Pilsner Italian),"€ 7,50",United States,3.74,Resident Culture Brewing Co.,5%,Pilsner - Italian,473ml,"€ 15,86 per litre"
Pear Brandy Wine Haus,"€ 32,99",United States,4.33,Long Live Beerworks,12%,Barleywine - American,500ml,"€ 65,98 per litre"
Schmoojee Marsh Madness Peach Raspberry Mango,"€ 10,50",United States,4.15,Imprint Beer Co.,6.5%,Sour - Smoothie / Pastry,473ml,"€ 22,20 per litre"
Scythian Ale,"€ 32,99",United States,4.07,Long Live Beerworks,12%,Barleywine - Other,500ml,"€ 65,98 per litre"
Mild Enthusiasm (Mild Dark),"€ 9,50",United States,3.86,Imprint Beer Co.,4.3%,Mild - Dark,473ml,"€ 20,08 per litre"
Thrilla In The Rye 2023,"€ 53,99",United States,4.53,Garagiste Meadery,15.2%,Mead - Melomel,Bottle 375ml,"€ 143,97 per litre"
Barrel Aged Depeche Mjod Plus,"€ 54,99",United States,4.47,Garagiste Meadery,16.9%,Mead - Melomel,Bottle 375ml,"€ 146,64 per litre"
Bourbon Barrel Aged Dem Beetuz Bois,"€ 25,99",United States,4.36,Imprint Beer Co.,13.5%,Stout - Imperial / Double Pastry,500ml,"€ 51,98 per litre"
Schmoojee Patisseree Strawberry Raspberry Cake,"€ 10,50",United States,4.35,Imprint Beer Co.,6.5%,Sour - Smoothie / Pastry,473ml,"€ 22,20 per litre"
Schmoojee Marsh Madness Strawberry Cotton Candy White Chocolae S'mores,"€ 10,50",United States,4.33,Imprint Beer Co.,6.5%,Sour - Smoothie / Pastry,473ml,"€ 22,20 per litre"
Barrel Aged Hydra,"€ 48,99",United States,4.32,Garagiste Meadery,16.1%,Mead - Other,Bottle 375ml,"€ 130,64 per litre"
Stuffed Schmoojee White Chocolate Strawberry Cannoli,"€ 10,50",United States,4.27,Imprint Beer Co.,6%,Sour - Smoothie / Pastry,473ml,"€ 22,20 per litre"
Barrel Aged Depeche Mjod,"€ 53,99",United States,4.27,Garagiste Meadery,16.8%,Mead - Melomel,Bottle 375ml,"€ 143,97 per litre"
Schmoojee Berry Cherry Cheesecake Parfait,"€ 10,50",United States,4.24,Imprint Beer Co.,6.5%,Sour - Smoothie / Pastry,473ml,"€ 22,20 per litre"
Schmoojee Shcoops Banana Cookies & Cream,"€ 10,50",United States,4.21,Imprint Beer Co.,6.5%,Sour - Smoothie / Pastry,473ml,"€ 22,20 per litre"
Barrel Aged Depeche Mjod,"€ 53,99",United States,4.27,Garagiste Meadery,16.8%,Mead - Melomel,Bottle 375ml,"€ 143,97 per litre"
Schmoojee Berry Cherry Cheesecake Parfait,"€ 10,50",United States,4.24,Imprint Beer Co.,6.5%,Sour - Smoothie / Pastry,473ml,"€ 22,20 per litre"
Schmoojee Shcoops Banana Cookies & Cream,"€ 10,50",United States,4.21,Imprint Beer Co.,6.5%,Sour - Smoothie / Pastry,473ml,"€ 22,20 per litre"
Schmoojee Obey Your Juice With Lemon + Lime Soda,"€ 10,50",United States,4.21,Imprint Beer Co.,6.5%,Sour - Smoothie / Pastry,473ml,"€ 22,20 per litre"
Mass Quantities,"€ 25,99",United States,4.31,Drekker Brewing Company,10%,Stout - Imperial / Double,500ml,"€ 51,98 per litre"
Thursday 2024,"€ 49,99",United States,4.30,Cycle Brewing Company,13%,Stout - Imperial / Double,Bottle 750ml,"€ 66,65 per litre"
Friday 2024,"€ 49,99",United States,4.22,Cycle Brewing Company,12.5%,Stout - Imperial / Double,Bottle 750ml,"€ 66,65 per litre"
Monday 2024,"€ 49,99",United States,4.20,Cycle Brewing Company,12.5%,Stout - Imperial / Double,Bottle 750ml,"€ 66,65 per litre"
Saturday 2024,"€ 49,99",United States,4.18,Cycle Brewing Company,14%,Stout - Imperial / Double,Bottle 750ml,"€ 66,65 per litre"
Tuesday 2024,"€ 49,99",United States,4.15,Cycle Brewing Company,13%,Stout - Imperial / Double,Bottle 750ml,"€ 66,65 per litre"
Wednesday 2024,"€ 49,99",United States,4.13,Cycle Brewing Company,12.5%,Stout - Imperial / Double,Bottle 750ml,"€ 66,65 per litre"
Austerity,"€ 5,85",France,3.84,Prizm Brewing Co.,6%,IPA - New England / Hazy,Can 440ml,"€ 13,30 per litre"
Temporality,"€ 5,85",France,3.83,Prizm Brewing Co.,7%,IPA - New England / Hazy,Can 440ml,"€ 13,30 per litre"
Barrel Aged Speedway Stout: Vanilla Shake Edition,"€ 14,99",United States,4.30,AleSmith Brewing Company,14.03%,Stout - Imperial / Double Coffee,473ml,"€ 31,69 per litre"
Fractional BA Moon Pie,"€ 35,00",United States,4.22,3 Sons Brewing Co.,13%,Stout - Imperial / Double Pastry,500ml,"€ 70,00 per litre"
Barrel Aged Speedway Stout Coconut Vanilla Edition,"€ 14,99",United States,4.17,AleSmith Brewing Company,13.2%,Stout - Imperial / Double Coffee,473ml,"€ 31,69 per litre"
Speedway Stout Affogato Edition,"€ 9,75",United States,4.08,AleSmith Brewing Company,12%,Stout - Imperial / Double Coffee,473ml,"€ 20,61 per litre"
Hypnotize Minds,"€ 9,99",United States,4.06,3 Sons Brewing Co.,6.5%,Sour - Fruited Berliner Weisse,473ml,"€ 21,12 per litre"
Speedway Stout New Orleans Café Edition,"€ 9,75",United States,4.00,AleSmith Brewing Company,12%,Stout - Imperial / Double Coffee,473ml,"€ 20,61 per litre"
Ocean Park Pils,"€ 6,99",United States,3.69,3 Sons Brewing Co.,5%,Pilsner - Other,473ml,"€ 14,78 per litre"
Lite Crispy Bois,"€ 6,99",United States,3.68,3 Sons Brewing Co.,4.2%,Lager - American Light,473ml,"€ 14,78 per litre"
Non Alcoholic IPA,"€ 4,75",United States,3.30,AleSmith Brewing Company,0.4%,Non-Alcoholic - IPA,355ml,"€ 13,38 per litre"
Non Alcoholic Speedway Stout,"€ 4,75",United States,3.13,AleSmith Brewing Company,0.4%,Non-Alcoholic - Porter / Stout,355ml,"€ 13,38 per litre"
Piątek Wieczór,"€ 2,60",Poland,3.56,Browar Za Miastem,5.2%,Pale Ale - New England / Hazy,Bottle 500ml,"€ 5,20 per litre"
A ja Pale Ale,"€ 2,80",Poland,3.50,Browar PINTA,5%,Pale Ale - American,Bottle 500ml,"€ 5,60 per litre"
Groot Geschapen,"€ 3,50",Netherlands,3.47,Brouwerij Het Platte Harnas,7%,Belgian Blonde,330ml,"€ 10,61 per litre"
Ypra,"€ 2,35",Belgium,3.45,Brouwerij Vermeulen,6%,Pale Ale - Belgian,330ml,"€ 7,12 per litre"
De la Senne Saison van de Bruwer,"€ 3,23",Belgium,3.28,Brasserie de la Senne,5.3%,Farmhouse Ale - Brett,330ml,"€ 9,79 per litre"
Mansueto 2023,"€ 17,99",Italy,4.36,CRAK Brewery,13%,Barleywine - English,Bottle 375ml,"€ 47,97 per litre"
Berliner Weisse,"€ 2,69",Germany,3.01,BRLO,4%,Sour - Berliner Weisse,330ml,"€ 8,15 per litre"
Jai Alai,"€ 3,19",United States,3.92,Cigar City Brewing,7.5%,IPA - American,330ml,"€ 8,15 per litre"
Jai Alai,"€ 11,99",United States,3.92,Cigar City Brewing,7.5%,IPA - American,330ml,"€ 8,15 per litre"
Jai Alai,"€ 23,19",United States,3.92,Cigar City Brewing,7.5%,IPA - American,330ml,"€ 8,15 per litre"
Jai Alai,"€ 34,39",United States,3.92,Cigar City Brewing,7.5%,IPA - American,330ml,"€ 8,15 per litre"
Jai Alai Double IPA,"€ 5,99",United States,3.86,Cigar City Brewing,10%,IPA - Imperial / Double,330ml,"€ 8,15 per litre"
Florida Man,"€ 3,59",United States,3.81,Cigar City Brewing,9%,IPA - Imperial / Double,330ml,"€ 8,15 per litre"
Florida Man,"€ 13,99",United States,3.81,Cigar City Brewing,9%,IPA - Imperial / Double,330ml,"€ 8,15 per litre"
Florida Man,"€ 27,19",United States,3.81,Cigar City Brewing,9%,IPA - Imperial / Double,330ml,"€ 8,15 per litre"
Florida Man,"€ 39,99",United States,3.81,Cigar City Brewing,9%,IPA - Imperial / Double,330ml,"€ 8,15 per litre"
Double Dale's,"€ 3,59",United States,3.77,Oskar Blues Brewery,9%,IPA - Imperial / Double,330ml,"€ 8,15 per litre"
Double Dale's,"€ 13,99",United States,3.77,Oskar Blues Brewery,9%,IPA - Imperial / Double,,
Double Dale's,"€ 27,19",United States,3.77,Oskar Blues Brewery,9%,IPA - Imperial / Double,,
Double Dale's,"€ 39,99",United States,3.77,Oskar Blues Brewery,9%,IPA - Imperial / Double,,
Old Chub,"€ 3,99",United States,3.73,Oskar Blues Brewery,8%,Scotch Ale / Wee Heavy,355ml,"€ 11,24 per litre"
Old Chub,"€ 14,99",United States,3.73,Oskar Blues Brewery,8%,Scotch Ale / Wee Heavy,355ml,"€ 42,23 per litre"
Old Chub,"€ 28,99",United States,3.73,Oskar Blues Brewery,8%,Scotch Ale / Wee Heavy,355ml,"€ 81,66 per litre"
Old Chub,"€ 42,99",United States,3.73,Oskar Blues Brewery,8%,Scotch Ale / Wee Heavy,355ml,"€ 121,10 per litre"
Guayabera,"€ 3,19",United States,3.71,Cigar City Brewing,5.5%,Pale Ale - American,355ml,"€ 8,99 per litre"
Guayabera,"€ 11,99",United States,3.71,Cigar City Brewing,5.5%,Pale Ale - American,355ml,"€ 33,77 per litre"
Guayabera,"€ 23,19",United States,3.71,Cigar City Brewing,5.5%,Pale Ale - American,355ml,"€ 65,32 per litre"
Guayabera,"€ 34,39",United States,3.71,Cigar City Brewing,5.5%,Pale Ale - American,355ml,"€ 96,87 per litre"
Mama's Little Yella,"€ 2,99",United States,3.71,Oskar Blues Brewery,5.5%,Pilsner - Other,355ml,"€ 96,87 per litre"
Mama's Little Yella,"€ 10,49",United States,3.71,Oskar Blues Brewery,5.5%,Pilsner - Other,355ml,"€ 96,87 per litre"
Mama's Little Yella,"€ 20,29",United States,3.71,Oskar Blues Brewery,5.5%,Pilsner - Other,355ml,"€ 96,87 per litre"
Mama's Little Yella,"€ 29,99",United States,3.71,Oskar Blues Brewery,5.5%,Pilsner - Other,355ml,"€ 96,87 per litre"
Tropic Mutant,"€ 2,99",United States,3.71,Oskar Blues Brewery,7%,IPA - Other,355ml,"€ 8,42 per litre"
Tropic Mutant,"€ 10,49",United States,3.71,Oskar Blues Brewery,7%,IPA - Other,355ml,"€ 29,55 per litre"
Tropic Mutant,"€ 20,29",United States,3.71,Oskar Blues Brewery,7%,IPA - Other,355ml,"€ 57,15 per litre"
Tropic Mutant,"€ 29,99",United States,3.71,Oskar Blues Brewery,7%,IPA - Other,355ml,"€ 84,48 per litre"
Mango Jai Alai,"€ 3,19",United States,3.70,Cigar City Brewing,7.5%,IPA - American,355ml,"€ 84,48 per litre"
Tropic Mutant,"€ 29,99",United States,3.71,Oskar Blues Brewery,7%,IPA - Other,355ml,"€ 84,48 per litre"
Mango Jai Alai,"€ 3,19",United States,3.70,Cigar City Brewing,7.5%,IPA - American,355ml,"€ 84,48 per litre"
Mango Jai Alai,"€ 11,99",United States,3.70,Cigar City Brewing,7.5%,IPA - American,355ml,"€ 84,48 per litre"
Mango Jai Alai,"€ 23,19",United States,3.70,Cigar City Brewing,7.5%,IPA - American,355ml,"€ 84,48 per litre"
Mango Jai Alai,"€ 34,39",United States,3.70,Cigar City Brewing,7.5%,IPA - American,355ml,"€ 84,48 per litre"
Dale's Pale Ale,"€ 3,19",United States,3.63,Oskar Blues Brewery,6.5%,Pale Ale - American,355ml,"€ 8,99 per litre"
Dale's Pale Ale,"€ 11,99",United States,3.63,Oskar Blues Brewery,6.5%,Pale Ale - American,355ml,"€ 33,77 per litre"
Dale's Pale Ale,"€ 23,19",United States,3.63,Oskar Blues Brewery,6.5%,Pale Ale - American,355ml,"€ 65,32 per litre"
Dale's Pale Ale,"€ 34,39",United States,3.63,Oskar Blues Brewery,6.5%,Pale Ale - American,355ml,"€ 96,87 per litre"
Jai Low,"€ 3,19",United States,3.53,Cigar City Brewing,4%,IPA - Session,355ml,"€ 96,87 per litre"
Jai Low,"€ 11,99",United States,3.53,Cigar City Brewing,4%,IPA - Session,355ml,"€ 96,87 per litre"
Jai Low,"€ 23,19",United States,3.53,Cigar City Brewing,4%,IPA - Session,355ml,"€ 96,87 per litre"
Jai Low,"€ 34,39",United States,3.53,Cigar City Brewing,4%,IPA - Session,355ml,"€ 96,87 per litre"
Mas Lima,"€ 2,69",United States,3.46,Oskar Blues Brewery,5%,Lager - Mexican,355ml,"€ 96,87 per litre"
Dale's Light Lager,"€ 2,99",United States,3.37,Oskar Blues Brewery,4.2%,Lager - American Light,355ml,"€ 8,42 per litre"
Dale's Light Lager,"€ 10,49",United States,3.37,Oskar Blues Brewery,4.2%,Lager - American Light,355ml,"€ 29,55 per litre"
Dale's Light Lager,"€ 20,29",United States,3.37,Oskar Blues Brewery,4.2%,Lager - American Light,355ml,"€ 57,15 per litre"
Dale's Light Lager,"€ 29,99",United States,3.37,Oskar Blues Brewery,4.2%,Lager - American Light,355ml,"€ 84,48 per litre"
Hotpath Vol.004 Ancho Imperial Chili Stout Series,"€ 8,95",Sweden,4.07,Nerdbrewing,14.2%,Stout - Imperial / Double Oatmeal,330ml,"€ 27,12 per litre"
Hotpath Vol.005 Guajillo Imperial Chili Sout,"€ 8,95",Sweden,4.07,Nerdbrewing,14.2%,Stout - Imperial / Double Oatmeal,330ml,"€ 27,12 per litre"
Hotpath Vol.005 Guajillo Imperial Chili Sout,"€ 8,95",Sweden,4.07,Nerdbrewing,14.2%,Stout - Imperial / Double Oatmeal,330ml,"€ 27,12 per litre"
Hagger Blend 1019 Pink Barleywine,"€ 16,95",Austria,4.31,Brauhaus Bevog,12.2%,Barleywine - American,330ml,"€ 51,36 per litre"
Hagger Blend 1019 Blue Barleywine,"€ 16,95",Austria,4.29,Brauhaus Bevog,12.2%,Barleywine - American,330ml,"€ 51,36 per litre"
Browns Sweet Wild Yeast Cider BIO,"€ 6,25",England,3.71,Dunkertons,7.5%,Cider - Applewine,500ml,"€ 12,50 per litre"
Dr. Raptor Imperial IPA,"€ 2,50",Netherlands,3.68,Uiltje Brewing Company,8.2%,IPA - Imperial / Double,Can 330ml,"€ 7,58 per litre"
?t Gouden IJ Goudblond Bier,"€ 2,95",Netherlands,3.58,Brouwerij 't IJ,6.8%,Blonde / Golden Ale - Other,330ml,"€ 8,94 per litre"
West Indies Porter,"€ 4,65",Ireland,3.57,Guinness,6%,Porter - Other,500ml,"€ 9,30 per litre"
Weldoener Blond,"€ 3,45",Netherlands,3.47,Brouwerij Maallust,6.5%,Blonde / Golden Ale - Other,300ml,"€ 11,50 per litre"
SchuppenBoer Summer Belgian Blond,"€ 2,70",Belgium,3.40,Brouwerij Het Nest,6%,Belgian Blonde,330ml,"€ 8,18 per litre"
KlevereTien Quadrupel,"€ 3,05",Belgium,3.56,Brouwerij Het Nest,10%,Belgian Quadrupel,330ml,"€ 9,24 per litre"
FLOC Whisper,"€ 5,10",England,3.82,Floc.,5%,Pale Ale - New England / Hazy,Can 440ml,"€ 11,59 per litre"
Pecheresse 37.5cl,"€ 5,70",Belgium,3.57,Brouwerij Lindemans,2.5%,Lambic - Fruit,Bottle 375ml,"€ 15,20 per litre"
PULPT Level,"€ 4,10",England,3.57,Pulpt,5.4%,Cider - Dry,500ml,"€ 8,20 per litre"
Pulpt - Level 44cl,"€ 4,00",England,3.57,Pulpt,5.4%,Cider - Dry,Can 440ml,"€ 9,09 per litre"
La Guillotine Tripel,"€ 5,50",Belgium,3.57,Delirium - Huyghe Brewery,8.5%,Belgian Strong Golden Ale,330ml,"€ 16,67 per litre"
PULPT Flare,"€ 4,00",England,3.51,Pulpt,4.9%,Cider - Sweet,500ml,"€ 8,00 per litre"
Pulpt - Flare 44cl,"€ 3,90",England,3.51,Pulpt,4.9%,Cider - Sweet,Can 440ml,"€ 8,86 per litre"
Oude Geuze,"€ 6,30",Belgium,3.37,Brouwerij Boon,6.5%,Lambic - Gueuze,Bottle 375ml,"€ 16,80 per litre"
Schofferhofer Maracuja,"€ 2,50",Germany,3.14,Radeberger Gruppe,2.5%,Shandy / Radler,330ml,"€ 7,58 per litre"
Tropic Thunder,"€ 4,35",Sweden,3.82,Dugges Bryggeri/ Stillwater Artisanal,4.5%,Sour - Fruited,330ml,"€ 13,18 per litre"
Doktor Rudi,"€ 2,40",Belgium,3.13,Brouwerij 't Verzet/ Surly Brewing Company,6%,Sour - Berliner Weisse,330ml,"€ 7,27 per litre"
Induktor,"€ 2,70",Poland,3.59,Browar Wielka Sowa,5.8%,IPA - New England / Hazy,Bottle 500ml,"€ 5,40 per litre"
Meinel Mephisto,"€ 2,00",Germany,3.22,Meinel Bräu,5.2%,Rauchbier,500ml,"€ 4,00 per litre"
West Coast IPA,"€ 3,04",Sweden,3.62,Poppels Bryggeri,6.5%,IPA - American,Can 330ml,"€ 9,21 per litre"
Mad Callista,"€ 2,19",Germany,3.22,Craftwerk Brewing,3.9%,Lager - IPL (India Pale Lager),330ml,"€ 6,64 per litre"
Green Walnut,"€ 15,73",Belgium,3.85,Oud Beersel,6.5%,Lambic - Other,Bottle 750ml,"€ 20,97 per litre"
Henry Westons Medium Vintage Rosé 2021,"€ 4,90",England,3.38,Westons Cider,4.5%,Cider - Rosé,500ml,"€ 9,80 per litre"
Henry Westons Medium Dry Vintage Cider 2022,"€ 4,90",England,3.83,Westons Cider,8.2%,Cider - Dry,500ml,"€ 9,80 per litre"
Stowford Press Apple Cider,"€ 4,90",England,3.30,Westons Cider,4.5%,Cider - Dry,500ml,"€ 9,80 per litre"
Lightspeed Pilsner,"€ 4,20",England,3.23,Original Stormtrooper Beer,5%,Pilsner - Other,330ml,"€ 12,73 per litre"
Trekzak Tripel,"€ 3,50",Netherlands,3.48,Brouwerij Vals Plat,7.5%,Belgian Tripel,330ml,"€ 10,61 per litre"
Abbaye de Rochefort 10,"€ 7,40",Belgium,4.05,Abbaye Notre-Dame de Saint-Rémy,11.3%,Belgian Quadrupel,330ml,"€ 22,42 per litre"
La Trappe Witte,"€ 3,90",Netherlands,3.60,Bierbrouwerij De Koningshoeven,5.5%,Wheat Beer - Witbier / Blanche,330ml,"€ 11,82 per litre"
Big Bad Baptist Chocolate Caramel Sea Salt,"€ 16,29",United States,4.12,"Epic Brewing Co. (Utah, Colorado)",12%,Stout - Imperial / Double Pastry,330ml,"€ 11,82 per litre"
Big Bad Baptist Chocolate Mint,"€ 17,49",United States,3.65,"Epic Brewing Co. (Utah, Colorado)",10.5%,Stout - Imperial / Double,Bottle 650ml,"€ 26,91 per litre"
Delicious Hazy IPA,"€ 2,90",United States,3.77,Stone Brewing,7.2%,IPA - New England / Hazy,355ml,"€ 8,17 per litre"
Tilquin Abricot 2023-2024,"€ 20,31",Belgium,4.07,Gueuzerie Tilquin,6.3%,Lambic - Fruit,Bottle 750ml,"€ 27,08 per litre"
Tilquin Abricot 2023-2024,"€ 11,93",Belgium,4.07,Gueuzerie Tilquin,6.3%,Lambic - Fruit,Bottle 375ml,"€ 31,81 per litre"
Delicious Hazy IPA,"€ 2,90",United States,3.77,Stone Brewing,7.2%,IPA - New England / Hazy,355ml,"€ 8,17 per litre"
Tilquin Abricot 2023-2024,"€ 20,31",Belgium,4.07,Gueuzerie Tilquin,6.3%,Lambic - Fruit,Bottle 750ml,"€ 27,08 per litre"
Tilquin Abricot 2023-2024,"€ 11,93",Belgium,4.07,Gueuzerie Tilquin,6.3%,Lambic - Fruit,Bottle 375ml,"€ 31,81 per litre"
Bairisch Pils,"€ 2,19",Germany,3.57,Ayinger Privatbrauerei,5.3%,Pilsner - German,330ml,"€ 6,64 per litre"
Reloaded IPA,"€ 3,99",Estonia,3.55,Tanker Brewery,5.8%,IPA - Session,Can 440ml,"€ 9,07 per litre"
Kraft Lager,"€ 3,49",Estonia,3.36,Tanker Brewery,5%,Pilsner - Czech / Bohemian,Can 440ml,"€ 7,93 per litre"
Normal Beer Kellerbier,"€ 3,49",Estonia,3.27,Tanker Brewery,5%,Kellerbier / Zwickelbier,Can 440ml,"€ 7,93 per litre"
Huyghe Delirium Nocturnum,"€ 4,01",Belgium,3.76,Delirium - Huyghe Brewery,8.5%,Belgian Strong Dark Ale,330ml,"€ 12,15 per litre"
De Oude Cam: Geuze 2019,"€ 12,95",Belgium,4.21,Geuzestekerij De Cam,6%,Lambic - Gueuze,Bottle 375ml,"€ 34,53 per litre"
Lambiek Fabriek: Bord-Elle 2021,"€ 14,95",Belgium,4.03,Lambiek Fabriek,10.5%,Lambic - Gueuze,Bottle 750ml,"€ 19,93 per litre"
Lambiek Fabriek: Brett-Elle Oude Geuze 2020,"€ 16,90",Belgium,4.01,Lambiek Fabriek,5.5%,Lambic - Gueuze,Bottle 750ml,"€ 22,53 per litre"
Oude Geuze Boon: VAT 31 2021,"€ 12,95",Belgium,3.99,Brouwerij Boon,8.5%,Lambic - Gueuze,Bottle 375ml,"€ 34,53 per litre"
You Gotta Make A Decision,"€ 15,80",Hungary,3.90,MadX,6%,Sour - Flanders Red Ale,Bottle 750ml,"€ 21,07 per litre"
Yamnaya  - THT/BBE 09/24,"€ 6,80",Spain,4.10,Garage Beer Co.,8.5%,IPA - Imperial / Double New England / Hazy,Can 440ml,"€ 15,45 per litre"
Block Tovarisch 2.0,"€ 6,30",Spain,4.09,Laugar Brewery,13%,Stout - Russian Imperial,330ml,"€ 19,09 per litre"
Turquesa  - THT/BBE 09/24,"€ 6,00",Spain,3.81,Garage Beer Co.,8.5%,IPA - American,330ml,"€ 19,09 per litre"
Nilla Nest / Horus Aged,"€ 47,49",United States,4.32,Cellarmaker Brewing Company,14.8%,Stout - Imperial / Double,330ml,"€ 19,09 per litre"
dHop2,"€ 8,29",United States,4.28,Equilibrium Brewery,8.5%,IPA - Imperial / Double,473ml,"€ 17,53 per litre"
DDH Turok Juice,"€ 9,35",United States,4.25,Cellarmaker Brewing Company,7.3%,IPA - American,473ml,"€ 17,53 per litre"
Double Dobis,"€ 12,99",United States,4.25,Cellarmaker Brewing Company,8.2%,IPA - Imperial / Double,473ml,"€ 17,53 per litre"
Harvester of Science,"€ 6,79",United States,4.24,Equilibrium Brewery,8.5%,IPA - Imperial / Double,473ml,"€ 17,53 per litre"
Simmer Dim,"€ 40,99",United States,4.22,Cellarmaker Brewing Company,14.5%,Barleywine - Other,473ml,"€ 17,53 per litre"
Hop Wave 5,"€ 8,49",United States,4.21,Equilibrium Brewery,8%,IPA - Imperial / Double,473ml,"€ 17,95 per litre"
Pi²,"€ 9,69",United States,4.20,Equilibrium Brewery,9.9%,IPA - Milkshake,473ml,"€ 20,49 per litre"
Peanut Butter Pi,"€ 22,29",United States,4.19,Equilibrium Brewery,11%,Stout - Imperial / Double,473ml,"€ 20,49 per litre"
Morning Haze,"€ 6,63",United States,4.14,Equilibrium Brewery,8%,IPA - Imperial / Double,473ml,"€ 14,02 per litre"
Humulus² / Mortalis,"€ 6,63",United States,4.11,Equilibrium Brewery,8.5%,IPA - Imperial / Double,473ml,"€ 14,02 per litre"
What's Past Is Present / Voodoo,"€ 8,49",United States,4.10,Equilibrium Brewery,8.5%,IPA - Imperial / Double,473ml,"€ 14,02 per litre"
Mo' Citra,"€ 9,35",United States,4.07,Cellarmaker Brewing Company,6.9%,IPA - American,473ml,"€ 14,02 per litre"
Tiny Dankster,"€ 10,49",United States,4.06,Cellarmaker Brewing Company,5.7%,Pale Ale - New England / Hazy,473ml,"€ 14,02 per litre"
Alien Life Form,"€ 9,35",United States,4.04,Cellarmaker Brewing Company,6.8%,IPA - American,473ml,"€ 14,02 per litre"
The Glow,"€ 8,23",United States,4.03,Cellarmaker Brewing Company,5.7%,Pale Ale - American,473ml,"€ 14,02 per litre"
Mmm...Osa,"€ 6,69",United States,4.01,Equilibrium Brewery,4.8%,Pale Ale - American,473ml,"€ 14,14 per litre"
Otto's Jacket,"€ 11,69",United States,3.99,Cellarmaker Brewing Company,7%,IPA - American,473ml,"€ 14,14 per litre"
Adam's Parachute / Casey,"€ 24,99",United States,3.98,Cellarmaker Brewing Company,6.4%,Farmhouse Ale - Saison,473ml,"€ 14,14 per litre"
Lupulin Fusion Disorder / Ghost Town & riip,"€ 9,35",United States,3.97,Cellarmaker Brewing Company,7%,IPA - American,473ml,"€ 14,14 per litre"
Coco Cream Stout,"€ 22,29",United States,3.95,Equilibrium Brewery,11%,Stout - Imperial / Double,473ml,"€ 14,14 per litre"
Adam's Parachute / Casey,"€ 24,99",United States,3.98,Cellarmaker Brewing Company,6.4%,Farmhouse Ale - Saison,,
Lupulin Fusion Disorder / Ghost Town & riip,"€ 9,35",United States,3.97,Cellarmaker Brewing Company,7%,IPA - American,,
Coco Cream Stout,"€ 22,29",United States,3.95,Equilibrium Brewery,11%,Stout - Imperial / Double,,
10 Forty / Urban Roots,"€ 10,69",United States,3.94,Cellarmaker Brewing Company,4%,Pilsner - German,,
Distorted Bliss,"€ 8,79",United States,3.93,Cellarmaker Brewing Company,5.5%,Pilsner - Other,,
Astrophysics,"€ 7,29",United States,3.93,Equilibrium Brewery,6.5%,IPA - New England / Hazy,473ml,"€ 15,41 per litre"
Hop Making Sense,"€ 8,39",United States,3.90,Cellarmaker Brewing Company,5.7%,Pale Ale - American,473ml,"€ 15,41 per litre"
Back Away Banana Breath / Horus Aged Ales,"€ 47,49",United States,3.19,Cellarmaker Brewing Company,9.5%,Stout - Imperial / Double Pastry,473ml,"€ 15,41 per litre"
Prior 8,"€ 3,13",Belgium,3.70,Brouwerij St.Bernardus,8%,Belgian Dubbel,330ml,"€ 9,48 per litre"
Westmalle Trappist Extra,"€ 2,81",Belgium,3.46,Brouwerij der Trappisten van Westmalle,4.8%,Belgian Enkel / Patersbier,330ml,"€ 8,52 per litre"
Hommage BIO 2017-2018 54th BLEND (TONNEAU),"€ 28,72",Belgium,4.49,Brouwerij 3 Fonteinen,6%,Lambic - Framboise,Bottle 750ml,"€ 38,29 per litre"
Framboos Oogst (Harvest) 2017 2017-2018 16th BLEND,"€ 29,99",Belgium,4.46,Brouwerij 3 Fonteinen,5.3%,Lambic - Framboise,Bottle 750ml,"€ 39,99 per litre"
Leviathan 2022 Pedro Ximenez BA,"€ 9,42",Poland,4.15,Funky Fluid,11%,Porter - Imperial / Double Baltic,330ml,"€ 28,55 per litre"
Ashes & Diamonds Cacao Peanut Butter,"€ 8,44",Poland,4.06,Funky Fluid,12%,Barleywine - American,330ml,"€ 25,58 per litre"
EUROBOX Hungary - Maryensztadt/Nook Grape Sour,"€ 2,52",Poland,3.67,Browar NOOK/ Maryensztadt,7.8%,Sour - Fruited,Can 500ml,"€ 5,04 per litre"
EUROBOX Germany - Funky Fluid Hopfenweisse,"€ 1,52",Poland,3.20,Funky Fluid,4.5%,Wheat Beer - Hopfenweisse,500ml,"€ 3,04 per litre"
Double Stout,"€ 4,49",England,3.54,Shepherd Neame,5.2%,Stout - English,500ml,"€ 8,98 per litre"
Free Pils,"€ 2,59",Japan,2.50,Kirin Brewery Company,5.2%,Non-Alcoholic - Lager,330ml,"€ 7,85 per litre"
Smoothie Sour Apricot & Coconut,"€ 4,65",Netherlands,3.62,Brouwerij Kees,4.9%,Sour - Smoothie / Pastry,Can 440ml,"€ 10,57 per litre"
DOUBLE SOUP  -  THT/BBE 10/24,"€ 7,00",Spain,4.06,Garage Beer Co.,8.5%,IPA - Imperial / Double New England / Hazy,Can 440ml,"€ 15,91 per litre"
SOUP Riwaka  -  THT/BBE 10/24,"€ 6,40",Spain,4.02,Garage Beer Co.,7%,IPA - New England / Hazy,Can 25440ml,"€ 0,25 per litre"
SOUP Idaho 7  -  THT/BBE 10/24,"€ 6,40",Spain,3.97,Garage Beer Co.,7%,IPA - New England / Hazy,Can 25440ml,"€ 0,25 per litre"
SOUP IPA  -  THT/BBE 10/24,"€ 5,90",Spain,3.94,Garage Beer Co.,6%,IPA - New England / Hazy,Can 25440ml,"€ 0,25 per litre"
Vatgerijpt #12 Nondeju Grand Cru Gotik Gin,"€ 7,50",Netherlands,4.01,Muifelbrouwerij,11.5%,Belgian Strong Golden Ale,330ml,"€ 22,73 per litre"
Freeky Non-Alcoholic APA,"€ 4,30",Poland,3.37,Maryensztadt,0.5%,Non-Alcoholic - Pale Ale,500ml,"€ 8,60 per litre"
Cotton Candy Sunset,"€ 3,79",Estonia,3.88,Pühaste Brewery,6%,Sour - Fruited,330ml,"€ 11,48 per litre"
Alphageddon (2024),"€ 5,20",Netherlands,3.88,Rock City Brewing,8%,IPA - Imperial / Double,Can 440ml,"€ 11,82 per litre"
Laine,"€ 3,20",Estonia,3.57,Pühaste Brewery,4%,Pale Ale - New England / Hazy,330ml,"€ 9,70 per litre"
Valge,"€ 2,79",Estonia,3.51,Pühaste Brewery,5.1%,Wheat Beer - Witbier / Blanche,330ml,"€ 8,45 per litre"
Mexa Fallon,"€ 4,99",Spain,4.00,Gross,6.5%,IPA - New England / Hazy,Can 440ml,"€ 11,34 per litre"
Beatmaker,"€ 4,99",Spain,3.96,Gross,6.3%,IPA - New England / Hazy,Can 440ml,"€ 11,34 per litre"
"OK, Let's Go!","€ 5,85",Spain,3.88,Gross,6%,IPA - New England / Hazy,Can 440ml,"€ 13,30 per litre"
Playground Non Alcoholic IPA (bottle),"€ 2,60",Netherlands,3.33,vandeStreek bier,0.5%,Non-Alcoholic - IPA,330ml,"€ 7,88 per litre"
Hommage,"€ 27,53",Belgium,4.43,Brouwerij 3 Fonteinen,6%,Lambic - Framboise,Bottle 750ml,"€ 36,71 per litre"
Boerenerf Roodneus,"€ 14,46",Belgium,4.11,Het Boerenerf Eylenbosch,7%,Lambic - Fruit,Bottle 750ml,"€ 19,28 per litre"
Boerenerf Zomerkriek,"€ 20,65",Belgium,4.08,Het Boerenerf Eylenbosch,7%,Lambic - Other,Bottle 750ml,"€ 27,53 per litre"
Boerenerf Fluweel,"€ 16,52",Belgium,4.14,Het Boerenerf Eylenbosch,6.95%,Lambic - Other,Bottle 750ml,"€ 22,03 per litre"
Boerenerf Mirabelle,"€ 14,46",Belgium,4.09,Het Boerenerf Eylenbosch,7.11%,Lambic - Fruit,Bottle 750ml,"€ 19,28 per litre"
Boerenerf Oude Gueuze Lambic'ado,"€ 17,21",Belgium,4.02,Het Boerenerf Eylenbosch,7%,Lambic - Gueuze,Bottle 750ml,"€ 22,95 per litre"
Bruin,"€ 5,95",Belgium,3.48,Brasserie Lupulus,8.5%,Brown Ale - Belgian,Bottle 750ml,"€ 7,93 per litre"
Boerenerf Mirabelle,"€ 14,46",Belgium,4.09,Het Boerenerf Eylenbosch,7.11%,Lambic - Fruit,Bottle 750ml,"€ 19,28 per litre"
Boerenerf Oude Gueuze Lambic'ado,"€ 17,21",Belgium,4.02,Het Boerenerf Eylenbosch,7%,Lambic - Gueuze,Bottle 750ml,"€ 22,95 per litre"
Bruin,"€ 5,95",Belgium,3.48,Brasserie Lupulus,8.5%,Brown Ale - Belgian,Bottle 750ml,"€ 7,93 per litre"
B2 Biscuit Blond,"€ 2,85",Netherlands,3.35,Berging Brouwerij,6.5%,Belgian Blonde,330ml,"€ 8,64 per litre"
Cuvée Madeleine,"€ 22,50",Canada,4.19,Brasserie Auval Brewing,5.6%,Farmhouse Ale - Saison,Bottle 750ml,"€ 30,00 per litre"
Viti Vini Vici #18,"€ 18,80",Canada,4.16,Brasserie Dunham,6.5%,Farmhouse Ale - Saison,Bottle 750ml,"€ 25,07 per litre"
Viti Vini Vici #17,"€ 18,80",Canada,4.08,Brasserie Dunham,8%,Farmhouse Ale - Saison,Bottle 750ml,"€ 25,07 per litre"
Brum Barrel-Aged Mroczny Pan,"€ 18,80",Canada,4.01,Brasserie Dunham,10.5%,Porter - Baltic,Bottle 750ml,"€ 25,07 per litre"
Funk Écarlate,"€ 18,80",Canada,4.00,Brasserie Dunham,6%,Farmhouse Ale - Grisette,Bottle 750ml,"€ 25,07 per litre"
Viti Vini Vici #19,"€ 18,80",Canada,3.93,Brasserie Dunham,6.5%,Farmhouse Ale - Saison,Bottle 750ml,"€ 25,07 per litre"
Grisette De Dunham,"€ 12,80",Canada,3.86,Brasserie Dunham,5.2%,Farmhouse Ale - Grisette,Bottle 750ml,"€ 17,07 per litre"
Bière De Table,"€ 12,80",Canada,3.74,Brasserie Dunham,4.3%,Table Beer,Bottle 750ml,"€ 17,07 per litre"
Best Coast IPA,"€ 3,19",United States,3.66,Drake's Brewing Company,7%,IPA - American,360ml,"€ 8,86 per litre"
Omnipollo x Dugges Double Barrel Aged Anagram Blueberry Cheesecake Stout,"€ 22,80",Sweden,4.33,Omnipollo,14%,Stout - Imperial / Double Pastry,Bottle 330ml,"€ 69,09 per litre"
Omnipollo x Angry Chair x Side Project x 3 Sons x Horus x Phase Three x Private Press Three Times Three Vol. 3,"€ 23,40",Sweden,4.22,Omnipollo,12%,Stout - Imperial / Double,Can 440ml,"€ 53,18 per litre"
Crevasse Fear,"€ 6,60",Wales,3.89,Polly's Brew Co.,6%,IPA - American,Can 440ml,"€ 15,00 per litre"
Mango Lime Lassi,"€ 6,20",Scotland,3.94,Vault City Brewing,5.7%,Sour - Fruited,Can 440ml,"€ 14,09 per litre"
Goatsmasher,"€ 9,95",Scotland,3.91,Holy Goat Brewing,10%,Barleywine - English,Bottle 375ml,"€ 26,53 per litre"
Helles Hefeweizen,"€ 2,00",Germany,3.72,Brauerei Gutmann,5.2%,Wheat Beer - Hefeweizen,500ml,"€ 4,00 per litre"
Dunkles Hefeweizen,"€ 2,00",Germany,3.67,Brauerei Gutmann,5.2%,Wheat Beer - Dunkelweizen,500ml,"€ 4,00 per litre"
Mahrs a U,"€ 2,10",Germany,3.58,Mahr's Bräu,5.2%,Kellerbier / Zwickelbier,500ml,"€ 4,20 per litre"
Günther Lagerbier Bernstein,"€ 1,90",Germany,3.44,Günther-Bräu,4.9%,Lager - Amber / Red,500ml,"€ 3,80 per litre"
Staffelberg Loffelder Dunkel,"€ 1,90",Germany,3.40,Staffelberg-Bräu,5%,Lager - Munich Dunkel,500ml,"€ 3,80 per litre"
Bier Met De Letter A,"€ 3,95",Netherlands,3.30,Mister Hop,5.5%,Blonde / Golden Ale - Other,330ml,"€ 11,97 per litre"
Abraxas 2020 (Subscriber only),"€ 32,50",United States,4.36,Perennial Artisan Ales,11.5%,Stout - Imperial / Double,Bottle 750ml,"€ 43,33 per litre"
Peach Sematary,"€ 3,80",Netherlands,3.37,100 Watt Brewery,5.4%,Sour - Fruited,330ml,"€ 11,52 per litre"
De Molen Balcones & Whisky Edition 24 BA Imperial Stout,"€ 14,49",Netherlands,4.02,Brouwerij de Molen,11.4%,Stout - Imperial / Double,330ml,"€ 43,91 per litre"
De Molen Black & Tan Imperial Stout Barley Wine Blend,"€ 5,84",Netherlands,3.84,Brouwerij de Molen,10.5%,Black & Tan,330ml,"€ 17,70 per litre"
De Molen Zomer & Passie Weizenbock,"€ 5,84",Netherlands,3.31,Brouwerij de Molen,7.5%,Bock - Weizenbock,330ml,"€ 17,70 per litre"
Troubadour Magma,"€ 2,80",Belgium,3.68,Brouwerij The Musketeers,8.5%,IPA - Belgian,Bottle 330ml,"€ 8,48 per litre"
New England IPA,"€ 3,06",Sweden,3.64,Poppels Bryggeri,7%,IPA - New England / Hazy,Can 330ml,"€ 9,27 per litre"
BA Raspberry,"€ 14,50",Austria,4.19,Brauhaus Bevog,15.1%,Stout - Imperial / Double,Bottle 375ml,"€ 38,67 per litre"
Victoria,"€ 45,00",Netherlands,4.14,Tommie Sjef,7%,Wild Ale - Other,Bottle 750ml,"€ 60,00 per litre"
Saaz,"€ 45,00",Netherlands,4.12,Tommie Sjef,6.8%,Wild Ale - Other,Bottle 750ml,"€ 60,00 per litre"
Oude Bruin,"€ 45,00",Netherlands,3.96,Tommie Sjef,7.2%,Sour - Flanders Oud Bruin,Bottle 750ml,"€ 60,00 per litre"
Tak Pale Ale,"€ 3,06",Austria,3.55,Brauhaus Bevog,5.5%,Pale Ale - American,Can 330ml,"€ 9,27 per litre"
Trappistes Rochefort - 10,"€ 8,00",Belgium,4.05,Abbaye Notre-Dame de Saint-Rémy,11.3%,Belgian Quadrupel,Bottle 330ml,"€ 24,24 per litre"
Grodziskie White IPA,"€ 2,10",Poland,3.54,Browar Grodzisk,5.8%,IPA - White / Wheat,Bottle 500ml,"€ 4,20 per litre"
Grodziskie APA,"€ 2,10",Poland,3.26,Browar Grodzisk,5.2%,Pale Ale - American,Bottle 500ml,"€ 4,20 per litre"
Marcowe,"€ 1,90",Poland,3.13,Browar Fortuna,6%,Märzen,Bottle 500ml,"€ 3,80 per litre"
Choco Loco Maca,"€ 9,25",Finland,4.09,Salama Brewing Company,11.5%,Stout - Imperial / Double Pastry,Can 440ml,"€ 21,02 per litre"
Peanut Butter,"€ 7,99",France,3.85,La Débauche,10%,Stout - Imperial / Double Pastry,330ml,"€ 24,21 per litre"
Gordon's Comfort Nitro Mild x Newbarns,"€ 5,90",Sweden,3.36,Omnipollo,5.3%,Mild - Dark,330ml,"€ 17,88 per litre"
Frostitita,"€ 26,69",United States,4.29,Breakside Brewery,14.5%,Stout - Imperial / Double Oatmeal,330ml,"€ 17,88 per litre"
What Rough Beast,"€ 5,59",United States,4.00,Breakside Brewery,6.8%,IPA - New England / Hazy,473ml,"€ 11,82 per litre"
Thriving Metropolis #3 W/ Riwaka & Columbus,"€ 5,59",United States,3.98,Breakside Brewery,7%,IPA - Other,473ml,"€ 11,82 per litre"
IPA,"€ 6,39",United States,3.93,Breakside Brewery,6.8%,IPA - American,473ml,"€ 11,82 per litre"
Wanderlust,"€ 5,59",United States,3.89,Breakside Brewery,6.2%,IPA - American,473ml,"€ 11,82 per litre"
Smells Like Juice,"€ 4,69",United States,3.85,Drake's Brewing Company,8%,IPA - New England / Hazy,473ml,"€ 11,82 per litre"
Racer 5,"€ 3,43",United States,3.84,Bear Republic Brewing Co.,7.5%,IPA - American,355ml,"€ 9,66 per litre"
Stay West,"€ 3,59",United States,3.81,Breakside Brewery,7%,IPA - American,355ml,"€ 9,66 per litre"
Rainbows & Unicorns,"€ 3,75",United States,3.74,Breakside Brewery,5.2%,IPA - Session,355ml,"€ 10,56 per litre"
White,"€ 3,29",United States,3.64,Breakside Brewery,5.2%,Wheat Beer - Witbier / Blanche,355ml,"€ 10,56 per litre"
True Gold,"€ 3,59",United States,3.62,Breakside Brewery,5.1%,Blonde / Golden Ale - Other,355ml,"€ 10,56 per litre"
Arpus x Nerdbrewing Coconut Vanilla & Maple Imperial Stout,"€ 12,00",Latvia,4.10,Ārpus Brewing Co.,12%,Stout - Imperial / Double Coffee,Can 440ml,"€ 27,27 per litre"
Tartarus Tisiphone,"€ 11,10",England,4.07,Tartarus Beers,10.5%,Stout - Imperial / Double Coffee,Can 440ml,"€ 25,23 per litre"
Tartarus Atropos,"€ 8,70",England,3.92,Tartarus Beers,10%,Belgian Quadrupel,Can 440ml,"€ 19,77 per litre"
Lorca,"€ 19,20",England,3.80,Terra Tempo Brewing,7.3%,Farmhouse Ale - Saison,Bottle 750ml,"€ 25,60 per litre"
Tartarus Euphrosyne,"€ 6,90",England,3.73,Tartarus Beers,6.7%,IPA - New England / Hazy,Can 440ml,"€ 15,68 per litre"
Into The Haze,"€ 8,00",England,4.06,DEYA Brewing Company,6.2%,IPA - New England / Hazy,Can 500ml,"€ 16,00 per litre"
Lorca,"€ 19,20",England,3.80,Terra Tempo Brewing,7.3%,Farmhouse Ale - Saison,Bottle 750ml,"€ 25,60 per litre"
Tartarus Euphrosyne,"€ 6,90",England,3.73,Tartarus Beers,6.7%,IPA - New England / Hazy,Can 440ml,"€ 15,68 per litre"
Into The Haze,"€ 8,00",England,4.06,DEYA Brewing Company,6.2%,IPA - New England / Hazy,Can 500ml,"€ 16,00 per litre"
Maibock,"€ 2,49",Germany,3.56,Ayinger Privatbrauerei,7%,Bock - Hell / Maibock / Lentebock,500ml,"€ 4,98 per litre"
Kosk,"€ 4,75",Estonia,3.89,Pühaste Brewery,8%,IPA - Imperial / Double New England / Hazy,330ml,"€ 14,39 per litre"
Pizzapils,"€ 3,99",Italy,3.57,CRAK Brewery,5%,Pilsner - Other,400ml,"€ 9,98 per litre"
Laine,"€ 3,75",Estonia,3.57,Pühaste Brewery,4%,Pale Ale - New England / Hazy,330ml,"€ 11,36 per litre"
Goddess Of Magic,"€ 8,50",Greece,4.18,Seven Island Brewery,11%,Stout - Imperial / Double Coffee,Can 440ml,"€ 19,32 per litre"
Rochefort 10,"€ 3,50",Belgium,4.05,Abbaye Notre-Dame de Saint-Rémy,11.3%,Belgian Quadrupel,330ml,"€ 10,61 per litre"
St. Bernardus Abt 12,"€ 7,95",Belgium,4.00,Brouwerij St.Bernardus,10%,Belgian Quadrupel,Bottle 750ml,"€ 10,60 per litre"
St. Bernardus Abt 12,"€ 2,50",Belgium,4.00,Brouwerij St.Bernardus,10%,Belgian Quadrupel,Bottle 330ml,"€ 7,58 per litre"
Karmeliet Tripel,"€ 2,20",Belgium,3.99,Brouwerij Bosteels,8.4%,Belgian Tripel,Bottle 330ml,"€ 6,67 per litre"
La Trappe Quadrupel,"€ 2,60",Netherlands,3.91,Bierbrouwerij De Koningshoeven,10%,Belgian Quadrupel,Bottle 330ml,"€ 7,88 per litre"
Blauw,"€ 2,75",Belgium,3.90,Bières de Chimay,9%,Belgian Strong Dark Ale,330ml,"€ 8,33 per litre"
Delirium Tremens,"€ 2,75",Belgium,3.85,Delirium - Huyghe Brewery,8.5%,Belgian Strong Golden Ale,Bottle 330ml,"€ 8,33 per litre"
Rochefort 8,"€ 2,65",Belgium,3.85,Abbaye Notre-Dame de Saint-Rémy,9.2%,Belgian Strong Dark Ale,330ml,"€ 8,03 per litre"
Gouden Carolus Tripel,"€ 2,30",Belgium,3.82,Brouwerij Het Anker,9%,Belgian Tripel,Bottle 330ml,"€ 6,97 per litre"
Westmalle Tripel,"€ 2,60",Belgium,3.81,Brouwerij der Trappisten van Westmalle,9.5%,Belgian Tripel,Bottle 330ml,"€ 7,88 per litre"
Schneider Aventinus Eisbock,"€ 2,80",Germany,3.79,Schneider Weisse G. Schneider & Sohn,12%,Bock - Eisbock,330ml,"€ 8,48 per litre"
Weihenstephaner Hefe Weissbier,"€ 2,40",Germany,3.78,Bayerische Staatsbrauerei Weihenstephan,5.4%,Wheat Beer - Hefeweizen,500ml,"€ 4,80 per litre"
Delirium Nocturnum,"€ 2,75",Belgium,3.76,Delirium - Huyghe Brewery,8.5%,Belgian Strong Dark Ale,330ml,"€ 8,33 per litre"
Pauwel Kwak,"€ 2,40",Belgium,3.76,Brouwerij Bosteels,8.4%,Pale Ale - Belgian,Bottle 330ml,"€ 7,27 per litre"
St. Bernardus Tripel,"€ 2,00",Belgium,3.75,Brouwerij St.Bernardus,8%,Belgian Tripel,Bottle 330ml,"€ 6,06 per litre"
La Trappe Isid'or,"€ 2,40",Netherlands,3.75,Bierbrouwerij De Koningshoeven,7.5%,Belgian Strong Golden Ale,Bottle 330ml,"€ 7,27 per litre"
La Trappe Tripel,"€ 2,30",Netherlands,3.75,Bierbrouwerij De Koningshoeven,8%,Belgian Tripel,Bottle 330ml,"€ 6,97 per litre"
Gouden Carolus Classic,"€ 2,30",Belgium,3.73,Brouwerij Het Anker,8.5%,Belgian Strong Dark Ale,Bottle 330ml,"€ 6,97 per litre"
Gulden Draak Classic,"€ 2,30",Belgium,3.73,Brouwerij Van Steenberge,12%,Stout - Imperial / Double,Bottle 330ml,"€ 6,97 per litre"
Tripel,"€ 2,40",Belgium,3.73,Bières de Chimay,8%,Belgian Tripel,330ml,"€ 7,27 per litre"
Bruin,"€ 2,20",Belgium,3.72,Bières de Chimay,7%,Belgian Dubbel,330ml,"€ 6,67 per litre"
Tripel,"€ 2,85",Belgium,3.72,Abbaye de Maredsous,10%,Belgian Tripel,330ml,"€ 8,64 per litre"
Rochefort 6,"€ 2,20",Belgium,3.71,Abbaye Notre-Dame de Saint-Rémy,7.5%,Belgian Dubbel,330ml,"€ 6,67 per litre"
Westmalle Dubbel,"€ 2,05",Belgium,3.69,Brouwerij der Trappisten van Westmalle,7%,Belgian Dubbel,330ml,"€ 6,21 per litre"
Bacchus Kriekenbier,"€ 3,25",Belgium,3.69,Kasteel Brouwerij Vanhonsebrouck,5.8%,Sour - Flanders Oud Bruin,330ml,"€ 6,21 per litre"
Goudenband,"€ 2,50",Belgium,3.69,Brouwerij Liefmans,8%,Sour - Flanders Oud Bruin,Bottle 330ml,"€ 7,58 per litre"
Kriek Brut,"€ 2,75",Belgium,3.69,Brouwerij Liefmans,6%,Fruit Beer,Bottle 330ml,"€ 8,33 per litre"
Achel Dubbel,"€ 2,70",Belgium,3.67,Brouwerij der Sint-Benedictusabdij De Achelse Kluis,8%,Belgian Dubbel,330ml,"€ 8,18 per litre"
Val-Dieu Tripel,"€ 2,45",Belgium,3.67,Brasserie de l'Abbaye du Val-Dieu,9%,Belgian Tripel,Bottle 330ml,"€ 7,42 per litre"
La Trappe Blond,"€ 2,10",Netherlands,3.67,Bierbrouwerij De Koningshoeven,6.5%,Belgian Blonde,Bottle 330ml,"€ 6,36 per litre"
Achel Tripel,"€ 2,75",Belgium,3.67,Brouwerij der Sint-Benedictusabdij De Achelse Kluis,8%,Belgian Tripel,330ml,"€ 8,33 per litre"
Tripel,"€ 1,90",Belgium,3.66,Affligem Brouwerij,9%,Belgian Tripel,330ml,"€ 8,33 per litre"
St. Feuillien Tripel,"€ 2,20",Belgium,3.66,Brasserie St-Feuillien,8.5%,Belgian Tripel,330ml,"€ 6,67 per litre"
Bacchus Frambozenbier,"€ 3,55",Belgium,3.65,Kasteel Brouwerij Vanhonsebrouck,5%,Sour - Flanders Oud Bruin,330ml,"€ 6,67 per litre"
Tongerlo Tripel,"€ 2,80",Belgium,3.64,Brouwerij Haacht Brasserie,9%,Belgian Tripel,330ml,"€ 8,48 per litre"
Kasteel Donker,"€ 2,60",Belgium,3.64,Kasteel Brouwerij Vanhonsebrouck,11%,Belgian Quadrupel,Bottle 330ml,"€ 7,88 per litre"
Kasteel Tripel,"€ 2,40",Belgium,3.63,Kasteel Brouwerij Vanhonsebrouck,11%,Belgian Tripel,Bottle 330ml,"€ 7,27 per litre"
La Trappe Dubbel,"€ 2,00",Netherlands,3.63,Bierbrouwerij De Koningshoeven,7%,Belgian Dubbel,Bottle 330ml,"€ 6,06 per litre"
La Trappe Wit,"€ 1,95",Netherlands,3.60,Bierbrouwerij De Koningshoeven,5.5%,Wheat Beer - Witbier / Blanche,330ml,"€ 5,91 per litre"
Omer Blond,"€ 2,50",Belgium,3.60,Omer Vander Ghinste,8%,Belgian Blonde,Bottle 330ml,"€ 7,58 per litre"
Gouden Carolus Hopsinjoor,"€ 2,25",Belgium,3.59,Brouwerij Het Anker,8%,IPA - Belgian,330ml,"€ 6,82 per litre"
Kasteel Rouge,"€ 2,20",Belgium,3.58,Kasteel Brouwerij Vanhonsebrouck,8%,Fruit Beer,330ml,"€ 6,67 per litre"
Lamme Goedzak,"€ 2,40",Belgium,3.56,Scheldebrouwerij,7%,Belgian Blonde,330ml,"€ 7,27 per litre"
Brugse Zot Dubbel,"€ 2,40",Belgium,3.53,Brouwerij De Halve Maan,7.5%,Belgian Dubbel,330ml,"€ 7,27 per litre"
Blond,"€ 1,75",Belgium,3.53,Affligem Brouwerij,6.7%,Belgian Blonde,330ml,"€ 5,30 per litre"
Blond,"€ 2,30",Belgium,3.52,Abbaye de Maredsous,6%,Belgian Blonde,330ml,"€ 6,97 per litre"
Vedett Extra White,"€ 1,90",Belgium,3.51,Duvel Moortgat,4.7%,Wheat Beer - Witbier / Blanche,330ml,"€ 5,76 per litre"
Tongerlo Blond,"€ 2,35",Belgium,3.51,Brouwerij Haacht Brasserie,6%,Belgian Blonde,330ml,"€ 7,12 per litre"
Val-Dieu Brune,"€ 2,35",Belgium,3.50,Brasserie de l'Abbaye du Val-Dieu,8%,Belgian Dubbel,330ml,"€ 7,12 per litre"
Donker,"€ 2,40",Belgium,3.48,Ter Dolen,7.1%,Brown Ale - Belgian,330ml,"€ 7,27 per litre"
Ename Blond,"€ 2,20",Belgium,3.45,Brouwerij Roman,6.6%,Belgian Blonde,330ml,"€ 6,67 per litre"
Val-Dieu Blond,"€ 2,00",Belgium,3.45,Brasserie de l'Abbaye du Val-Dieu,6%,Belgian Blonde,330ml,"€ 6,06 per litre"
Dubbel,"€ 1,80",Belgium,3.45,Affligem Brouwerij,6.8%,Belgian Dubbel,,
Blanche de Namur,"€ 1,25",Belgium,3.40,Brasserie du Bocq,4.5%,Wheat Beer - Witbier / Blanche,Bottle 250ml,"€ 5,00 per litre"
Fruitesse,"€ 1,80",Belgium,3.37,Brouwerij Liefmans,3.8%,Fruit Beer,Bottle 250ml,"€ 7,20 per litre"
Oude Geuze,"€ 3,55",Belgium,3.37,Brouwerij Boon,7%,Lambic - Gueuze,Bottle 375ml,"€ 9,47 per litre"
Vedett Extra Pilsner,"€ 1,85",Belgium,3.27,Duvel Moortgat,5.2%,Pilsner - Other,330ml,"€ 5,61 per litre"
Mango,"€ 2,35",Belgium,3.25,Mongozo,3.6%,Fruit Beer,330ml,"€ 7,12 per litre"
Gouden Carolus Whisky Infused,"€ 10,95",Belgium,4.00,Brouwerij Het Anker,11.7%,Belgian Strong Dark Ale,Bottle 750ml,"€ 14,60 per litre"
La Trappe Quadrupel,"€ 8,50",Netherlands,3.91,Bierbrouwerij De Koningshoeven,10%,Belgian Quadrupel,Bottle 750ml,"€ 11,33 per litre"
Delirium Tremens,"€ 8,95",Belgium,3.85,Delirium - Huyghe Brewery,8.5%,Belgian Strong Golden Ale,Bottle 750ml,"€ 11,93 per litre"
Triple (Blanche),"€ 2,45",Belgium,3.84,Bières de Chimay,8%,Belgian Tripel,330ml,"€ 7,42 per litre"
Gouden Carolus Tripel,"€ 2,50",Belgium,3.82,Brouwerij Het Anker,9%,Belgian Tripel,330ml,"€ 7,58 per litre"
12,"€ 3,75",Belgium,3.82,Brouwerij Malheur,12%,Belgian Quadrupel,330ml,"€ 11,36 per litre"
Van Honsebrouck Kasteel Cuvee du Chateau,"€ 8,95",Belgium,3.81,Kasteel Brouwerij Vanhonsebrouck,11%,Belgian Quadrupel,Bottle 750ml,"€ 11,93 per litre"
Van Honsebrouck Kasteel Barista Chocolate Quad,"€ 3,10",Belgium,3.77,Kasteel Brouwerij Vanhonsebrouck,11%,Belgian Quadrupel,330ml,"€ 9,39 per litre"
Delirium Nocturnum,"€ 2,95",Belgium,3.76,Delirium - Huyghe Brewery,8.5%,Belgian Strong Dark Ale,330ml,"€ 8,94 per litre"
La Trappe Tripel,"€ 1,90",Netherlands,3.75,Bierbrouwerij De Koningshoeven,8%,Belgian Tripel,330ml,"€ 5,76 per litre"
Van Honsebrouck Bacchus Kriekenbier,"€ 3,75",Belgium,3.69,Kasteel Brouwerij Vanhonsebrouck,5.8%,Sour - Flanders Oud Bruin,Bottle 375ml,"€ 10,00 per litre"
Goudenband,"€ 2,95",Belgium,3.69,Brouwerij Liefmans,8%,Sour - Flanders Oud Bruin,330ml,"€ 8,94 per litre"
Kriek Brut,"€ 3,30",Belgium,3.69,Brouwerij Liefmans,6%,Fruit Beer,330ml,"€ 10,00 per litre"
10,"€ 3,20",Belgium,3.68,Brouwerij Malheur,10%,Belgian Strong Golden Ale,330ml,"€ 9,70 per litre"
Goudenband,"€ 2,95",Belgium,3.69,Brouwerij Liefmans,8%,Sour - Flanders Oud Bruin,330ml,"€ 8,94 per litre"
Kriek Brut,"€ 3,30",Belgium,3.69,Brouwerij Liefmans,6%,Fruit Beer,330ml,"€ 10,00 per litre"
10,"€ 3,20",Belgium,3.68,Brouwerij Malheur,10%,Belgian Strong Golden Ale,330ml,"€ 9,70 per litre"
La Corne Triple,"€ 3,50",Belgium,3.64,Brasserie des Légendes,10%,Belgian Tripel,330ml,"€ 10,61 per litre"
Van Honsebrouck Kasteel Donker,"€ 2,85",Belgium,3.64,Kasteel Brouwerij Vanhonsebrouck,11%,Belgian Quadrupel,330ml,"€ 8,64 per litre"
Bush Amber Caractère,"€ 3,20",Belgium,3.62,Brasserie Dubuisson,12%,Belgian Strong Golden Ale,330ml,"€ 9,70 per litre"
Cuvee Clarisse,"€ 3,20",Belgium,3.60,Brouwerij Wilderen,9.2%,Belgian Strong Dark Ale,330ml,"€ 9,70 per litre"
Gouden Carolus Hopsinjoor,"€ 2,40",Belgium,3.59,Brouwerij Het Anker,8%,IPA - Belgian,330ml,"€ 7,27 per litre"
De Pimpelmeesch Blonde Snol,"€ 3,75",Netherlands,3.58,Dorpsbrouwerij de Pimpelmeesch,8.5%,Belgian Tripel,330ml,"€ 11,36 per litre"
Brugge Tripel,"€ 2,90",Belgium,3.58,Brouwerij Palm,8.7%,Historical Beer - Gruit / Ancient Herbed Ale,330ml,"€ 8,79 per litre"
KlevereTien,"€ 2,95",Belgium,3.56,Brouwerij Het Nest,10%,Belgian Quadrupel,330ml,"€ 8,94 per litre"
Schelde Lamme Goedzak,"€ 2,95",Belgium,3.56,Scheldebrouwerij,7%,Belgian Blonde,330ml,"€ 8,94 per litre"
Du Bocq Deugniet,"€ 2,75",Belgium,3.53,Brasserie du Bocq,7.5%,Belgian Strong Golden Ale,330ml,"€ 8,33 per litre"
Van Honsebrouck Filou,"€ 2,40",Belgium,3.53,Kasteel Brouwerij Vanhonsebrouck,8.5%,Belgian Tripel,330ml,"€ 7,27 per litre"
Brasserie Haacht Keizer Karel Goud Blond (Charles Quint),"€ 3,10",Belgium,3.53,Brouwerij Haacht Brasserie,8.5%,Belgian Strong Golden Ale,330ml,"€ 9,39 per litre"
Van Eecke Kapittel Watou Tripel Abt 10,"€ 2,50",Belgium,3.53,Leroy Breweries,10%,Belgian Tripel,330ml,"€ 7,58 per litre"
Hopus,"€ 3,20",Belgium,3.52,Brasserie Lefebvre,8.3%,Belgian Strong Golden Ale,330ml,"€ 9,70 per litre"
Tripel,"€ 3,40",Belgium,3.51,Brouwerij Broeder Jacob,7.5%,Belgian Tripel,330ml,"€ 10,30 per litre"
Goedendag Sterk Blond,"€ 2,75",Belgium,3.49,Brouwerij Toye,8%,Belgian Strong Golden Ale,330ml,"€ 8,33 per litre"
La Corne Black,"€ 3,40",Belgium,3.46,Brasserie des Légendes,8%,Belgian Strong Dark Ale,330ml,"€ 10,30 per litre"
DAB Export,"€ 1,40",Germany,3.46,Dortmunder Bergmann Brauerei,5%,Lager - Dortmunder / Export,330ml,"€ 4,24 per litre"
Gentse Strop,"€ 2,95",Belgium,3.46,Brouwerij Roman,6.9%,Belgian Blonde,330ml,"€ 8,94 per litre"
Floreffe Tripel,"€ 2,85",Belgium,3.46,Brasserie Lefebvre,8%,Belgian Tripel,330ml,"€ 8,64 per litre"
Hoppenbier,"€ 2,80",Netherlands,3.45,Jopen,6.8%,Historical Beer - Other,330ml,"€ 8,48 per litre"
Fuut Fieuw,"€ 2,66",Netherlands,3.38,Bird Brewery,5%,IPA - Session,330ml,"€ 8,06 per litre"
La Corne Blonde,"€ 2,90",Belgium,3.36,Brasserie des Légendes,5.9%,Belgian Blonde,330ml,"€ 8,79 per litre"
APA / Bolleke de Koninck,"€ 2,40",Belgium,3.34,Brouwerij De Koninck,5.2%,Pale Ale - Belgian,330ml,"€ 7,27 per litre"
Malheur 6,"€ 2,20",Belgium,3.32,Brouwerij Malheur,6%,Belgian Blonde,Bottle 250ml,"€ 8,80 per litre"
Bruin,"€ 3,30",Belgium,3.27,Brouwerij Broeder Jacob,7.5%,Brown Ale - Belgian,330ml,"€ 10,00 per litre"
Schelde Krab IPA,"€ 2,85",Belgium,3.27,Scheldebrouwerij,5.5%,Pale Ale - American,330ml,"€ 8,64 per litre"
Van Eecke Kapittel Watou Blond,"€ 2,20",Belgium,3.25,Leroy Breweries,6.5%,Belgian Blonde,330ml,"€ 6,67 per litre"
Extra Stout,"€ 2,90",Netherlands,3.23,Jopen,5.5%,Stout - Foreign / Export,330ml,"€ 8,79 per litre"
Erdinger Alc. Vrij,"€ 2,05",Germany,2.90,Erdinger Weissbräu,0.2%,Non-Alcoholic - Wheat,500ml,"€ 4,10 per litre"
Zeeuwse Lust,"€ 3,15",Netherlands,3.39,Brouwerij Kees,5%,Wheat Beer - Hefeweizen,330ml,"€ 9,55 per litre"
Hepcat,"€ 3,60",England,3.65,The Gipsy Hill Brewing Co.,4.6%,IPA - Session,Can 330ml,"€ 10,91 per litre"
Alexander Flanders Red Ale,"€ 5,00",Belgium,3.95,Brouwerij Rodenbach,5.6%,Sour - Flanders Red Ale,330ml,"€ 15,15 per litre"
Slice Of Sunshine IPA,"€ 7,80",Denmark,3.68,Bad Seed Brewing,7%,IPA - American,Can 440ml,"€ 17,73 per litre"
Organic IPA,"€ 39,20",Denmark,3.32,To Øl,4.7%,Pilsner - Other,6-pack,"Total price: € 39,20"
Organic IPA,"€ 66,40",Denmark,3.32,To Øl,4.7%,Pilsner - Other,12-pack,"Total price: € 66,40"
Slice Of Sunshine IPA,"€ 7,80",Denmark,3.68,Bad Seed Brewing,7%,IPA - American,Can 440ml,"€ 17,73 per litre"
Organic IPA,"€ 39,20",Denmark,3.32,To Øl,4.7%,Pilsner - Other,6-pack,"Total price: € 39,20"
Organic IPA,"€ 66,40",Denmark,3.32,To Øl,4.7%,Pilsner - Other,12-pack,"Total price: € 66,40"
Pomegranate Orange Sour,"€ 6,40",Denmark,3.42,To Øl,4%,Sour - Fruited,12-pack,"Total price: € 66,40"
Organic IPA,"€ 7,30",Denmark,3.32,To Øl,4.7%,Pilsner - Other,12-pack,"Total price: € 66,40"
Lervig Lucky Jack,"€ 3,29",Norway,3.49,LERVIG,4.7%,Pale Ale - American,Can 330ml,"€ 9,97 per litre"
Lervig No Worries Pineapple,"€ 2,99",Norway,3.12,LERVIG,0.5%,Non-Alcoholic - IPA,330ml,"€ 9,06 per litre"
Three Times Three Vol. 3,"€ 17,99",Sweden,4.22,Omnipollo,12%,Stout - Imperial / Double,Can 440ml,"€ 40,89 per litre"
Lervig Rackhouse Almond Cake,"€ 19,99",Norway,4.38,LERVIG,12%,Stout - Imperial / Double Pastry,Bottle 375ml,"€ 53,31 per litre"
Orca Bio Bock,"€ 3,49",Germany,3.69,orca brau,7%,Bock - Single / Traditional,330ml,"€ 10,58 per litre"
**ON SALE** Gipsy Hill - Sun Seeker,"€ 3,40",England,3.66,The Gipsy Hill Brewing Co.,5.5%,Pale Ale - American,Can 440ml,"€ 7,73 per litre"
Trail,"€ 3,40",England,3.49,The Gipsy Hill Brewing Co.,4%,Pale Ale - American,Can 330ml,"€ 10,30 per litre"
Noa Pecan Mud Cake Stout,"€ 11,94",Sweden,4.19,Omnipollo,11%,Stout - Imperial / Double Pastry,330ml,"€ 36,18 per litre"
Brewpub Anniversary Special,"€ 9,35",Germany,4.03,Sudden Death Brewing Co.,7%,IPA - New England / Hazy,Can 440ml,"€ 21,25 per litre"
Addicted to... Nelson,"€ 10,38",Finland,4.02,CoolHead Brew,8%,IPA - Imperial / Double New England / Hazy,Can 440ml,"€ 23,59 per litre"
"Och, Zimo, Kiedy Się Skonczysz?","€ 15,36",England,4.01,Cloudwater Brew Co.,10%,Porter - Imperial / Double Baltic,Can 440ml,"€ 34,91 per litre"
Liquid Reboot,"€ 8,94",Norway,3.96,LERVIG,7.7%,IPA - Imperial / Double New England / Hazy,330ml,"€ 27,09 per litre"
Off Colour,"€ 10,18",Wales,3.94,Polly's Brew Co.,6.4%,IPA - New England / Hazy,Can 440ml,"€ 23,14 per litre"
Roll N Ride,"€ 10,28",Germany,3.91,Sudden Death Brewing Co.,10.2%,IPA - Triple,Can 440ml,"€ 23,36 per litre"
Faith,"€ 7,06",England,3.89,Alpha Delta Brewing/ Northern Monk,6.8%,IPA - American,Can 440ml,"€ 16,05 per litre"
Cosy Nights,"€ 8,62",Estonia,3.83,Põhjala,8%,Porter - Other,330ml,"€ 26,12 per litre"
Double Icauna,"€ 9,35",France,3.80,Popihn,7%,IPA - American,Can 440ml,"€ 21,25 per litre"
Fury Along the Pass,"€ 9,35",Germany,3.79,Sudden Death Brewing Co.,6.8%,IPA - Cold,Can 440ml,"€ 21,25 per litre"
Kveik Culture: Brewski,"€ 9,96",Norway,3.77,LERVIG,8%,Sour - Smoothie / Pastry,330ml,"€ 30,18 per litre"
Delicious Hazy IPA,"€ 5,30",United States,3.77,Stone Brewing,7.2%,IPA - New England / Hazy,355ml,"€ 14,93 per litre"
Extinction Is Forever!: Sun Bear,"€ 10,38",Austria,3.73,Brauhaus Bevog,7.2%,IPA - Imperial / Double Black,500ml,"€ 20,76 per litre"
Extinction Is Forever!: Pygmy Rabbit,"€ 10,28",Austria,3.73,Brauhaus Bevog,5.9%,IPA - American,500ml,"€ 20,56 per litre"
Almond Cake By Rackhouse,"€ 20,90",Norway,4.38,LERVIG,12%,Stout - Imperial / Double Pastry,Bottle 375ml,"€ 55,73 per litre"
Virmalised X,"€ 6,70",Estonia,3.72,Põhjala,8%,IPA - Imperial / Double,Can 440ml,"€ 15,23 per litre"
Hagger Blend 1019 Blue,"€ 14,50",Austria,4.29,Brauhaus Bevog,12.2%,Barleywine - American,330ml,"€ 43,94 per litre"
Hometown 0.5,"€ 2,95",Scotland,2.98,Fierce Beer,0.5%,Non-Alcoholic - Lager,330ml,"€ 8,94 per litre"
Moray IPA (Blik),"€ 2,29",Netherlands,3.42,Stadshaven Brouwerij,53%,Wheat Beer - Hefeweizen,330ml,"€ 8,94 per litre"
Rozemarijn Tripel,"€ 3,59",Netherlands,3.33,Brouwerij Tureluur,7.8%,Belgian Tripel,330ml,"€ 10,88 per litre"
Hoeksche Red Ale,"€ 2,69",Netherlands,3.14,Brouwerij Tureluur,5.2%,Red Ale - Other,330ml,"€ 8,15 per litre"
Froggy American IPA,"€ 5,99",Slovenia,3.63,Reset Brewery,5.6%,IPA - American,500ml,"€ 11,98 per litre"
Old School American Pale Ale,"€ 5,99",Slovenia,3.58,Reset Brewery,4.9%,Pale Ale - American,500ml,"€ 11,98 per litre"
Snowblind Session IPA,"€ 5,99",Slovenia,3.50,Reset Brewery,3.6%,IPA - Session,500ml,"€ 11,98 per litre"
Weihenstephaner Hefe Hell,"€ 1,90",Germany,3.78,Bayerische Staatsbrauerei Weihenstephan,5.4%,Wheat Beer - Hefeweizen,500ml,"€ 3,80 per litre"
Anagram Double B.A. Blueberry Cheesecake Stout,"€ 19,80",Sweden,4.33,Omnipollo,14%,Stout - Imperial / Double Pastry,330ml,"€ 60,00 per litre"
Three Times Three Vol 3,"€ 20,60",Sweden,4.22,Omnipollo,12%,Stout - Imperial / Double,Can 440ml,"€ 46,82 per litre"
Weihenstephaner Hefe Hell,"€ 1,90",Germany,3.78,Bayerische Staatsbrauerei Weihenstephan,5.4%,Wheat Beer - Hefeweizen,500ml,"€ 3,80 per litre"
Anagram Double B.A. Blueberry Cheesecake Stout,"€ 19,80",Sweden,4.33,Omnipollo,14%,Stout - Imperial / Double Pastry,330ml,"€ 60,00 per litre"
Three Times Three Vol 3,"€ 20,60",Sweden,4.22,Omnipollo,12%,Stout - Imperial / Double,Can 440ml,"€ 46,82 per litre"
Three Times Three Vol 4,"€ 17,10",Sweden,4.18,Omnipollo,7%,Sour - Fruited,Can 440ml,"€ 38,86 per litre"
Kees - Barrel Project Bourbon 2024,"€ 5,50",Netherlands,4.00,Brouwerij Kees,10.9%,Barleywine - American,330ml,"€ 16,67 per litre"
Barrel Project Peated 2023,"€ 5,50",Netherlands,3.91,Brouwerij Kees,10%,Stout - Imperial / Double,330ml,"€ 16,67 per litre"
Kees - Barrel Project Bowmore 2023,"€ 5,50",Netherlands,3.88,Brouwerij Kees,11%,Barleywine - Other,330ml,"€ 16,67 per litre"
Limited Connectivity,"€ 7,23",Sweden,4.02,Nerdbrewing,11.3%,Stout - Imperial / Double,330ml,"€ 21,91 per litre"
Three Times Three Vol. 3,"€ 19,49",Sweden,4.22,Omnipollo,12%,Stout - Imperial / Double,Can 440ml,"€ 44,30 per litre"
Three Times Three Vol. 4,"€ 14,79",Sweden,4.18,Omnipollo,7%,Sour - Fruited,Can 440ml,"€ 33,61 per litre"
Unplugged - Bezalkoholowe IPA,"€ 3,95",Poland,3.58,Trzech Kumpli,0.5%,Non-Alcoholic - IPA,500ml,"€ 7,90 per litre"
Saison Cider Cask - Blend Four,"€ 17,43",England,4.24,Mills Brewing,7.2%,Farmhouse Ale - Saison,Bottle 750ml,"€ 23,24 per litre"
Downtime BA Campfire Toasted Marshmallow Imperial Stout,"€ 11,25",Sweden,3.97,Nerdbrewing,11.3%,Stout - Imperial / Double,330ml,"€ 34,09 per litre"
Dream Twice,"€ 5,50",Spain,3.86,Cervesa Espiga,8%,IPA - Imperial / Double New England / Hazy,Can 440ml,"€ 12,50 per litre"
YOU CAN'T HIDE FROM THE DEADMAN,"€ 7,29",Germany,4.07,Sudden Death Brewing Co.,8%,IPA - Imperial / Double New England / Hazy,Can 440ml,"€ 16,57 per litre"
Cuvee de Pesga,"€ 10,10",Italy,4.03,Ca' del Brado,7.8%,Sour - Fruited,Bottle 375ml,"€ 26,93 per litre"
Czaj Apacza,"€ 3,10",Poland,3.55,Browar Dziki Wschód,5%,Pale Ale - American,Bottle 500ml,"€ 6,20 per litre"
BREWPUB ANNIVERSARY SPECIAL,"€ 5,59",Germany,4.04,Sudden Death Brewing Co.,6.3%,IPA - New England / Hazy,Can 440ml,"€ 12,70 per litre"
FURY ALONG THE PASS,"€ 5,95",Germany,3.79,Sudden Death Brewing Co.,6.3%,IPA - Cold,Can 440ml,"€ 13,52 per litre"
Minga,"€ 6,50",Netherlands,3.87,Brouwerij Halve Tamme,10.4%,Barleywine - Other,Bottle 375ml,"€ 17,33 per litre"
Chimicherry,"€ 4,10",Netherlands,3.46,Dutch Bargain,5%,Sour - Fruited,330ml,"€ 12,42 per litre"
Kriek,"€ 1,95",Belgium,3.57,Brouwerij Lindemans,3.5%,Lambic - Kriek,Bottle 250ml,"€ 7,80 per litre"
Brugse Zot Sportzot,"€ 2,65",Belgium,2.76,Brouwerij De Halve Maan,0.4%,Non-Alcoholic - Pale Ale,330ml,"€ 8,03 per litre"
Three Times Three Vol. 3,"€ 18,95",Sweden,4.22,Omnipollo,12%,Stout - Imperial / Double,Can 440ml,"€ 43,07 per litre"
Zatte,"€ 2,60",Netherlands,3.61,Brouwerij 't IJ,8%,Belgian Tripel,330ml,"€ 7,88 per litre"
Virmalised X – DIPA,"€ 6,90",Estonia,3.72,Põhjala,8%,IPA - Imperial / Double,Can 440ml,"€ 15,68 per litre"
Udune Witbier,"€ 4,10",Estonia,3.49,Põhjala,4.5%,Wheat Beer - Witbier / Blanche,Can 440ml,"€ 9,32 per litre"
Three Times Three Vol. 3,"€ 13,20",Sweden,4.22,Omnipollo,12%,Stout - Imperial / Double,Can 440ml,"€ 30,00 per litre"
Three Times Three Vol. 4,"€ 13,40",Sweden,4.18,Omnipollo,7%,Sour - Fruited,Can 440ml,"€ 30,45 per litre"
Nitro Milk Truck,"€ 5,99",United States,4.02,Mother Earth Brewing Company,5.8%,Stout - Milk / Sweet,Can 440ml,"€ 30,45 per litre"
Nitro Cali Creamin',"€ 4,79",United States,3.90,Mother Earth Brewing Company,5%,Cream Ale,Can 440ml,"€ 30,45 per litre"
Caramel Mocha Latte,"€ 6,29",United States,3.87,Belching Beaver Brewery,6%,Stout - White / Golden,Can 440ml,"€ 30,45 per litre"
Project X: Urban Solace,"€ 5,19",United States,3.86,Mother Earth Brewing Company,7.2%,IPA - New England / Hazy,Can 440ml,"€ 30,45 per litre"
Timber Giant,"€ 5,03",United States,3.81,Mother Earth Brewing Company,5%,Pale Ale - American,Can 440ml,"€ 30,45 per litre"
Oude Geuze Devillé,"€ 34,55",Belgium,3.97,Den Herberg,6.7%,Lambic - Gueuze,Bottle 1500ml,"€ 23,03 per litre"
Horal Oude Geuze Mega Blend 2024,"€ 17,94",Belgium,3.93,Brouwerij Boon,7%,Lambic - Gueuze,Bottle 750ml,"€ 23,92 per litre"
Hitchhike To Mars,"€ 10,50",Switzerland,4.17,Hoppy People,13.5%,Barleywine - Other,330ml,"€ 31,82 per litre"
Grande Reserve,"€ 14,90",Belgium,3.90,Bières de Chimay,9%,Belgian Strong Dark Ale,Bottle 750ml,"€ 19,87 per litre"
St Bernardus Pater 6,"€ 3,60",Belgium,3.55,Brouwerij St.Bernardus,6.5%,Belgian Dubbel,330ml,"€ 10,91 per litre"
Munich Helles 50cl Can,"€ 3,60",Germany,3.45,Paulaner Brauerei,4.9%,Lager - Helles,500ml,"€ 7,20 per litre"
Hausbier,"€ 2,39",Germany,3.39,Schäffler Bräu,5.4%,Lager - Dark,500ml,"€ 4,78 per litre"
Jokker Pale Ale Alkoholfrei,"€ 4,69",Estonia,3.35,Pühaste Brewery,0.5%,Non-Alcoholic - Pale Ale,330ml,"€ 14,21 per litre"
Historisches Emmerbier BIO,"€ 2,59",Germany,3.27,Riedenburger Brauhaus,5.1%,Specialty Grain,500ml,"€ 5,18 per litre"
Viva Bavaria Festbier BIO,"€ 2,29",Germany,3.25,Riedenburger Brauhaus,5.5%,Festbier,500ml,"€ 4,58 per litre"
Hefe-Weizen Alkoholfrei BIO,"€ 2,39",Germany,2.99,Riedenburger Brauhaus,0.5%,Non-Alcoholic - Wheat,500ml,"€ 4,78 per litre"
Aardbei Oogst – Season 21|22 – Blend 77,"€ 39,90",Belgium,4.35,Brouwerij 3 Fonteinen,6.5%,Lambic - Fruit,Bottle 750ml,"€ 53,20 per litre"
Hommage – Season 18|19 – Blend 9,"€ 42,90",Belgium,4.33,Brouwerij 3 Fonteinen,6%,Lambic - Fruit,Bottle 750ml,"€ 57,20 per litre"
Perzik Geel – Season 21|22 – Blend 14,"€ 35,90",Belgium,4.32,Brouwerij 3 Fonteinen,6.7%,Lambic - Fruit,Bottle 750ml,"€ 47,87 per litre"
Druif Muscaris – Season 21|22 – Blend 23,"€ 39,90",Belgium,4.24,Brouwerij 3 Fonteinen,8.3%,Lambic - Fruit,Bottle 750ml,"€ 53,20 per litre"
Druif Riesling – Season 21|22 – Blend 50,"€ 39,90",Belgium,4.20,Brouwerij 3 Fonteinen,8.1%,Lambic - Fruit,Bottle 750ml,"€ 53,20 per litre"
Tuverbol 2021,"€ 11,90",Belgium,4.20,Brouwerij 3 Fonteinen,9.7%,Lambic - Fruit,Bottle 375ml,"€ 31,73 per litre"
Oude Roussanne à l'Ancienne,"€ 26,90",Belgium,4.20,Gueuzerie Tilquin,8%,Lambic - Fruit,Bottle 750ml,"€ 35,87 per litre"
"Independent House | Farmhouse Meursault 2022 | 6,2%","€ 15,60",France,4.19,Independent House,6.2%,Farmhouse Ale - Other,Bottle 750ml,"€ 20,80 per litre"
Oude Syrah à l'Ancienne,"€ 26,30",Belgium,4.18,Gueuzerie Tilquin,8%,Lambic - Fruit,Bottle 750ml,"€ 35,07 per litre"
Oude Airelle Sauvage à l'Ancienne,"€ 22,90",Belgium,4.15,Gueuzerie Tilquin,6.5%,Lambic - Fruit,Bottle 750ml,"€ 30,53 per litre"
"75 cl | 6,4%","€ 15,60",France,4.08,Independent House,6.4%,Farmhouse Ale - Saison,Bottle 750ml,"€ 20,80 per litre"
Saison Noire De Foudre,"€ 9,90",France,3.99,Les Danaïdes,7.5%,Farmhouse Ale - Saison,Bottle 750ml,"€ 13,20 per litre"
Grenats,"€ 15,80",France,3.94,Brasserie La Malpolon,7.3%,Grape Ale - Other,Bottle 750ml,"€ 21,07 per litre"
Terroir Zennevallei: Oude Schaarbeekse Kriek - 2020,"€ 38,00",Belgium,?,Het Boerenerf Eylenbosch,7%,Lambic - Other,Bottle 750ml,"€ 50,67 per litre"
Troubadour Magma,"€ 7,95",Belgium,3.68,Brouwerij The Musketeers,9%,IPA - Belgian,Bottle 750ml,"€ 10,60 per litre"
Troubadour Blonde,"€ 4,00",Belgium,3.48,Brouwerij The Musketeers,6.5%,Belgian Blonde,330ml,"€ 12,12 per litre"
Oude Gueuze Cuvée René,"€ 2,94",Belgium,3.73,Brouwerij Lindemans,6%,Lambic - Gueuze,Bottle 375ml,"€ 7,84 per litre"
Ashes & Diamonds: Marsala Wine / Maple Syrup / Salted Caramel,"€ 8,44",Poland,4.03,Funky Fluid,12%,Barleywine - American,330ml,"€ 25,58 per litre"
Popihn Sauvage Cassis Framboise (2022),"€ 18,97",France,4.11,Popihn Sauvages,7%,Wild Ale - Other,Bottle 750ml,"€ 25,29 per litre"
Imperial Stout Whisky Irlandais BA 12,"€ 8,17",France,3.99,Popihn,12%,Stout - Imperial / Double,330ml,"€ 24,76 per litre"
Colossus Whisky – Barrel Aged Barley Wine 2023,"€ 8,95",Spain,4.11,La Calavera,13.8%,Barleywine - Other,Bottle 375ml,"€ 23,87 per litre"
Brett In Bad  – Rum Barrel Aged Mixed Fermantaiton Sour Ale,"€ 8,95",Spain,3.76,La Calavera,6.7%,Sour - Fruited,Bottle 375ml,"€ 23,87 per litre"
SON OF A PEACH!!!! – Fruited Berliner Weisse,"€ 4,95",Spain,3.74,La Calavera,4.5%,Sour - Fruited Berliner Weisse,330ml,"€ 15,00 per litre"
Fast won't last – Mixed Fermantiton Saison Blend aged in oloroso and Red Wine Barrels,"€ 8,95",Spain,4.18,La Calavera,6%,Farmhouse Ale - Saison,Bottle 375ml,"€ 23,87 per litre"
Catharsis #1 – Raspberry Black Sour Barrel Aged Blended,"€ 12,95",Spain,4.14,La Calavera,11%,Sour - Other,Bottle 375ml,"€ 34,53 per litre"
Mare E Monti – Mixed Fermantation Saison Barrel Aged Blend,"€ 8,95",Spain,4.06,La Calavera,6.5%,Sour - Other,Bottle 375ml,"€ 23,87 per litre"
Kingslayer – Fruited Sour with Cherry and Raspberry,"€ 6,35",Spain,3.91,La Calavera,4.7%,Sour - Fruited,Can 440ml,"€ 14,43 per litre"
First Stop – Oloroso Barrel Aged Sour Ale,"€ 7,95",Spain,3.77,La Calavera,7%,Sour - Other,Bottle 375ml,"€ 21,20 per litre"
Curt de Gambals – American IPA,"€ 6,25",Spain,3.76,La Calavera,5.6%,IPA - American,Can 440ml,"€ 14,20 per litre"
Kerosene – Belgian Saison,"€ 3,45",Spain,3.47,La Calavera,5.3%,Farmhouse Ale - Saison,330ml,"€ 10,45 per litre"
Ipa Is The New Fear – West Coast IPA,"€ 3,45",Spain,3.22,La Calavera,5.5%,IPA - American,330ml,"€ 10,45 per litre"
Liberator,"€ 12,75",Portugal,4.01,Ophiussa Brewing Co.,10%,Bock - Doppelbock,Bottle 375ml,"€ 34,00 per litre"
Ecliptic DIPA,"€ 5,19",Sweden,4.08,Apex Brewing Company,8%,IPA - Imperial / Double New England / Hazy,Can 440ml,"€ 11,80 per litre"
Maple Syrup Barrel Aged Vanilla Imperial Stout,"€ 9,89",Latvia,4.06,Ārpus Brewing Co.,12%,Stout - Imperial / Double,Can 440ml,"€ 22,48 per litre"
Moriau Oude Gueuze,"€ 9,87",Belgium,3.81,Brouwerij Boon,6.5%,Lambic - Gueuze,Bottle 750ml,"€ 13,16 per litre"
Energibajer Lager,"€ 3,80",Denmark,3.28,Mikkeller,0.3%,Non-Alcoholic - Lager,330ml,"€ 11,52 per litre"
Fruitlands Strawberry Limeade,"€ 10,30",United States,3.67,Modern Times Beer,4.8%,Sour - Fruited Gose,473ml,"€ 21,78 per litre"
Bloodhound (ESB),"€ 4,99",Poland,3.66,Ziemia Obiecana,5.5%,Bitter - Extra Special / Strong (ESB),500ml,"€ 9,98 per litre"
SLUSHY XXL Persian Cat,"€ 12,00",United States,3.89,450 North Brewing Company,5.3%,Sour - Fruited,473ml,"€ 25,37 per litre"
Coconut Vanilla Cocoa Stout 2023,"€ 14,99",Czech Republic,4.32,Rodinný Pivovar Zichovec,14.5%,Stout - Imperial / Double Pastry,Bottle 375ml,"€ 39,97 per litre"
Vanilla Coffee Stout 2023,"€ 14,99",Czech Republic,4.22,Rodinný Pivovar Zichovec,13%,Stout - Imperial / Double Coffee,Bottle 375ml,"€ 39,97 per litre"
Tonka Stout 2023,"€ 14,99",Czech Republic,4.15,Rodinný Pivovar Zichovec,14.5%,Stout - Imperial / Double Pastry,Bottle 375ml,"€ 39,97 per litre"
Raspberry Stout 2023,"€ 14,99",Czech Republic,4.15,Rodinný Pivovar Zichovec,13%,Stout - Imperial / Double,Bottle 375ml,"€ 39,97 per litre"
O Tiole Mio! 2024 (Lager Other),"€ 5,25",Poland,3.88,Browar Monsters,5.5%,Lager - Other,500ml,"€ 10,50 per litre"
Astus Malum (Cider Graff),"€ 14,95",Poland,3.84,Browar Kormoran,11.5%,Cider - Graff,Bottle 375ml,"€ 39,87 per litre"
Coconut Stout 2023,"€ 14,99",Czech Republic,4.32,Rodinný Pivovar Zichovec,14.5%,Stout - Imperial / Double,Bottle 375ml,"€ 39,97 per litre"
Barrel Aged Kessel Rum,"€ 15,60",England,4.43,Emperor's Brewery,13.3%,Stout - Imperial / Double,Can 330ml,"€ 47,27 per litre"
Barrel Aged Scoundrel,"€ 15,60",England,4.43,Emperor's Brewery,14.5%,Stout - Imperial / Double,Can 330ml,"€ 47,27 per litre"
Barrel-Aged Speedway Stout,"€ 16,99",United States,4.23,AleSmith Brewing Company,13.3%,Stout - Imperial / Double Coffee,Can 330ml,"€ 47,27 per litre"
Barrel Aged Speedway Stout: Coconut Vanilla,"€ 16,99",United States,4.17,AleSmith Brewing Company,14.4%,Stout - Imperial / Double Coffee,Can 330ml,"€ 47,27 per litre"
Speedway Stout New Orleans Café Edition,"€ 8,49",United States,4.00,AleSmith Brewing Company,12%,Stout - Imperial / Double Coffee,473ml,"€ 17,95 per litre"
Weekend Vibes,"€ 3,43",United States,3.79,Coronado Brewing Company,6.8%,IPA - American,355ml,"€ 9,66 per litre"
El Rollo / Pizza Port,"€ 5,83",United States,3.79,Coronado Brewing Company,7.2%,IPA - American,355ml,"€ 9,66 per litre"
Big Weekend,"€ 5,99",United States,3.77,Coronado Brewing Company,8.8%,IPA - Imperial / Double,355ml,"€ 9,66 per litre"
Super Fruit,"€ 3,69",United States,3.76,Coronado Brewing Company,5.5%,Cider - Other Fruit,,
Nice & Dry,"€ 3,69",United States,3.75,Coronado Brewing Company,6%,Cider - Dry,,
Palm Sway,"€ 4,79",United States,3.67,Coronado Brewing Company,6.5%,IPA - American,473ml,"€ 10,13 per litre"
Point Danger,"€ 4,99",United States,3.66,Coronado Brewing Company,7.5%,IPA - New England / Hazy,473ml,"€ 10,13 per litre"
Salty Crew,"€ 3,19",United States,3.53,Coronado Brewing Company,4.5%,Blonde / Golden Ale - American,355ml,"€ 8,99 per litre"
Run Wild IPA,"€ 2,69",United States,3.37,Athletic Brewing Company,0.5%,Non-Alcoholic - IPA,355ml,"€ 8,99 per litre"
Tripel Karmeliet,"€ 2,35",Belgium,3.99,Brouwerij Bosteels,8.4%,Belgian Tripel,330ml,"€ 7,12 per litre"
Westmalle Trappist Tripel,"€ 2,52",Belgium,3.81,Brouwerij der Trappisten van Westmalle,9.5%,Belgian Tripel,330ml,"€ 7,64 per litre"
Special Export,"€ 3,13",Ireland,3.51,Guinness,8%,Stout - Foreign / Export,330ml,"€ 9,48 per litre"
Kwaremont,"€ 2,69",Belgium,3.49,Brouwerij De Brabandere,6.6%,Belgian Blonde,330ml,"€ 8,15 per litre"
Jessenhofke TRPL,"€ 3,08",Belgium,3.43,Biologische Brouwerij Jessenhofke,8%,Belgian Tripel,330ml,"€ 9,33 per litre"
Jessenhofke PMPRNL,"€ 3,08",Belgium,3.39,Biologische Brouwerij Jessenhofke,8%,Spiced / Herbed Beer,330ml,"€ 9,33 per litre"
Jessenhofke MAYA,"€ 2,97",Belgium,3.28,Biologische Brouwerij Jessenhofke,6%,Blonde / Golden Ale - Other,330ml,"€ 9,00 per litre"
Both Sides Now,"€ 16,00",United States,4.14,Grimm Artisanal Ales,6%,Sour - Fruited,500ml,"€ 32,00 per litre"
Grimm Artisanal Ales - Cherry Rebus,"€ 14,50",United States,3.96,Grimm Artisanal Ales,6%,Sour - Fruited,500ml,"€ 29,00 per litre"
Resin,"€ 18,95",England,4.10,Mills Brewing,7.8%,Wild Ale - Other,Bottle 750ml,"€ 25,27 per litre"
Standing Beer,"€ 10,75",England,4.06,Mills Brewing,7.5%,Farmhouse Ale - Other,Bottle 375ml,"€ 28,67 per litre"
Persistence,"€ 13,75",Portugal,4.01,Ophiussa Brewing Co.,12%,Stout - Imperial / Double,Bottle 375ml,"€ 36,67 per litre"
Insolence,"€ 13,75",Portugal,4.01,Ophiussa Brewing Co.,12%,Stout - Imperial / Double,Bottle 375ml,"€ 36,67 per litre"
Liberator,"€ 13,75",Portugal,4.01,Ophiussa Brewing Co.,10%,Bock - Doppelbock,Bottle 375ml,"€ 36,67 per litre"
REVENANCE,"€ 9,95",England,4.25,Bang The Elephant Brewing Co,15.2%,Stout - Imperial / Double,Can 440ml,"€ 22,61 per litre"
Take A Second,"€ 11,90",United States,4.07,Fidens Brewing Co,7.2%,IPA - American,473ml,"€ 25,16 per litre"
Liquid Desserts 30 - 2 Year Barrel Blend Sticky Mexican Coffee Cake Stout With Nuts,"€ 8,75",Netherlands,4.09,Big Belly Brewing Company,12%,Stout - Imperial / Double Pastry,330ml,"€ 26,52 per litre"
Man on the Moon,"€ 6,50",Spain,4.08,Little Rain Brewing Company,8.5%,Stout - Imperial / Double,Can 440ml,"€ 14,77 per litre"
It's Not A Phase!,"€ 7,50",Netherlands,3.95,White Dog Brewery,10.5%,Stout - Imperial / Double Pastry,Can 440ml,"€ 17,05 per litre"
Dark Mode Amburana Wood Aged Double Chocolate & Vanilla Stout,"€ 8,95",Sweden,4.08,Nerdbrewing,10.5%,Stout - Imperial / Double,330ml,"€ 27,12 per litre"
"Golden Blend (season 21|22) Blend No. 55 - 37,5cl","€ 9,30",Belgium,4.31,Brouwerij 3 Fonteinen,7.6%,Lambic - Gueuze,Bottle 375ml,"€ 24,80 per litre"
Tilquin à l&apos;Ancienne : Oude Pinot Gris + Oude Gueuze,"€ 30,00",Belgium,4.30,Gueuzerie Tilquin,8.4%,Lambic - Fruit,Bottle 750ml,"€ 40,00 per litre"
Oude Geuze Platinum Blend (season 21|22) Blend No. 59 - 75cl,"€ 21,30",Belgium,4.30,Brouwerij 3 Fonteinen,5.7%,Lambic - Gueuze,Bottle 750ml,"€ 28,40 per litre"
Tilquin à l&apos;Ancienne : Oude Riesling + Oude Gueuze,"€ 30,00",Belgium,4.24,Gueuzerie Tilquin,7.7%,Lambic - Fruit,Bottle 750ml,"€ 40,00 per litre"
Tilquin à l&apos;Ancienne : Oude Pinot Noir + Oude Gueuze,"€ 30,00",Belgium,4.22,Gueuzerie Tilquin,8.2%,Lambic - Fruit,Bottle 750ml,"€ 40,00 per litre"
Tilquin à l&apos;Ancienne : Oude Roussanne + Oude Gueuze,"€ 30,00",Belgium,4.20,Gueuzerie Tilquin,8%,Lambic - Fruit,Bottle 750ml,"€ 40,00 per litre"
Tilquin à l&apos;Ancienne : Oude Syrah + Oude Gueuze,"€ 30,00",Belgium,4.18,Gueuzerie Tilquin,8%,Lambic - Fruit,Bottle 750ml,"€ 40,00 per litre"
Baladin Tonica,"€ 1,99",Italy,3.18,BIRRIFICIO AGRICOLO BALADIN - Baladin Indipendente Italian Farm Brewery,6%,Other,200ml,"€ 9,95 per litre"
Baladin Tonica Pompelmo,"€ 1,99",Italy,3.18,BIRRIFICIO AGRICOLO BALADIN - Baladin Indipendente Italian Farm Brewery,6%,Other,200ml,"€ 9,95 per litre"
Three Times Three Vol.3,"€ 17,45",Sweden,4.22,Omnipollo,12%,Stout - Imperial / Double,Can 440ml,"€ 39,66 per litre"
Defcon 1,"€ 10,95",Switzerland,4.08,Hoppy People,15.3%,Belgian Quadrupel,330ml,"€ 33,18 per litre"
Mama,"€ 9,95",Netherlands,3.62,Mister Hop,7%,Belgian Blonde,Bottle 750ml,"€ 13,27 per litre"
Gentse Tripel,"€ 2,15",Belgium,3.56,Brouwerij Van Steenberge,8%,Belgian Tripel,330ml,"€ 6,52 per litre"
Reinaert Amber,"€ 2,10",Belgium,3.45,De Proefbrouwerij,7%,Belgian Strong Golden Ale,330ml,"€ 6,36 per litre"
Chokoh Ha Bourbon BA,"€ 9,80",Estonia,4.34,Pühaste Brewery,14.5%,Porter - Imperial / Double,330ml,"€ 29,70 per litre"
Beyond Void,"€ 4,80",Estonia,4.00,Pühaste Brewery,11.5%,Porter - Imperial / Double,330ml,"€ 14,55 per litre"
Demi Sec Amer 2017,"€ 13,99",Czech Republic,3.91,Cidrerie Kliment,5.7%,Cider - Traditional / Apfelwein,Bottle 750ml,"€ 18,65 per litre"
Evocator,"€ 13,95",Portugal,4.07,Ophiussa Brewing Co.,10%,Bock - Doppelbock,Bottle 375ml,"€ 37,20 per litre"
Amorena edition 2024,"€ 8,15",France,4.06,La Débauche,14%,Stout - Imperial / Double,330ml,"€ 24,70 per litre"
Persistence,"€ 14,25",Portugal,4.01,Ophiussa Brewing Co.,12%,Stout - Imperial / Double,Bottle 375ml,"€ 38,00 per litre"
Liberator,"€ 13,95",Portugal,4.01,Ophiussa Brewing Co.,10%,Bock - Doppelbock,Bottle 375ml,"€ 37,20 per litre"
Revenance,"€ 9,95",England,4.25,Bang The Elephant Brewing Co,15.2%,Stout - Imperial / Double,Can 440ml,"€ 22,61 per litre"
BananaBanaan,"€ 7,09",Finland,3.94,Salama Brewing Company,10.4%,Stout - Imperial / Double Pastry,Can 440ml,"€ 16,11 per litre"
Zeeduivel,"€ 9,73",Finland,3.90,Salama Brewing Company,8.8%,Sour - Flanders Oud Bruin,Bottle 375ml,"€ 25,95 per litre"
Baladin Xyauyù Kentucky Riserva 2018,"€ 39,99",Italy,4.52,BIRRIFICIO AGRICOLO BALADIN - Baladin Indipendente Italian Farm Brewery,14%,Barleywine - Other,500ml,"€ 79,98 per litre"
Baladin Xyauyù Barrel Riserva 2018,"€ 39,99",Italy,4.51,BIRRIFICIO AGRICOLO BALADIN - Baladin Indipendente Italian Farm Brewery,14%,Barleywine - Other,500ml,"€ 79,98 per litre"
Chimicherry,"€ 4,75",Netherlands,3.46,Dutch Bargain,5%,Sour - Fruited,330ml,"€ 14,39 per litre"
Boerenerf Framboos (Oogst 2023),"€ 23,25",Belgium,4.16,Het Boerenerf Eylenbosch,6.6%,Lambic - Framboise,Bottle 750ml,"€ 31,00 per litre"
Boerenerf Fluweel,"€ 23,25",Belgium,4.14,Het Boerenerf Eylenbosch,7%,Lambic - Other,Bottle 750ml,"€ 31,00 per litre"
Boerenerf Rabarber (Oogst 2023),"€ 21,17",Belgium,4.13,Het Boerenerf Eylenbosch,5.2%,Lambic - Fruit,Bottle 750ml,"€ 28,23 per litre"
Boerenerf Mirabelle (Oogst 2023),"€ 21,17",Belgium,4.09,Het Boerenerf Eylenbosch,7%,Lambic - Fruit,Bottle 750ml,"€ 28,23 per litre"
Pohjala Virmalised X,"€ 6,14",Estonia,3.72,Põhjala,8%,IPA - Imperial / Double,Can 440ml,"€ 13,95 per litre"
Saison Cider Cask,"€ 21,95",England,4.24,Mills Brewing,7.2%,Farmhouse Ale - Saison,Bottle 750ml,"€ 29,27 per litre"
A Decade Under the Wild Ale,"€ 36,80",United States,4.30,Fonta Flora Brewery,7.2%,Wild Ale - American,Bottle 750ml,"€ 49,07 per litre"
10 Year Birthdaywine,"€ 43,20",United States,4.28,Fonta Flora Brewery,12%,Barleywine - English,Bottle 750ml,"€ 57,60 per litre"
Meemaw,"€ 26,60",United States,4.27,Fonta Flora Brewery,6.4%,Wild Ale - American,500ml,"€ 53,20 per litre"
Periodic Motion,"€ 43,20",United States,4.25,Fonta Flora Brewery,12%,Barleywine - Other,Bottle 750ml,"€ 57,60 per litre"
Funk Fuzz,"€ 26,60",United States,4.19,Fonta Flora Brewery,6.4%,Wild Ale - American,500ml,"€ 53,20 per litre"
Fuzzy Rhythm,"€ 26,60",United States,4.13,Fonta Flora Brewery,6.4%,Wild Ale - American,500ml,"€ 53,20 per litre"
Tip of the Vibers,"€ 26,60",United States,4.12,Fonta Flora Brewery,6.4%,Wild Ale - American,500ml,"€ 53,20 per litre"
What I Love,"€ 26,60",United States,4.09,Fonta Flora Brewery,6.4%,Wild Ale - American,500ml,"€ 53,20 per litre"
#Friendshipgoals A La Mode,"€ 10,30",United States,3.95,Casita Brewing Company,6.5%,Stout - Coffee,473ml,"€ 21,78 per litre"
Just Ad-lib It (Cushwa Collab),"€ 10,30",United States,3.93,Aslin Beer Company,8.4%,IPA - Imperial / Double,473ml,"€ 21,78 per litre"
Light Blonde Ale with Tropical Mango,"€ 2,99",United States,3.44,Kona Brewing Company,4.2%,Blonde / Golden Ale - Other,355ml,"€ 8,42 per litre"
Funky Falcon Pale Ale,"€ 3,29",Netherlands,3.50,Two Chefs Brewing,5.2%,Pale Ale - American,330ml,"€ 9,97 per litre"
Pink Monk Himbeer Tripel,"€ 4,89",Germany,3.43,Munich Brew Mafia,9.5%,Belgian Tripel,330ml,"€ 14,82 per litre"
Orange Monk Sanddorn Saison,"€ 4,89",Germany,3.17,Munich Brew Mafia,9.5%,Farmhouse Ale - Saison,330ml,"€ 14,82 per litre"
Think BLINK,"€ 3,99",Belgium,3.31,BRAUW,6.5%,Fruit Beer,330ml,"€ 12,09 per litre"
Ergo Bibamus,"€ 1,45",Germany,3.10,Schlossbrauerei Irlbach,5.4%,Wheat Beer - Hefeweizen,330ml,"€ 4,39 per litre"
Wandering Midnight,"€ 14,80",England,4.11,Cloudwater Brew Co.,6.4%,Wild Ale - Other,Bottle 375ml,"€ 39,47 per litre"
Wandering Midnight,"€ 14,70",England,4.11,Cloudwater Brew Co.,6.8%,Wild Ale - Other,Bottle 375ml,"€ 39,20 per litre"
Wandering Midnight,"€ 14,70",England,4.11,Cloudwater Brew Co.,7.2%,Wild Ale - Other,Bottle 375ml,"€ 39,20 per litre"
Riwaka & Rakau,"€ 12,90",England,3.98,Cloudwater Brew Co.,9.7%,IPA - Brett,Bottle 375ml,"€ 34,40 per litre"
Kriek,"€ 14,40",Belgium,4.34,Brasserie Cantillon,5%,Lambic - Kriek,Bottle 375ml,"€ 38,40 per litre"
Rosé de Gambrinus,"€ 15,00",Belgium,4.32,Brasserie Cantillon,5%,Lambic - Framboise,Bottle 375ml,"€ 40,00 per litre"
Caramel Fudge Stout,"€ 3,79",Netherlands,3.88,Brouwerij Kees,11.5%,Stout - Imperial / Double,330ml,"€ 11,48 per litre"
Jacques,"€ 4,49",Netherlands,3.78,Big Belly Brewing Company,11%,Belgian Quadrupel,330ml,"€ 13,61 per litre"
Enjoy the Silence,"€ 3,99",Netherlands,3.75,Brouwerij Kees,11.5%,Belgian Quadrupel,330ml,"€ 12,09 per litre"
Zware Jongen,"€ 3,89",Netherlands,3.62,Brouwerij Maallust,8.7%,Belgian Tripel,330ml,"€ 11,79 per litre"
Oaked Barleywine,"€ 3,79",Netherlands,3.56,Brouwerij Vogelvrij,10%,Barleywine - English,330ml,"€ 11,79 per litre"
De Diefhenker,"€ 3,79",Netherlands,3.48,Bierbrouwerij De Magistraat,7.3%,Belgian Dubbel,330ml,"€ 11,48 per litre"
Knipoog,"€ 2,49",Netherlands,2.89,Breugem Bier,0.4%,Non-Alcoholic - IPA,330ml,"€ 7,55 per litre"
Van Honsebrouck Kasteel Rubus Framboise,"€ 9,50",Belgium,3.57,Kasteel Brouwerij Vanhonsebrouck,7%,Fruit Beer,Bottle 750ml,"€ 12,67 per litre"
Lervig No Worries Mango,"€ 2,99",Norway,3.27,LERVIG,0.5%,Non-Alcoholic - IPA,330ml,"€ 9,06 per litre"
Double-Double Flip,"€ 60,00",United States,4.41,Tree House Brewing Company,13.2%,Stout - Imperial / Double,500ml,"€ 120,00 per litre"
Cryogen,"€ 10,80",United States,4.10,Spyglass Brewing Company,8%,IPA - Imperial / Double New England / Hazy,Can 473ml,"€ 22,83 per litre"
Thee Times Three Vol. 3,"€ 12,99",Sweden,4.22,Omnipollo,12%,Stout - Imperial / Double,Can 440ml,"€ 29,52 per litre"
Three Times Three Vol. 4,"€ 16,99",Sweden,4.18,Omnipollo,7%,Sour - Fruited,Can 440ml,"€ 38,61 per litre"
Smoothie Sour ( Abricot & Coconut),"€ 4,30",Netherlands,3.62,Brouwerij Kees,4.9%,Sour - Smoothie / Pastry,330ml,"€ 13,03 per litre"
Skull Smasher,"€ 5,50",Greece,3.97,Seven Island Brewery,8%,IPA - Imperial / Double New England / Hazy,Can 440ml,"€ 12,50 per litre"
The Chicho (чичо),"€ 10,95",Bulgaria,4.14,Sofia Electric Brewing,11%,Stout - Imperial / Double,330ml,"€ 33,18 per litre"
The Svishtovian,"€ 11,25",Bulgaria,4.06,Sofia Electric Brewing,12%,Stout - Imperial / Double,330ml,"€ 34,09 per litre"
Younger Dryas,"€ 22,80",England,4.41,Primordial Brewing,11.3%,Stout - Imperial / Double Pastry,Bottle 375ml,"€ 60,80 per litre"
Liberator,"€ 14,50",Portugal,4.01,Ophiussa Brewing Co.,10%,Bock - Doppelbock,Bottle 375ml,"€ 38,67 per litre"
Fractional BA Cacophony,"€ 45,60",United States,4.39,3 Sons Brewing Co.,13.4%,Stout - Imperial / Double Pastry,Bottle 500ml,"€ 91,20 per litre"
D.I.C Mamas Cherry Pie,"€ 8,60",Norway,4.00,Amundsen Brewery,10.5%,Stout - Imperial / Double Pastry,330ml,"€ 26,06 per litre"
D.I.C Peanutbutter And Coconut Cookies,"€ 8,60",Norway,3.99,Amundsen Brewery,10.5%,Stout - Imperial / Double Pastry,330ml,"€ 26,06 per litre"
SLUSHY XXL Sleeping Giant,"€ 11,20",United States,3.96,450 North Brewing Company,5.3%,Sour - Smoothie / Pastry,473ml,"€ 23,68 per litre"
Tilquin à l&apos;Ancienne : 5 versies Druif / 5 versions grape,"€ 125,00",Belgium,4.00,Gueuzerie Tilquin,7%,Lambic - Gueuze,473ml,"€ 23,68 per litre"
Oude Pinot Gris Tilquin à l&apos;Ancienne  -  75cl incl. statiegeld - SHOP ONLY,"€ 18,00",United States,3.89,Sierra Nevada Brewing Co.,8.4%,Belgian Tripel,Bottle 750ml,"€ 24,00 per litre"
Oude Pinot Noir Tilquin à l&apos;Ancienne  -  75cl incl. statiegeld - SHOP ONLY,"€ 18,00",United States,3.89,Sierra Nevada Brewing Co.,8.2%,Belgian Tripel,Bottle 750ml,"€ 24,00 per litre"
Oude Riesling Tilquin à l&apos;Ancienne  -  75cl incl. statiegeld - SHOP ONLY,"€ 18,00",United States,3.89,Sierra Nevada Brewing Co.,7.7%,Belgian Tripel,Bottle 750ml,"€ 24,00 per litre"
Congruity: Moscatel 2022,"€ 26,99",Denmark,4.20,Insight Cellars,8.3%,Wild Ale - Other,Bottle 750ml,"€ 35,99 per litre"
Congruity: Premier Cru 2022,"€ 26,99",Denmark,4.25,Insight Cellars,7.4%,Wild Ale - Other,Bottle 750ml,"€ 35,99 per litre"
Kosk,"€ 3,99",Estonia,3.89,Pühaste Brewery,8%,IPA - Imperial / Double New England / Hazy,330ml,"€ 12,09 per litre"
Laine,"€ 3,19",Estonia,3.57,Pühaste Brewery,4%,Pale Ale - New England / Hazy,330ml,"€ 9,67 per litre"
Valge,"€ 3,29",Estonia,3.51,Pühaste Brewery,5.1%,Wheat Beer - Witbier / Blanche,330ml,"€ 9,97 per litre"
Survive until 2025 – Triple IPA,"€ 6,75",Germany,3.83,FrauGruber Brewing,10.2%,IPA - Triple New England / Hazy,Can 440ml,"€ 15,34 per litre"
Brigth Idea – Pastry Sour,"€ 6,75",Germany,3.78,FrauGruber Brewing,6.3%,Sour - Fruited,Can 440ml,"€ 15,34 per litre"
Talking Bombs – Triple India Pale Ale,"€ 5,95",Germany,3.76,FrauGruber Brewing,9.6%,IPA - Triple New England / Hazy,Can 440ml,"€ 13,52 per litre"
Pink Buster – Double IPA,"€ 6,45",Germany,3.73,FrauGruber Brewing,8.2%,IPA - Imperial / Double,Can 440ml,"€ 14,66 per litre"
Oud Beersel: Oude Pijpen 2023,"€ 8,00",Belgium,4.07,Oud Beersel,6.5%,Lambic - Gueuze,Bottle 375ml,"€ 21,33 per litre"
Limited edition: HORAL Megablend 2019,"€ 24,85",Belgium,4.07,Brewery John Martin & Brewery Timmermans/ Brouwerij Boon/ Brouwerij De Troch/ Brouwerij Lindemans/ + 4 breweries,7%,Lambic - Gueuze,Bottle 750ml,"€ 33,13 per litre"
Lambiek Fabriek: Colon-Elle Batch #1 2021,"€ 19,95",Belgium,3.97,Lambiek Fabriek,11%,Lambic - Gueuze,Bottle 750ml,"€ 26,60 per litre"
Limited edition: HORAL Megablend 2024,"€ 12,30",Belgium,3.93,Brouwerij Boon,7%,Lambic - Gueuze,Bottle 750ml,"€ 16,40 per litre"
Oud Beersel: Rhubarb Lambiek 2023,"€ 18,45",Belgium,3.90,Oud Beersel,6.5%,Lambic - Fruit,Bottle 750ml,"€ 24,60 per litre"
Oud Beersel: Rose Flower Lambiek 2024,"€ 17,45",Belgium,3.82,Oud Beersel,6.5%,Lambic - Other,Bottle 750ml,"€ 23,27 per litre"
Oud Beersel: Grapefruit Peel Lambiek 2024,"€ 17,45",Belgium,3.70,Oud Beersel,6.5%,Lambic - Other,Bottle 750ml,"€ 23,27 per litre"
Skipper,"€ 3,19",Estonia,3.72,Pühaste Brewery,6%,IPA - New England / Hazy,330ml,"€ 9,67 per litre"
Eem Zonnig,"€ 3,50",Netherlands,3.34,Brouwerij Eembier,5.8%,Pale Ale - American,330ml,"€ 9,67 per litre"
Corpus Vitrae Omnom Nomine Patris,"€ 4,50",Netherlands,3.65,Mister Hop,9.8%,Belgian Quadrupel,330ml,"€ 13,64 per litre"
Burning Sky x Wildflower From The Farm,"€ 6,20",England,3.91,Burning Sky Brewery,5.4%,Farmhouse Ale - Other,Can 440ml,"€ 14,09 per litre"
5th Anniversary Beer #3 – Cold IPA,"€ 4,25",Serbia,3.83,Dogma Brewery,6.7%,IPA - Cold,500ml,"€ 8,50 per litre"
Hoppy Crew: How Far Is It?,"€ 5,25",Poland,3.74,Browar PINTA,8.5%,IPA - Imperial / Double,500ml,"€ 10,50 per litre"
Dr. IPA,"€ 4,85",Slovenia,3.72,Lobik,8%,IPA - Imperial / Double,330ml,"€ 14,70 per litre"
IPA Aquila,"€ 2,75",Netherlands,3.46,Brouwerij Rodanum,7%,IPA - Belgian,330ml,"€ 8,33 per litre"
Hoppakee,"€ 2,95",Netherlands,3.42,KraftBier,5.2%,Pale Ale - American,330ml,"€ 8,94 per litre"
Orval,"€ 4,70",Belgium,3.68,Brasserie d'Orval,6.2%,Pale Ale - Belgian,Bottle 330ml,"€ 14,24 per litre"
St. Bernardus Pater 6,"€ 4,00",Belgium,3.55,Brouwerij St.Bernardus,6.7%,Belgian Dubbel,Bottle 330ml,"€ 12,12 per litre"
Weissbier Alkoholfrei,"€ 2,90",Germany,2.90,Erdinger Weissbräu,0.5%,Non-Alcoholic - Wheat,Bottle 500ml,"€ 5,80 per litre"
"3 Fonteinen: Cuvée Armand & Gaston 20|21, assemblage 17","€ 22,75",Belgium,4.26,Brouwerij 3 Fonteinen,6.9%,Lambic - Gueuze,Bottle 750ml,"€ 30,33 per litre"
Oud Beersel: Oude Geuze 2022,"€ 10,95",Belgium,3.94,Brouwerij Boon,6.5%,Lambic - Gueuze,Bottle 750ml,"€ 14,60 per litre"
Oud Beersel: Vandervelden 142 2024,"€ 17,90",Belgium,3.96,Oud Beersel,6.5%,Lambic - Gueuze,Bottle 750ml,"€ 23,87 per litre"
Three Times Three Vol. 3,"€ 18,95",Sweden,4.22,Omnipollo,12%,Stout - Imperial / Double,Can 440ml,"€ 43,07 per litre"
Implosion Fruited,"€ 3,40",Denmark,3.19,To Øl,0.3%,Non-Alcoholic - IPA,330ml,"€ 10,30 per litre"
Limburgse Witte Rosé,"€ 3,10",Belgium,3.31,Brouwerij Cornelissen,3.5%,Fruit Beer,330ml,"€ 9,39 per litre"
"3 Fonteinen: Cuvée Armand & Gaston 19|20, assemblage 57","€ 22,90",Belgium,4.32,Brouwerij 3 Fonteinen,7.6%,Lambic - Gueuze,Bottle 750ml,"€ 30,53 per litre"
Grand Cru,"€ 4,80",Belgium,3.65,Brouwerij Rodenbach,6%,Sour - Flanders Red Ale,Bottle 330ml,"€ 14,55 per litre"
MPU IPA Alkoholfrei,"€ 4,19",Germany,3.05,Munich Brew Mafia,0.4%,Non-Alcoholic - IPA,330ml,"€ 12,70 per litre"
Sweet Shop Violets Sour,"€ 7,40",Scotland,3.84,Vault City Brewing,6.5%,Sour - Fruited,Can 440ml,"€ 16,82 per litre"
Sweet Shop Fizzy Watermelon Slices Sour,"€ 6,60",Scotland,3.75,Vault City Brewing,4.1%,Sour - Fruited,Can 440ml,"€ 15,00 per litre"
Tropical Twist Session Sour,"€ 5,70",Scotland,3.69,Vault City Brewing,4.5%,Sour - Fruited,Can 440ml,"€ 12,95 per litre"
Framboos,"€ 8,70",Belgium,3.83,Brouwerij Kestemont,5.5%,Lambic - Framboise,Bottle 375ml,"€ 23,20 per litre"
Cinq Cents Wit Tripel,"€ 6,70",Belgium,3.73,Bières de Chimay,8%,Belgian Tripel,Bottle 750ml,"€ 8,93 per litre"
Gemini Circle The Wagons,"€ 12,90",United States,4.34,Mortalis Brewing Company,7%,Sour - Smoothie / Pastry,473ml,"€ 27,27 per litre"
Mindsplosion,"€ 12,90",United States,4.27,Imprint Beer Co.,6.2%,Sour - Fruited,473ml,"€ 27,27 per litre"
Diner Pie Series Blueberry Peach Lemon,"€ 12,00",United States,4.23,Mortalis Brewing Company,6%,Fruit Beer,473ml,"€ 25,37 per litre"
DDH Double Pixel Density,"€ 12,90",United States,4.18,Phase Three Brewing,8%,IPA - Imperial / Double New England / Hazy,473ml,"€ 27,27 per litre"
Perspective 2023,"€ 12,90",Canada,4.16,Badlands Brewing Company,6.5%,IPA - American,473ml,"€ 27,27 per litre"
Mailer Daemon,"€ 12,00",United States,4.15,Celestial Beerworks,8.5%,IPA - Imperial / Double New England / Hazy,473ml,"€ 25,37 per litre"
Apollo 11,"€ 11,20",United States,4.14,Celestial Beerworks,8%,IPA - Imperial / Double New England / Hazy,473ml,"€ 23,68 per litre"
Spelt Check DDH Cryo Sabro,"€ 11,20",United States,4.13,Icarus Brewing,8.5%,IPA - Imperial / Double New England / Hazy,473ml,"€ 23,68 per litre"
Henna: S'more,"€ 17,20",United States,4.13,More Brewing Company,14%,Stout - Imperial / Double,473ml,"€ 36,36 per litre"
Le Seul X (Passionfruit),"€ 8,60",United States,4.13,Une Année Brewery,6.5%,Sour - Fruited,473ml,"€ 18,18 per litre"
BBA Plead The 5th Smore,"€ 9,40",United States,4.13,Dark Horse Brewing Co.,11%,Stout - Imperial / Double,355ml,"€ 26,48 per litre"
Le Seul XIII (Guava),"€ 8,60",United States,4.09,Une Année Brewery,6.5%,Sour - Fruited,473ml,"€ 18,18 per litre"
Power Juicer (Oat Fluffed),"€ 12,00",United States,4.09,Icarus Brewing,7.5%,IPA - Imperial / Double New England / Hazy,473ml,"€ 25,37 per litre"
Percolate,"€ 8,60",United States,4.07,Blaze Brewing Co.,8%,Stout - Imperial / Double Milk,473ml,"€ 18,18 per litre"
DDH Conceptual Model,"€ 11,20",United States,4.06,Phase Three Brewing,7.8%,IPA - Imperial / Double New England / Hazy,473ml,"€ 23,68 per litre"
Away From Keyboard,"€ 8,60",Sweden,4.04,Nerdbrewing,11.5%,Stout - Imperial / Double Pastry,330ml,"€ 26,06 per litre"
Earth Guide For Aliens,"€ 7,70",Sweden,4.03,Elmeleven,8.2%,Sour - Smoothie / Pastry,Can 440ml,"€ 17,50 per litre"
Quit Your Fussin On Me,"€ 10,30",United States,4.03,Hoof Hearted Brewing,9%,IPA - Sour,473ml,"€ 21,78 per litre"
Musk Of The Minotaur,"€ 9,40",United States,4.03,Hoof Hearted Brewing,7.2%,IPA - American,473ml,"€ 19,87 per litre"
Basketcase,"€ 9,40",Germany,4.03,Sudden Death Brewing Co.,7.5%,Sour - Fruited,Can 440ml,"€ 21,36 per litre"
The Jagged Rott Snare,"€ 6,80",Norway,4.01,Krecher,6%,Sour - Smoothie / Pastry,330ml,"€ 20,61 per litre"
Pedestal (Luminosa),"€ 11,20",Canada,4.00,Badlands Brewing Company,6.5%,IPA - American,473ml,"€ 23,68 per litre"
Velvet Banshee,"€ 12,00",England,3.98,Neon Raptor Brewing Co.,10%,Sour - Smoothie / Pastry,Can 440ml,"€ 27,27 per litre"
Hunka Hunka,"€ 9,40",United States,3.95,Blaze Brewing Co.,9%,Stout - Imperial / Double Milk,473ml,"€ 19,87 per litre"
Movin And Groovin,"€ 10,30",United States,3.93,Little Willow Brewing Company,7.5%,Sour - Fruited,473ml,"€ 21,78 per litre"
Tropical Vibes,"€ 11,20",United States,3.92,Vitamin Sea Brewing,6%,Sour - Fruited,473ml,"€ 23,68 per litre"
Ain't Got No Cow,"€ 10,30",Germany,3.86,Sudden Death Brewing Co.,10%,Stout - Russian Imperial,Can 440ml,"€ 23,41 per litre"
North X Oddity,"€ 8,60",England,3.86,North Brewing Co.,6.4%,IPA - New England / Hazy,Can 440ml,"€ 19,55 per litre"
Holy Cow,"€ 10,30",Germany,3.85,Sudden Death Brewing Co.,10%,Stout - Imperial / Double Milk,Can 440ml,"€ 23,41 per litre"
Strheum,"€ 7,70",United States,3.84,More Brewing Company,7.2%,Sour - Fruited,473ml,"€ 16,28 per litre"
SLUSHY XL Ninja Mantis,"€ 11,70",United States,3.84,450 North Brewing Company,5.3%,Sour - Fruited,473ml,"€ 24,74 per litre"
Flip Toward The Sun,"€ 9,40",France,3.83,Prizm Brewing Co.,6%,Sour - Fruited,Can 440ml,"€ 21,36 per litre"
Mush,"€ 6,80",England,3.83,Beak Brewery,6%,Sour - Fruited,Can 440ml,"€ 15,45 per litre"
Reflex Pattern,"€ 9,40",England,3.83,Cloudwater Brew Co.,5%,Pale Ale - New England / Hazy,Can 440ml,"€ 21,36 per litre"
Raspberry Sour,"€ 7,70",Scotland,3.82,Vault City Brewing,5%,Sour - Fruited,Can 440ml,"€ 17,50 per litre"
From The Tranquil Depths (Adroit Theory Collab),"€ 6,80",Sweden,3.82,Ten Hands Brewing,12.2%,Barleywine - American,330ml,"€ 20,61 per litre"
Cocobolo,"€ 6,80",Sweden,3.80,Duckpond Brewing,6%,Sour - Fruited Gose,330ml,"€ 20,61 per litre"
Bistro Cabana Pink Guava & Coconut,"€ 11,20",United States,3.78,Energy City Brewing,6.5%,Sour - Fruited Berliner Weisse,473ml,"€ 23,68 per litre"
Magazine Cover,"€ 7,70",England,3.74,DEYA Brewing Company,4.2%,Pale Ale - New England / Hazy,500ml,"€ 15,40 per litre"
Fee-KA,"€ 6,80",Sweden,3.71,Fermenterarna,6%,Sour - Fruited,Can 440ml,"€ 15,45 per litre"
Lavalantula,"€ 6,80",Norway,3.70,Krecher,6%,Sour - Fruited,330ml,"€ 20,61 per litre"
Freedom Of Peach,"€ 10,30",Canada,3.67,Rouge River Brewing Company,5%,Sour - Fruited,473ml,"€ 21,78 per litre"
Alien Attack,"€ 5,10",Sweden,3.67,Ten Hands Brewing,6.5%,Sour - Fruited,330ml,"€ 15,45 per litre"
Respect Your Elders,"€ 6,00",Sweden,3.67,Shapes & Objects Beer Co,7.2%,IPA - Imperial / Double,Can 440ml,"€ 13,64 per litre"
Cherry Berry,"€ 8,60",Spain,3.64,Basqueland Brewing,5%,Sour - Fruited,Can 440ml,"€ 19,55 per litre"
Moms Pineapple Pie,"€ 6,00",Sweden,3.63,Fermenterarna,6%,Sour - Fruited,Can 440ml,"€ 13,64 per litre"
Booghina,"€ 6,00",United States,3.57,Aslin Beer Company,6%,Sour - Fruited,473ml,"€ 12,68 per litre"
Festbier,"€ 7,70",Germany,3.45,FrauGruber Brewing,6.2%,Festbier,Can 440ml,"€ 17,50 per litre"
Platypils,"€ 6,00",Denmark,3.32,Dry & Bitter Brewing Company,5.2%,Pilsner - Other,Can 440ml,"€ 13,64 per litre"
Ultima Dry-Hopped Exotic Tripel,"€ 2,81",Belgium,3.43,Bierfirma Ultima,8%,Belgian Tripel,330ml,"€ 8,52 per litre"
Black Hole #50,"€ 9,26",Slovenia,3.98,Reservoir Dogs Brewery,11%,Stout - Imperial / Double,330ml,"€ 28,06 per litre"
Oude Geuze 2022 Blend 98,"€ 6,80",Belgium,4.06,Brouwerij 3 Fonteinen,6%,Lambic - Gueuze,Bottle 375ml,"€ 18,13 per litre"
La Vermontoise,"€ 6,45",Belgium,3.80,Brasserie de Blaugies/ Hill Farmstead Brewery,6%,Farmhouse Ale - Saison,Bottle 375ml,"€ 17,20 per litre"
Saison d'Epautre,"€ 6,45",Belgium,3.72,Brasserie de Blaugies,6%,Farmhouse Ale - Saison,Bottle 375ml,"€ 17,20 per litre"
La Moneuse,"€ 6,45",Belgium,3.74,Brasserie de Blaugies,8%,Farmhouse Ale - Saison,Bottle 375ml,"€ 17,20 per litre"
Walking On Razors,"€ 7,89",Romania,4.05,Bereta Brewing Co.,6.2%,IPA - New England / Hazy,Can 440ml,"€ 17,93 per litre"
Close Encounters,"€ 8,20",Romania,3.99,Bereta Brewing Co.,7.8%,IPA - Imperial / Double New England / Hazy,Can 440ml,"€ 18,64 per litre"
Claim To Fame,"€ 7,89",Romania,3.99,Bereta Brewing Co.,6%,IPA - New England / Hazy,Can 440ml,"€ 17,93 per litre"
Blade Grinder,"€ 8,20",Romania,3.85,Bereta Brewing Co.,7.5%,Stout - Milk / Sweet,Can 440ml,"€ 18,64 per litre"
ÜberQuell Bambule,"€ 1,99",Germany,3.46,ÜberQuell Brauwerkstätten,4.8%,Pilsner - German,330ml,"€ 6,03 per litre"
23390 Classic,"€ 2,30",Belgium,3.73,Brouwerij Het Anker,8.5%,Belgian Strong Dark Ale,330ml,"€ 6,97 per litre"
Punk IPA alkoholfrei,"€ 2,90",Scotland,2.88,BrewDog,0.5%,Non-Alcoholic - IPA,330ml,"€ 8,79 per litre"
Czider Száraz,"€ 3,60",Hungary,3.38,Magyar Czider Kft.,7%,Cider - Dry,330ml,"€ 10,91 per litre"
Lunch Break (BPJ),"€ 16,50",United States,4.25,Corporate Ladder Brewing Company,6.5%,Gluten-Free,473ml,"€ 34,88 per litre"
Side of House,"€ 11,94",United States,4.07,Dancing Gnome,6.8%,IPA - American,473ml,"€ 25,24 per litre"
Dessert Station: Peach Rings,"€ 16,41",United States,4.04,Corporate Ladder Brewing Company,6.5%,Gluten-Free,473ml,"€ 34,69 per litre"
Valued Rug (Cold Brew Coffee),"€ 13,92",United States,3.97,Millpond Brewing,6.8%,Stout - Coffee,473ml,"€ 29,43 per litre"
Kapittel Prior,"€ 2,05",Belgium,3.45,Leroy Breweries,9%,Belgian Strong Dark Ale,330ml,"€ 6,21 per litre"
Trail Pass Golden,"€ 2,99",United States,3.37,Sierra Nevada Brewing Co.,0.5%,Non-Alcoholic - Other,355ml,"€ 8,42 per litre"
Trail Pass IPA,"€ 2,99",United States,3.37,Sierra Nevada Brewing Co.,0.5%,Non-Alcoholic - IPA,355ml,"€ 8,42 per litre"
DIPA V17,"€ 8,00",England,4.19,Cloudwater Brew Co.,8%,IPA - Imperial / Double New England / Hazy,Can 440ml,"€ 18,18 per litre"
The Open Work Three Two One 2023,"€ 23,90",United States,4.17,Grimm Artisanal Ales,6%,Sour - Other,500ml,"€ 47,80 per litre"
Twinfold Hoplaar,"€ 3,39",Finland,3.35,Fiskarsin Panimo,5.5%,Wild Ale - Other,330ml,"€ 10,27 per litre"
Metsän Henki,"€ 2,25",Finland,3.06,Fiskarsin Panimo,4.5%,Gluten-Free,330ml,"€ 6,82 per litre"
Wet Dog Food,"€ 4,79",Germany,3.67,Lieber Waldi,6%,Red Ale - American Amber / Red,Can 440ml,"€ 10,89 per litre"
Puerto Moutere,"€ 6,29",France,3.95,The Piggy Brewing Company,8%,IPA - Imperial / Double New England / Hazy,Can 440ml,"€ 14,30 per litre"
Morning Session,"€ 4,95",France,3.71,The Piggy Brewing Company,4.8%,IPA - Session,Can 440ml,"€ 11,25 per litre"
RONNIE – Oranje Blond,"€ 2,99",Netherlands,3.33,Big Belly Brewing Company,5%,Blonde / Golden Ale - Other,330ml,"€ 9,06 per litre"
Kaleidoscope,"€ 15,99",United States,4.41,Fidens Brewing Co,8.2%,IPA - Imperial / Double New England / Hazy,473ml,"€ 33,81 per litre"
Jasper,"€ 15,99",United States,4.40,Fidens Brewing Co,8%,IPA - Imperial / Double,473ml,"€ 33,81 per litre"
Cheap Pop,"€ 15,99",United States,4.36,Fidens Brewing Co,8%,IPA - Imperial / Double New England / Hazy,473ml,"€ 33,81 per litre"
SUGGESTION DER IMMERSION | Tawny Port | nocturne rouge series 4/5,"€ 12,59",Germany,4.18,Atelier der Braukünste,11.9%,Barleywine - Other,Can 440ml,"€ 28,61 per litre"
Take A Second,"€ 14,99",United States,4.07,Fidens Brewing Co,7.2%,IPA - American,473ml,"€ 31,69 per litre"
New And Improved,"€ 5,50",Sweden,3.93,Stigbergets Bryggeri,6.5%,IPA - New England / Hazy,Can 440ml,"€ 12,50 per litre"
STIG NOUVEAU,"€ 5,05",Sweden,3.65,Stigbergets Bryggeri,6%,IPA - American,Can 440ml,"€ 11,48 per litre"
Gouden Carolus Hopsinjoor,"€ 2,44",Belgium,3.59,Brouwerij Het Anker,8%,IPA - Belgian,330ml,"€ 7,39 per litre"
Bier Met De Letter E,"€ 3,95",Netherlands,3.30,Mister Hop,5.5%,Blonde / Golden Ale - Other,330ml,"€ 11,97 per litre"
Bier Met De Letter M,"€ 3,95",Netherlands,3.30,Mister Hop,5.5%,Blonde / Golden Ale - Other,330ml,"€ 11,97 per litre"
Bier Met De Letter P,"€ 3,95",Netherlands,3.30,Mister Hop,5.5%,Blonde / Golden Ale - Other,330ml,"€ 11,97 per litre"
Oppaque - Csc - Cashmere Strata Citra,"€ 9,99",United States,4.04,Juicy Brewing Co,8%,IPA - Imperial / Double New England / Hazy,330ml,"€ 11,97 per litre"
Naughty & Nice - Triple Chocolate Truffle,"€ 5,25",England,4.00,Vocation Brewery,8.4%,Stout - Milk / Sweet,Can 440ml,"€ 11,93 per litre"
Sweet Temptation,"€ 4,80",England,3.92,Brew York/ Vocation Brewery,6.6%,Stout - Milk / Sweet,Can 440ml,"€ 10,91 per litre"
Immortal Memory 2.0,"€ 5,90",England,3.88,Vocation Brewery,11.5%,Scotch Ale / Wee Heavy,330ml,"€ 17,88 per litre"
Doppelgänger,"€ 5,95",England,3.84,Vocation Brewery,6.7%,IPA - American,Can 440ml,"€ 13,52 per litre"
Death By Daiquiri,"€ 5,40",England,3.60,Vocation Brewery,4.5%,Sour - Fruited,Can 440ml,"€ 12,27 per litre"
Tilquin Pinot Gris,"€ 14,51",Belgium,4.30,Gueuzerie Tilquin,8.4%,Lambic - Fruit,Bottle 750ml,"€ 19,35 per litre"
Trignac XII (2022),"€ 21,95",Belgium,4.08,Kasteel Brouwerij Vanhonsebrouck,12%,Belgian Tripel,Bottle 750ml,"€ 29,27 per litre"
Plavas Lauma,"€ 8,15",Latvia,3.76,Labietis,12.7%,Wheat Beer - Wheat Wine,Bottle 375ml,"€ 21,73 per litre"
La Vie En Rose,"€ 3,15",Belgium,3.42,Brouwerij De Dochter van de Korenaar,5%,Wheat Beer - Witbier / Blanche,330ml,"€ 9,55 per litre"
Vandenbroek: Watergeus 2022,"€ 13,95",Netherlands,4.01,Vandenbroek,6.2%,Lambic - Fruit,Bottle 750ml,"€ 18,60 per litre"
Timmermans: Oude Geuze 2019,"€ 14,95",Belgium,3.95,Brewery John Martin & Brewery Timmermans,6.7%,Lambic - Gueuze,Bottle 750ml,"€ 19,93 per litre"
"3 Fonteinen: Golden Blend 20|21, assemblage 33","€ 32,90",Belgium,4.33,Brouwerij 3 Fonteinen,7.2%,Lambic - Gueuze,Bottle 750ml,"€ 43,87 per litre"
"3 Fonteinen: Cuvée Miel 20|21, assemblage 67","€ 24,95",Belgium,4.25,Brouwerij 3 Fonteinen,7.9%,Lambic - Gueuze,Bottle 750ml,"€ 33,27 per litre"
Oude Geuze Boon: VAT 108bis 2018,"€ 13,45",Belgium,4.16,Brouwerij Boon,8%,Lambic - Gueuze,Bottle 375ml,"€ 35,87 per litre"
GARDÉES,"€ 13,50",France,4.05,Brasserie La Malpolon,8.4%,Farmhouse Ale - Bière de Garde,Bottle 750ml,"€ 18,00 per litre"
TEMPERANCE,"€ 16,50",France,3.79,Brasserie La Malpolon,7.3%,Grape Ale - Other,Bottle 750ml,"€ 22,00 per litre"
Raj z Rajs (2024),"€ 4,40",Poland,3.73,Browar PINTA,8.5%,IPA - Imperial / Double,500ml,"€ 8,80 per litre"
Sprong,"€ 36,00",Netherlands,4.26,Tommie Sjef,7.1%,Wild Ale - Other,Bottle 750ml,"€ 48,00 per litre"
Victoria,"€ 36,00",Netherlands,4.14,Tommie Sjef,7%,Wild Ale - Other,Bottle 750ml,"€ 48,00 per litre"
Saaz,"€ 36,00",Netherlands,4.12,Tommie Sjef,6.8%,Wild Ale - Other,Bottle 750ml,"€ 48,00 per litre"
Silhouet,"€ 36,00",Netherlands,4.04,Tommie Sjef,8.2%,Wild Ale - Other,Bottle 750ml,"€ 48,00 per litre"
Oud Bruin,"€ 36,00",Netherlands,3.96,Tommie Sjef,7.2%,Sour - Flanders Oud Bruin,Bottle 750ml,"€ 48,00 per litre"
Modestus Kveik Session IPA,"€ 3,63",Belgium,3.51,Brouwerij de HopHemel,4.8%,IPA - Session,330ml,"€ 11,00 per litre"
Porfyrius Limoncello Sour IPA,"€ 3,63",Belgium,3.48,Brouwerij de HopHemel,5.7%,IPA - Sour,330ml,"€ 11,00 per litre"
Winterhuder Helles,"€ 2,79",Germany,3.26,HWB Winterhuder Bier GmbH,4.7%,Lager - Helles,330ml,"€ 8,45 per litre"
Revenance,"€ 9,99",England,4.25,Bang The Elephant Brewing Co,15.2%,Stout - Imperial / Double,Can 440ml,"€ 22,70 per litre"
Cocoreo,"€ 9,99",Finland,4.21,Salama Brewing Company,11%,Stout - Imperial / Double Pastry,Can 440ml,"€ 22,70 per litre"
Evocator,"€ 13,99",Portugal,4.07,Ophiussa Brewing Co.,10%,Bock - Doppelbock,Bottle 375ml,"€ 37,31 per litre"
Maple Syrup Barrel Aged Vanilla Imperial Stout,"€ 10,25",Latvia,4.06,Ārpus Brewing Co.,12%,Stout - Imperial / Double,Can 440ml,"€ 23,30 per litre"
Cuvee de Mugnega,"€ 13,50",Italy,4.02,Ca' del Brado,7.8%,Sour - Fruited,Bottle 375ml,"€ 36,00 per litre"
Cuvee de Kiwi,"€ 10,10",Italy,3.87,Ca' del Brado,7.8%,Sour - Fruited,Bottle 375ml,"€ 26,93 per litre"
Sei Montagne,"€ 10,40",Italy,4.05,Ca' del Brado,7.4%,Sour - Other,Bottle 375ml,"€ 27,73 per litre"
Cheap Pop,"€ 14,00",United States,4.36,Fidens Brewing Co,8.2%,IPA - Imperial / Double New England / Hazy,473ml,"€ 29,60 per litre"
Take a Second,"€ 13,00",United States,4.07,Fidens Brewing Co,7.2%,IPA - American,473ml,"€ 27,48 per litre"
Sump Coffee Stout (2024),"€ 12,99",United States,4.29,Perennial Artisan Ales,11.5%,Stout - Imperial / Double Coffee,473ml,"€ 27,48 per litre"
Vermillion 2024,"€ 9,99",United States,3.97,Perennial Artisan Ales,10.5%,Barleywine - English,Bottle 750ml,"€ 13,32 per litre"
Paisley Cave Complex 2023,"€ 36,80",United States,4.43,Bottle Logic Brewing,15%,Stout - Imperial / Double Pastry,500ml,"€ 73,60 per litre"
Jam The Radar 2023,"€ 36,80",United States,4.36,Bottle Logic Brewing,14.3%,Stout - Imperial / Double,500ml,"€ 73,60 per litre"
Quantum Matter 2023,"€ 36,80",United States,4.35,Bottle Logic Brewing,11.5%,Stout - Imperial / Double Coffee,500ml,"€ 73,60 per litre"
State of Enlightenment 2024,"€ 36,80",United States,4.34,Bottle Logic Brewing,13.3%,Stout - Imperial / Double,500ml,"€ 73,60 per litre"
Superstratum 2023,"€ 36,80",United States,4.32,Bottle Logic Brewing,12.5%,Stout - Imperial / Double Pastry,500ml,"€ 73,60 per litre"
Changing Gears 2023,"€ 36,80",United States,4.26,Bottle Logic Brewing,12.9%,Stout - Imperial / Double Pastry,500ml,"€ 73,60 per litre"
Mind Over Batter 2023,"€ 36,80",United States,4.23,Bottle Logic Brewing,12%,Stout - Imperial / Double Pastry,500ml,"€ 73,60 per litre"
Finite Universe 2023,"€ 36,80",United States,4.21,Bottle Logic Brewing,12.8%,Stout - Imperial / Double Pastry,500ml,"€ 73,60 per litre"
Stealth Mode,"€ 8,90",United States,4.16,Bottle Logic Brewing,6%,Sour - Fruited Berliner Weisse,473ml,"€ 18,82 per litre"
Leche Reserva 2023,"€ 36,80",United States,4.10,Bottle Logic Brewing,14%,Stout - Imperial / Double Milk,500ml,"€ 73,60 per litre"
Picture If You Will... 2023,"€ 32,80",United States,4.09,Bottle Logic Brewing,13%,Pumpkin / Yam Beer,500ml,"€ 65,60 per litre"
Resonant Frequency 2023,"€ 36,80",United States,4.08,Bottle Logic Brewing,14.7%,Barleywine - English,500ml,"€ 73,60 per litre"
Upside Down,"€ 8,90",Czech Republic,3.77,Rodinný Pivovar Zichovec,5.3%,IPA - New England / Hazy,473ml,"€ 18,82 per litre"
Longboard Island Lager,"€ 3,50",United States,3.41,Kona Brewing Company,4.6%,Lager - Pale,355ml,"€ 9,86 per litre"
Braambes,"€ 14,11",Belgium,3.40,Brouwerij Kestemont,6%,Lambic - Traditional,Bottle 750ml,"€ 18,81 per litre"
Plavas Lauma,"€ 13,95",Latvia,3.76,Labietis,12%,Wheat Beer - Wheat Wine,Bottle 750ml,"€ 18,60 per litre"
Bourbon Barrel Aged Colossus 2023,"€ 12,99",Denmark,4.16,Bad Seed Brewing,15.5%,Barleywine - English,330ml,"€ 39,36 per litre"
Tropadelic,"€ 7,49",Denmark,3.67,Bad Seed Brewing,4.2%,Sour - Fruited Berliner Weisse,Can 440ml,"€ 17,02 per litre"
Speciation x Horus That's a Par 4!,"€ 16,20",United States,4.05,Speciation Artisan Ales,8%,Fruit Beer,Can 375ml,"€ 43,20 per litre"
Plum Genetic Drift,"€ 9,90",United States,4.01,Speciation Artisan Ales,7%,Sour - Fruited,Can 473ml,"€ 20,93 per litre"
Mixed Berry Incipient,"€ 9,90",United States,3.96,Speciation Artisan Ales,7.5%,Sour - Fruited,Can 473ml,"€ 20,93 per litre"
3 Bean Stout,"€ 4,90",Norway,4.09,LERVIG/ Way Beer,12%,Stout - Imperial / Double,330ml,"€ 14,85 per litre"
Heavenly Hops Diviner DH Hazy IPA,"€ 6,99",Denmark,3.84,Amager Bryghus,7%,IPA - New England / Hazy,Can 440ml,"€ 15,89 per litre"
Gluttony DH Imperial IPA,"€ 7,49",Denmark,3.83,Amager Bryghus,9.4%,IPA - Imperial / Double,Can 440ml,"€ 17,02 per litre"
Camba BME #73 Flandern Blonde,"€ 4,49",Germany,3.77,Camba Bavaria/ Thompson Island Brewing Company,6.6%,IPA - New England / Hazy,Can 440ml,"€ 10,20 per litre"
Amager/Goose Island Rye King Stout,"€ 6,99",Denmark,3.73,Amager Bryghus/ Goose Island Beer Co.,7.7%,Stout - American,Can 440ml,"€ 15,89 per litre"
The Beast Within DH Hazy IPA,"€ 6,99",Denmark,3.71,Amager Bryghus,6%,IPA - New England / Hazy,Can 440ml,"€ 15,89 per litre"
King Of Denmark DH West Coast IPA,"€ 6,99",Denmark,3.70,Amager Bryghus,7%,IPA - American,Can 440ml,"€ 15,89 per litre"
Gloryville DH Hazy IPA,"€ 6,99",Denmark,3.69,Amager Bryghus,6.5%,IPA - New England / Hazy,Can 440ml,"€ 15,89 per litre"
Kehrwieder Seehafen XX Barrel Aged Pale Ale,"€ 9,99",Germany,3.67,Kehrwieder Kreativbrauerei,7.2%,Farmhouse Ale - Saison,330ml,"€ 30,27 per litre"
Hibernal Dichotomous (2023),"€ 24,20",United States,3.97,Jester King Brewery,3.8%,Farmhouse Ale - Other,Bottle 750ml,"€ 32,27 per litre"
For The Love Of Hops Coral,"€ 4,99",Netherlands,3.60,Brouwerij Frontaal,5.5%,IPA - White / Wheat,Can 440ml,"€ 11,34 per litre"
Temple du Ciel,"€ 3,57",Belgium,3.69,L'Ermitage/ Ça Brasse Pour Moi,5.2%,Pale Ale - Belgian,330ml,"€ 10,82 per litre"
Beatific Ecstasy,"€ 3,77",Belgium,3.60,Brasserie Surréaliste,4.7%,Sour - Fruited Berliner Weisse,330ml,"€ 11,42 per litre"
Ambrée,"€ 2,30",France,3.41,Brasserie Goudale - Les Brasseurs de Gayant,7.2%,Farmhouse Ale - Bière de Garde,330ml,"€ 6,97 per litre"
IPA,"€ 3,10",France,3.22,Brasserie Goudale - Les Brasseurs de Gayant,7.2%,IPA - Belgian,330ml,"€ 9,39 per litre"
Triporteur From Heaven,"€ 2,50",Belgium,3.55,BOMBrewery,6.2%,Belgian Blonde,330ml,"€ 7,58 per litre"
De Eeuwige Jeugd Nitwit,"€ 2,55",Netherlands,3.51,Brouwerij de Eeuwige Jeugd,6%,Wheat Beer - Witbier / Blanche,330ml,"€ 7,73 per litre"
Maneblusser Mechels Blond,"€ 2,20",Belgium,3.46,Brouwerij Het Anker,5.8%,Belgian Blonde,330ml,"€ 6,67 per litre"
Squirrel Bait,"€ 2,79",Sweden,3.58,Brewski,4.7%,IPA - Session,330ml,"€ 8,45 per litre"
Pango IPA,"€ 3,99",Sweden,3.52,Brewski,5.9%,IPA - Fruited,330ml,"€ 12,09 per litre"
Fish Transistor,"€ 5,45",Germany,3.97,FUERST WIACEK,6.8%,IPA - New England / Hazy,Can 440ml,"€ 12,39 per litre"
There's No I In Eye,"€ 5,45",Germany,3.95,FUERST WIACEK,6.8%,IPA - New England / Hazy,Can 440ml,"€ 12,39 per litre"
Ivory Tower – Nelson Sauvin,"€ 3,65",Estonia,3.85,Pühaste Brewery,6.8%,IPA - New England / Hazy,330ml,"€ 11,06 per litre"
Skipper,"€ 3,65",Estonia,3.72,Pühaste Brewery,6%,IPA - New England / Hazy,330ml,"€ 11,06 per litre"
NEIPA,"€ 3,19",Netherlands,3.71,Eggens,8%,IPA - Imperial / Double New England / Hazy,330ml,"€ 9,67 per litre"
Reservoir Wild Lager,"€ 8,80",Denmark,3.74,Observatoriet,5%,Wild Ale - Other,Bottle 375ml,"€ 23,47 per litre"
Fuzzy,"€ 5,00",England,3.73,Cloudwater Brew Co.,4.2%,Pale Ale - New England / Hazy,Can 440ml,"€ 11,36 per litre"
Double Juice Punch,"€ 3,59",Netherlands,3.85,Brouwerij Frontaal,8.5%,IPA - Imperial / Double New England / Hazy,330ml,"€ 10,88 per litre"
Andreas,"€ 2,79",Netherlands,3.59,Brouwerij Frontaal,8.5%,Belgian Tripel,330ml,"€ 8,45 per litre"
Royale,"€ 4,49",Netherlands,3.94,ROTT. Brouwers,11.2%,Barleywine - Other,330ml,"€ 13,61 per litre"
"Smokey Head (Silver) – Cocoa Nibs, Coffee, Vanilla","€ 6,25",Poland,3.87,TankBusters.Co,9.6%,Porter - Smoked,500ml,"€ 12,50 per litre"
"Smokey Head (Gold) – Smoked Plums, Cinnamon, Vanilla","€ 6,25",Poland,3.80,TankBusters.Co,9.6%,Porter - Smoked,500ml,"€ 12,50 per litre"
IPA,"€ 2,75",Belgium,3.41,Belgian Balance,0.5%,Non-Alcoholic - IPA,330ml,"€ 8,33 per litre"
Sump Coffee Stout Vanilla Latte (2024),"€ 12,99",United States,4.22,Perennial Artisan Ales,11.5%,Stout - Imperial / Double Coffee,330ml,"€ 8,33 per litre"
Barrel Aged Royal Cookie: Tompouce,"€ 13,99",Poland,3.90,Funky Fluid,13%,Stout - Imperial / Double Pastry,330ml,"€ 42,39 per litre"
Liquid Desserts #30 2 Yr Barrel Blend Sticky Mexican Coffee Cake Stout With Nuts,"€ 9,50",Netherlands,4.09,Big Belly Brewing Company,12%,Stout - Imperial / Double Pastry,330ml,"€ 28,79 per litre"
Van Honsebrouck Kasteel Trignac XII 2022,"€ 22,50",Belgium,4.08,Kasteel Brouwerij Vanhonsebrouck,12%,Belgian Tripel,Bottle 750ml,"€ 30,00 per litre"
Fatal Deviation,"€ 6,95",Ireland,3.99,Whiplash,10%,Stout - Imperial / Double,Can 440ml,"€ 15,80 per litre"
Fatal Deviation Bourbon BA,"€ 8,95",Ireland,3.99,Whiplash,11%,Stout - Imperial / Double,Can 440ml,"€ 20,34 per litre"
Nectaron City,"€ 5,30",Netherlands,3.62,Brouwerij Kees,6.9%,IPA - American,Can 440ml,"€ 12,05 per litre"
Witte Simmie,"€ 3,33",Netherlands,3.42,Brouwerij Frontaal,5.2%,Wheat Beer - Witbier / Blanche,330ml,"€ 10,09 per litre"
Fructus,"€ 2,95",Belgium,3.38,Brasserie Lupulus,4.2%,Wheat Beer - Fruited,330ml,"€ 8,94 per litre"
Kerel Saison,"€ 3,40",Belgium,3.38,Siphon Brewing,6%,Porter - American,330ml,"€ 10,30 per litre"
AIXO ES XAUXA!,"€ 7,49",Spain,4.04,Gro Brewers,10%,IPA - Triple New England / Hazy,Can 440ml,"€ 17,02 per litre"
GUIRLATXE,"€ 9,99",Spain,3.93,Gro Brewers,12%,Stout - Imperial / Double,Can 440ml,"€ 22,70 per litre"
Trignac XII (2022),"€ 25,49",Belgium,4.08,Kasteel Brouwerij Vanhonsebrouck,12%,Belgian Tripel,Bottle 750ml,"€ 33,99 per litre"
Pineapple Express,"€ 2,99",Netherlands,3.46,Brouwerij Frontaal,5.2%,Wheat Beer - Witbier / Blanche,330ml,"€ 9,06 per litre"
Land & Labour / Spontaneous Deuce Hard Graf,"€ 17,95",Ireland,3.95,Land & Labour,5.6%,Cider - Graff,Bottle 750ml,"€ 23,93 per litre"
Tripel Wit,"€ 3,50",Netherlands,3.49,Thorns Wit,7.5%,Wheat Beer - Witbier / Blanche,330ml,"€ 10,61 per litre"
Witbier,"€ 3,20",Netherlands,3.44,Thorns Wit,5.6%,Wheat Beer - Witbier / Blanche,330ml,"€ 9,70 per litre"
Omer vander Ghinste Rouge Max,"€ 2,10",Belgium,3.42,Omer Vander Ghinste,8%,Fruit Beer,330ml,"€ 6,36 per litre"
Irish Stout Nitro,"€ 3,30",Ireland,3.38,O'Hara's Brewery,4.3%,Stout - Irish Dry,Can 440ml,"€ 7,50 per litre"
De Molen Hop & Hibiscus,"€ 3,90",Netherlands,3.67,Brouwerij de Molen,8.5%,IPA - Imperial / Double,330ml,"€ 11,82 per litre"
Omer VanderGhinste Ypra,"€ 8,25",Belgium,3.47,Omer Vander Ghinste,6%,Belgian Blonde,Bottle 750ml,"€ 11,00 per litre"
Rhubarb & Custard Sour,"€ 7,29",Scotland,3.93,Vault City Brewing,4.7%,Sour - Smoothie / Pastry,Can 440ml,"€ 16,57 per litre"
Orca Brau Geselligkeit. BIO Ein Weißbier,"€ 3,49",Germany,3.65,orca brau,5.4%,Wheat Beer - Hefeweizen,330ml,"€ 10,58 per litre"
Brune,"€ 1,51",Belgium,3.54,Abbaye de Leffe,6.5%,Brown Ale - Belgian,330ml,"€ 4,58 per litre"
Milkshake IPA (Blueberry Pancake),"€ 9,99",United States,4.10,Tired Hands Brewing Company,7.2%,IPA - Milkshake,473ml,"€ 21,12 per litre"
FRESH HARVEST MOSAIC,"€ 5,95",Sweden,4.00,Fermenterarna,8%,IPA - Imperial / Double New England / Hazy,Can 440ml,"€ 13,52 per litre"
WEST COAST IPA #001 RIWAKA/NELSON SAUVIN,"€ 5,50",Sweden,3.65,Fermenterarna,6.8%,IPA - American,Can 440ml,"€ 12,50 per litre"
Tongerlo PRIOR,"€ 2,90",Belgium,3.64,Brouwerij Haacht Brasserie,9%,Belgian Tripel,330ml,"€ 8,79 per litre"
Cidre Naturel,"€ 3,70",Belgium,3.51,Wignac,4.5%,Cider - Traditional / Apfelwein,330ml,"€ 11,21 per litre"
Hazy Pale Ale,"€ 3,30",Netherlands,3.38,Rock City Brewing,0.33%,Non-Alcoholic - Pale Ale,330ml,"€ 10,00 per litre"
Oude Kriek Intens Rood  PX Barrels19/20 Assemblage n° 79,"€ 28,83",Belgium,4.28,Brouwerij 3 Fonteinen,7.1%,Lambic - Kriek,Bottle 750ml,"€ 38,44 per litre"
Horal Oude Geuze Mega Blend 2021,"€ 19,95",Belgium,4.03,Brewery John Martin & Brewery Timmermans/ Brouwerij Boon/ Brouwerij De Troch/ Brouwerij Lindemans/ + 6 breweries,7%,Lambic - Gueuze,Bottle 750ml,"€ 26,60 per litre"
Alvinne / Holy Goat Freddie meets Johnny,"€ 5,07",Belgium,3.88,Brouwerij Alvinne,6.5%,Sour - Flanders Oud Bruin,330ml,"€ 15,36 per litre"
Verzet Space Cadet,"€ 2,44",Belgium,3.36,Brouwerij 't Verzet,6%,Wheat Beer - Witbier / Blanche,330ml,"€ 7,39 per litre"
Export Porter 1750,"€ 3,97",Netherlands,3.85,Brouwerij Kees,10.5%,Porter - Imperial / Double,330ml,"€ 12,03 per litre"
Abbaye des Rocs Triple Impériale,"€ 2,59",Belgium,3.66,Brasserie de l'Abbaye des Rocs,9%,Belgian Strong Dark Ale,330ml,"€ 7,85 per litre"
A Ton of Honey (Cellar Series),"€ 8,95",Estonia,4.06,Põhjala,13.2%,Stout - Imperial / Double,330ml,"€ 27,12 per litre"
Bon Chef,"€ 3,99",Netherlands,3.62,Two Chefs Brewing,5%,IPA - New England / Hazy,330ml,"€ 12,09 per litre"
Dutch Bargain x Koester Je Oester Parel Pils,"€ 3,60",Netherlands,3.20,Dutch Bargain,4.7%,Pilsner - Other,330ml,"€ 10,91 per litre"
HORAL Oude Geuze Megablend 2024,"€ 11,02",Belgium,3.93,Brouwerij Boon,7%,Lambic - Gueuze,Bottle 750ml,"€ 14,69 per litre"
Othmar Blond,"€ 2,95",Netherlands,3.47,Ootmarsummer Bierbrouwerij Heupink & Co,6.5%,Blonde / Golden Ale - Other,330ml,"€ 8,94 per litre"
Rouge,"€ 2,48",Belgium,3.72,Bières de Chimay,7%,Belgian Dubbel,330ml,"€ 7,52 per litre"
Rhubarbe,"€ 12,50",France,3.97,La Brasserie du Mont Salève,4.2%,Sour - Fruited,Bottle 750ml,"€ 16,67 per litre"
Kriek 100% Lambic Bio (2016),"€ 14,95",Belgium,4.43,Brasserie Cantillon,6%,Lambic - Kriek,Bottle 375ml,"€ 39,87 per litre"
Xyauyu Oro – Riserva 2019,"€ 26,95",Italy,4.35,BIRRIFICIO AGRICOLO BALADIN - Baladin Indipendente Italian Farm Brewery,14%,Barleywine - Other,500ml,"€ 53,90 per litre"
Kriek 100% Lambic Bio (2023),"€ 24,95",Belgium,4.28,Brasserie Cantillon,6%,Lambic - Kriek,Bottle 750ml,"€ 33,27 per litre"
Kriek 100% Lambic Bio (2021),"€ 24,95",Belgium,4.28,Brasserie Cantillon,6%,Lambic - Kriek,Bottle 750ml,"€ 33,27 per litre"
Kriek 100% Lambic Bio (2021),"€ 12,95",Belgium,4.28,Brasserie Cantillon,6%,Lambic - Kriek,Bottle 375ml,"€ 34,53 per litre"
Kriek 100% Lambic Bio (2022),"€ 24,95",Belgium,4.28,Brasserie Cantillon,6%,Lambic - Kriek,Bottle 750ml,"€ 33,27 per litre"
Kriek 100% Lambic Bio (2022),"€ 12,95",Belgium,4.28,Brasserie Cantillon,6%,Lambic - Kriek,Bottle 375ml,"€ 34,53 per litre"
Brutale,"€ 12,50",France,4.05,La Brasserie du Mont Salève,6%,Sour - Other,Bottle 750ml,"€ 16,67 per litre"
Parcelles,"€ 12,50",France,4.04,La Brasserie du Mont Salève,6%,Grape Ale - Other,Bottle 750ml,"€ 16,67 per litre"
Czech Nightmare,"€ 15,00",France,4.02,La Brasserie du Mont Salève,8%,Wild Ale - American,Bottle 750ml,"€ 20,00 per litre"
Rhubarbe Magnum,"€ 29,00",France,3.97,La Brasserie du Mont Salève,4.2%,Sour - Fruited,Bottle 1500ml,"€ 19,33 per litre"
Silicium,"€ 15,00",France,3.93,La Brasserie du Mont Salève,6%,Wild Ale - Other,Bottle 750ml,"€ 20,00 per litre"
TERRE – ANNATA 2012,"€ 24,95",Italy,4.28,BIRRIFICIO AGRICOLO BALADIN - Baladin Indipendente Italian Farm Brewery,11%,Barleywine - Other,500ml,"€ 49,90 per litre"
Xyauyu Fume Riserva 2018,"€ 34,95",Italy,4.23,BIRRIFICIO AGRICOLO BALADIN - Baladin Indipendente Italian Farm Brewery,14%,Barleywine - Other,500ml,"€ 69,90 per litre"
Guirlatxe,"€ 6,00",Spain,3.93,Gro Brewers,12%,Stout - Imperial / Double,Can 440ml,"€ 13,64 per litre"
Alien MegaChurch,"€ 10,99",United States,4.23,Tired Hands Brewing Company,9.5%,IPA - Triple New England / Hazy,473ml,"€ 23,23 per litre"
Ghost In the Machine (2024),"€ 8,32",United States,4.30,Parish Brewing Co.,8.5%,IPA - Imperial / Double New England / Hazy,473ml,"€ 17,59 per litre"
Social Fabric,"€ 8,39",United States,4.20,Finback Brewery,8%,IPA - Imperial / Double,473ml,"€ 17,74 per litre"
Kinda Brooklyn,"€ 8,39",United States,4.13,Finback Brewery,8%,IPA - Imperial / Double,473ml,"€ 17,74 per litre"
Oscillation 036,"€ 8,39",United States,4.12,Finback Brewery,8.4%,IPA - Imperial / Double,473ml,"€ 17,74 per litre"
Duchesse Chocolate Cherry,"€ 3,10",Belgium,3.90,Brouwerij Verhaeghe,6.8%,Sour - Flanders Red Ale,330ml,"€ 9,39 per litre"
Minga,"€ 6,40",Netherlands,3.87,Brouwerij Halve Tamme,10.4%,Barleywine - Other,Bottle 375ml,"€ 17,07 per litre"
Man Meets Machine,"€ 9,59",United States,4.22,District 96 Beer Factory,11%,IPA - Triple New England / Hazy,473ml,"€ 20,27 per litre"
Forsaken Vines,"€ 9,90",Scotland,3.93,Holy Goat Brewing,6.5%,Sour - Fruited,Bottle 375ml,"€ 26,40 per litre"
Peruvian Chocolate Stout,"€ 7,60",Scotland,3.67,Holy Goat Brewing,5.8%,Stout - Foreign / Export,Can 440ml,"€ 17,27 per litre"
Lervig Liquid Reboot,"€ 5,49",Norway,3.96,LERVIG,7.7%,IPA - Imperial / Double New England / Hazy,330ml,"€ 16,64 per litre"
Lervig Kveik Culture: Brewski,"€ 7,69",Norway,3.77,LERVIG,8%,Sour - Smoothie / Pastry,330ml,"€ 23,30 per litre"
Rêve Coffee Stout,"€ 10,60",United States,4.21,Parish Brewing Co.,6.8%,Stout - Coffee,355ml,"€ 29,86 per litre"
Bestowed Chocolate Covered Strawberry Imperial Stout,"€ 17,30",Canada,4.15,Third Moon Brewing Company,11%,Stout - Imperial / Double Pastry,473ml,"€ 36,58 per litre"
Humanité Baltic Porter,"€ 12,00",Canada,4.08,Brasserie du Bas-Canada,10%,Porter - Baltic,355ml,"€ 33,80 per litre"
Orbital Elevator,"€ 4,49",United States,4.15,Burlington Beer Company,8.3%,IPA - Imperial / Double New England / Hazy,355ml,"€ 33,80 per litre"
Uncanny Valley,"€ 4,49",United States,4.05,Burlington Beer Company,7%,IPA - New England / Hazy,473ml,"€ 9,49 per litre"
Lervig No Worries Grapefruit Alkoholfrei,"€ 3,19",Norway,3.25,LERVIG,0.5%,Non-Alcoholic - IPA,330ml,"€ 9,67 per litre"
Kees / Pühaste It's a Sin,"€ 4,61",Netherlands,3.95,Brouwerij Kees,13.8%,Stout - Imperial / Double,330ml,"€ 13,97 per litre"
Rye Royale,"€ 3,81",Netherlands,3.81,Brouwerij Kees,10.9%,Rye Wine,330ml,"€ 11,55 per litre"
Space Operator,"€ 4,00",Ireland,3.83,Whiplash,6.8%,IPA - New England / Hazy,Can 440ml,"€ 9,09 per litre"
Comfort Zone,"€ 8,90",United States,3.45,Creature Comforts Brewing Company,5.7%,Red Ale - American Amber / Red,Bottle 375ml,"€ 23,73 per litre"
Oude Geuze Vandervelden 140,"€ 7,52",Belgium,4.04,Oud Beersel,6.5%,Lambic - Gueuze,Bottle 375ml,"€ 20,05 per litre"
Oude Geuze,"€ 7,88",Belgium,3.77,Oud Beersel,6.5%,Lambic - Gueuze,Bottle 750ml,"€ 10,51 per litre"
BZART Lambiek,"€ 17,98",Belgium,3.87,Oud Beersel,8%,Lambic - Traditional,Bottle 750ml,"€ 23,97 per litre"
Maman 2023,"€ 149,50",United States,4.47,Perennial Artisan Ales,13.4%,Stout - Imperial / Double,Bottle 750ml,"€ 23,97 per litre"
Dark Mode – Emperors,"€ 8,75",Sweden,4.08,Nerdbrewing,10.5%,Stout - Imperial / Double,330ml,"€ 26,52 per litre"
Limited Connectivity,"€ 8,75",Sweden,4.02,Nerdbrewing,11.3%,Stout - Imperial / Double,330ml,"€ 26,52 per litre"
Barrel Aged Royal Cookie: Tompouce,"€ 12,95",Poland,3.90,Funky Fluid,13%,Stout - Imperial / Double Pastry,330ml,"€ 39,24 per litre"
Congruity: Premier Cru 2022,"€ 31,95",Denmark,4.25,Insight Cellars,7.4%,Wild Ale - Other,Bottle 750ml,"€ 42,60 per litre"
Lizard King versus The Cryo,"€ 10,58",United States,3.92,Pipeworks Brewing Company,6%,Pale Ale - American,473ml,"€ 22,37 per litre"
The Finest Doppelbock,"€ 11,62",United States,3.87,Pipeworks Brewing Company,7.4%,Bock - Doppelbock,473ml,"€ 24,57 per litre"
Storm Wing,"€ 10,47",United States,3.80,Pipeworks Brewing Company,6.2%,IPA - American,473ml,"€ 22,14 per litre"
Feathered Friends,"€ 11,62",United States,3.88,Pipeworks Brewing Company,7%,IPA - New England / Hazy,473ml,"€ 24,57 per litre"
Guava Gose Smack,"€ 8,81",United States,3.83,Noon Whistle Brewing,4%,Sour - Fruited Gose,355ml,"€ 24,82 per litre"
Derivation Grand Cru,"€ 169,99",United States,4.37,Side Project Brewing,18%,Stout - Imperial / Double,355ml,"€ 24,82 per litre"
Ich Bin Blueberry,"€ 4,40",Denmark,3.26,Mikkeller,3.7%,Sour - Fruited Berliner Weisse,Can 330ml,"€ 13,33 per litre"
Spebi Glimi,"€ 4,75",Netherlands,3.62,Mister Hop,6.2%,IPA - New England / Hazy,330ml,"€ 14,39 per litre"
ROTT.blontt,"€ 3,75",Netherlands,3.46,ROTT. Brouwers,5.5%,Blonde / Golden Ale - Other,330ml,"€ 11,36 per litre"
Cloudy Lemonade Session Sour,"€ 5,70",Scotland,3.91,Vault City Brewing,3.7%,Sour - Fruited,Can 440ml,"€ 12,95 per litre"
Barista Chocolate Quad,"€ 3,49",Belgium,3.77,Kasteel Brouwerij Vanhonsebrouck,11%,Belgian Quadrupel,330ml,"€ 10,58 per litre"
Kasteel Rubus Framboise,"€ 3,10",Belgium,3.57,Kasteel Brouwerij Vanhonsebrouck,7%,Fruit Beer,330ml,"€ 10,58 per litre"
Kasteel Cuvée,"€ 3,05",Belgium,3.81,Kasteel Brouwerij Vanhonsebrouck,11%,Belgian Quadrupel,330ml,"€ 9,24 per litre"
Kasteel Barista,"€ 2,90",Belgium,3.77,Kasteel Brouwerij Vanhonsebrouck,11%,Belgian Quadrupel,Bottle 330ml,"€ 8,79 per litre"
DR. RAPTOR DOUBLE IPA,"€ 1,00",Netherlands,3.68,Uiltje Brewing Company,8.2%,IPA - Imperial / Double,330ml,"€ 3,03 per litre"
JUICY LUCY,"€ 1,60",Netherlands,3.64,Uiltje Brewing Company,5.5%,IPA - New England / Hazy,330ml,"€ 4,85 per litre"
Buckley (2023),"€ 21,99",United States,4.29,Transient Artisan Ales,13.5%,Stout - Imperial / Double,,
Double Bourbon Barrel Neckbeard Nectar (2023),"€ 31,99",United States,4.27,Transient Artisan Ales,14%,Stout - Imperial / Double,500ml,"€ 63,98 per litre"
Mega Dark BA - Rye Whisky Coffee Coconut,"€ 38,99",United States,4.21,Juicy Brewing Co,14%,Stout - Imperial / Double Pastry,500ml,"€ 63,98 per litre"
Mega Dark BA - Apple Brandy Maple Syrup,"€ 38,99",United States,4.21,Juicy Brewing Co,14%,Stout - Imperial / Double Pastry,500ml,"€ 63,98 per litre"
Mega Dark BA - Dickel Barrel Clean,"€ 38,99",United States,4.08,Juicy Brewing Co,14%,Stout - Russian Imperial,500ml,"€ 63,98 per litre"
Mingha (Munichwine),"€ 6,50",Netherlands,3.87,Brouwerij Halve Tamme,10.4%,Barleywine - Other,Bottle 375ml,"€ 17,33 per litre"
DOK Ken Tukkie Gedaan,"€ 3,97",Belgium,3.73,Dok Brewing Company,11.2%,Stout - Imperial / Double,330ml,"€ 12,03 per litre"
Dark Mode Amburana Wood Aged,"€ 8,85",Sweden,4.08,Nerdbrewing,10.5%,Stout - Imperial / Double,330ml,"€ 26,82 per litre"
Kasteel Trignac Cognac Barrel Aged Tripel,"€ 23,95",Belgium,4.03,Kasteel Brouwerij Vanhonsebrouck,12%,Belgian Tripel,Bottle 750ml,"€ 31,93 per litre"
Blond (Groene label),"€ 6,05",Belgium,4.01,Brouwerij De Sint-Sixtusabdij van Westvleteren,5.8%,Belgian Blonde,330ml,"€ 18,33 per litre"
Zwaar Blond,"€ 2,80",Belgium,3.27,Duvel Moortgat,5.2%,Pilsner - Other,330ml,"€ 8,48 per litre"
Rochefort 10,"€ 4,59",Belgium,4.05,Abbaye Notre-Dame de Saint-Rémy,11.3%,Belgian Quadrupel,330ml,"€ 13,91 per litre"
Fuerst Wiacek After Party Hoppy Pale Ale,"€ 5,99",Germany,3.76,FUERST WIACEK,5%,Pale Ale - New England / Hazy,Can 440ml,"€ 13,61 per litre"
Schneider TAP1 Helle Weisse,"€ 2,19",Germany,3.61,Schneider Weisse G. Schneider & Sohn,4.9%,Wheat Beer - Hefeweizen,500ml,"€ 4,38 per litre"
Schneider TAP2 Kristall,"€ 2,19",Germany,3.51,Schneider Weisse G. Schneider & Sohn,5.3%,Wheat Beer - Kristallweizen,500ml,"€ 4,38 per litre"
Common House Copper English Style Pale Ale,"€ 5,30",Denmark,3.40,Copenhagen Commons,5%,Bitter - Extra Special / Strong (ESB),Can 440ml,"€ 12,05 per litre"
Jelster,"€ 3,39",Netherlands,3.60,Kaapse Brouwers,5.5%,IPA - New England / Hazy,Can 440ml,"€ 12,05 per litre"
Brewing - Pastrytonium: Double Banana Split,"€ 32,50",United States,4.18,Magnify Brewing Company,13%,Stout - Imperial / Double Pastry,500ml,"€ 65,00 per litre"
Brewing - Point of Divergence,"€ 26,70",United States,4.12,Magnify Brewing Company,10.5%,Stout - Imperial / Double,500ml,"€ 53,40 per litre"
Kriek,"€ 5,90",Belgium,3.53,Brouwerij Boon,4.5%,Lambic - Kriek,Bottle 375ml,"€ 15,73 per litre"
Assassin 2023,"€ 279,95",United States,4.63,Toppling Goliath Brewing Co.,13.6%,Stout - Imperial / Double,Bottle 375ml,"€ 15,73 per litre"
Assassin 2020,"€ 269,95",United States,4.58,Toppling Goliath Brewing Co.,12%,Stout - Imperial / Double,Bottle 375ml,"€ 15,73 per litre"
Holy Mountain 2023,"€ 9,00",Scotland,4.03,Holy Goat Brewing,7%,Sour - Fruited,Bottle 375ml,"€ 24,00 per litre"
Starhammer,"€ 9,00",Scotland,3.98,Holy Goat Brewing,6%,Sour - Fruited,Bottle 375ml,"€ 24,00 per litre"
Black Kite,"€ 9,00",Scotland,3.96,Holy Goat Brewing,6%,Sour - Fruited,Bottle 375ml,"€ 24,00 per litre"
Crimson King,"€ 9,00",Scotland,3.95,Holy Goat Brewing,7%,Sour - Flanders Red Ale,Bottle 375ml,"€ 24,00 per litre"
Maple Plumber,"€ 8,50",Netherlands,4.20,Moersleutel Craft Brewery,11%,Stout - Imperial / Double Pastry,Can 440ml,"€ 19,32 per litre"
Balcones Edition 2023 Barley Wine,"€ 6,90",Netherlands,4.19,Brouwerij de Molen,13.5%,Barleywine - Other,330ml,"€ 20,91 per litre"
LabRatchet Espresso Lava Cake,"€ 8,20",Netherlands,4.11,Moersleutel Craft Brewery,15%,Stout - Imperial / Double Pastry,Can 440ml,"€ 18,64 per litre"
Grand Cru Edition 2023,"€ 6,50",Netherlands,4.01,Brouwerij de Molen,10.4%,Sour - Other,330ml,"€ 19,70 per litre"
Mexicake Firefighter,"€ 7,95",Netherlands,3.97,Moersleutel Craft Brewery,12%,Stout - Russian Imperial,Can 440ml,"€ 18,07 per litre"
Caramel Madness,"€ 6,90",Netherlands,3.95,Moersleutel Craft Brewery,10%,Barleywine - Other,Can 440ml,"€ 15,68 per litre"
Bourbon Edition 2022 Wheat Wine,"€ 6,90",Netherlands,3.91,Brouwerij de Molen,10%,Wheat Beer - Wheat Wine,330ml,"€ 20,91 per litre"
Shady Priest,"€ 8,10",Belgium,3.91,Galea Craft Beers,11.5%,Stout - Imperial / Double Pastry,330ml,"€ 24,55 per litre"
Hel & Verdoemenis,"€ 3,70",Netherlands,3.85,Brouwerij de Molen,10.4%,Stout - Russian Imperial,330ml,"€ 11,21 per litre"
Coffee Grinder,"€ 5,50",Netherlands,3.78,Moersleutel Craft Brewery,7.5%,Stout - Coffee,Can 440ml,"€ 12,50 per litre"
Too Cool To Go Skinny DIPA,"€ 5,50",Netherlands,3.77,Uiltje Brewing Company,7.9%,IPA - Imperial / Double,Can 440ml,"€ 12,50 per litre"
Nighty Knight,"€ 4,20",Belgium,3.77,Galea Craft Beers,11.5%,Stout - Imperial / Double,330ml,"€ 12,73 per litre"
Frostbite Fuel,"€ 3,70",Netherlands,3.43,Uiltje Brewing Company,6.8%,Stout - Milk / Sweet,330ml,"€ 11,21 per litre"
A Deal With the Devil (Green - Rum),"€ 59,95",United States,4.38,Tired Hands Brewing Company,17%,Barleywine - English,Bottle 375ml,"€ 159,87 per litre"
Kopfkino 2024 – Imperial Saison,"€ 4,25",Germany,3.73,orca brau,8%,Farmhouse Ale - Saison,330ml,"€ 12,88 per litre"
?it´s a match” – Imperial Saison mit roter Beete und andaliman Pfeffer,"€ 4,45",Germany,3.65,orca brau,8%,Farmhouse Ale - Saison,330ml,"€ 13,48 per litre"
30 Jahre Mata Hari Bar – Red Ale,"€ 3,45",Germany,3.56,orca brau,4.9%,Red Ale - Irish,330ml,"€ 10,45 per litre"
?be kind to each other” – Pastry Sour mit Rhabarber und Vanille – Collab Testbräu,"€ 4,35",Germany,3.76,orca brau,6.2%,Sour - Smoothie / Pastry,330ml,"€ 13,18 per litre"
Ārpus x Nerdbrewing Coconut x Vanilla x Maple Imperial Stout,"€ 7,55",Latvia,3.88,Ārpus Brewing Co.,12%,Stout - Imperial / Double,Can 440ml,"€ 17,16 per litre"
Colombo Blond,"€ 3,39",Belgium,3.44,Rimor Brewery,6.4%,Belgian Blonde,330ml,"€ 10,27 per litre"
Tripel Kanunnik,"€ 2,65",Belgium,3.67,Brouwerij Wilderen,8.2%,Belgian Tripel,Bottle 330ml,"€ 8,03 per litre"
Dekoninck Oude Geuze,"€ 9,97",Belgium,3.76,Brouwerij Boon,7%,Lambic - Gueuze,Bottle 750ml,"€ 13,29 per litre"
Hefe Weisse 50cl Can,"€ 3,70",Germany,3.67,Paulaner Brauerei,4.9%,Wheat Beer - Hefeweizen,500ml,"€ 7,40 per litre"
Hop Session,"€ 3,11",Hungary,3.42,HORIZONT Brewing,4%,IPA - Session,330ml,"€ 9,42 per litre"
WOO,"€ 2,19",Austria,3.48,Brauhaus Bevog,0.3%,Non-Alcoholic - IPA,Can 330ml,"€ 6,64 per litre"
WILD#25 Riesling Mixed Fermentation Ale,"€ 9,10",Poland,3.98,Browar Stu Mostów,7.8%,Wild Ale - Other,Bottle 375ml,"€ 24,27 per litre"
Green Walnut,"€ 29,40",Belgium,3.85,Oud Beersel,6.5%,Lambic - Other,Bottle 750ml,"€ 39,20 per litre"
Wanderlust – Pale Ale,"€ 2,95",Germany,3.71,orca brau,5.4%,Pale Ale - American,330ml,"€ 8,94 per litre"
Alvinne / Rivington X Morpheus Sloe,"€ 17,95",Belgium,3.99,Brouwerij Alvinne,5%,Sour - Fruited,Bottle 750ml,"€ 23,93 per litre"
Acai Bowl,"€ 55,00",United States,4.20,Perennial Artisan Ales,12.5%,Stout - Imperial / Double Pastry,Bottle 750ml,"€ 73,33 per litre"
Ritual Barrel Aged Project,"€ 19,95",Italy,4.24,Ritual Lab,12.5%,Stout - Russian Imperial,330ml,"€ 60,45 per litre"
Jasper,"€ 16,69",United States,4.40,Fidens Brewing Co,8%,IPA - Imperial / Double,330ml,"€ 60,45 per litre"
Take A Second,"€ 16,69",United States,4.07,Fidens Brewing Co,7.2%,IPA - American,473ml,"€ 35,29 per litre"
Single & Wild Colon-Elle (2023),"€ 20,30",Belgium,3.90,Lambiek Fabriek,8%,Lambic - Gueuze,Bottle 750ml,"€ 27,07 per litre"
Dessert Station: Peach Rings,"€ 8,60",United States,4.04,Corporate Ladder Brewing Company,6.5%,Gluten-Free,473ml,"€ 18,18 per litre"
Portal To Hop Hell,"€ 19,99",Netherlands,3.73,Uiltje Brewing Company,9%,IPA - Brut,Can 440ml,"€ 45,43 per litre"
Regent Grapeale 2023,"€ 16,95",Germany,3.95,orca brau,6.5%,Grape Ale - Other,Bottle 750ml,"€ 22,60 per litre"
Carnival,"€ 15,99",Poland,3.96,Browar Birbant,19%,Freeze-Distilled Beer,330ml,"€ 48,45 per litre"
Pineapple Session Sour,"€ 5,06",Scotland,3.75,Vault City Brewing,4.1%,Sour - Fruited,Can 440ml,"€ 11,50 per litre"
F—! Vanilla (2023),"€ 27,95",United States,4.28,Transient Artisan Ales,12%,Stout - Imperial / Double Milk,500ml,"€ 55,90 per litre"
F—! Holiday Spice (2023),"€ 26,95",United States,4.08,Transient Artisan Ales,11.6%,Stout - Imperial / Double Milk,500ml,"€ 53,90 per litre"
Zi-Zu Lager,"€ 3,40",Lithuania,3.56,Sakiškės Brewery// Sakiškių Alus,4.7%,Lager - Other,Can 330ml,"€ 10,30 per litre"
Tender,"€ 3,50",Poland,3.40,Browar Kingpin,5.2%,IPA - New England / Hazy,Can 500ml,"€ 7,00 per litre"
Hammer Club,"€ 5,99",France,3.90,La Superbe,7%,IPA - American,Can 440ml,"€ 13,61 per litre"
Haze 'n Shine,"€ 3,90",Netherlands,3.48,Dutch Bargain,5.8%,IPA - White / Wheat,330ml,"€ 11,82 per litre"
Zeeuws Blond,"€ 3,20",Netherlands,3.45,Dutch Bargain,6.7%,Blonde / Golden Ale - Other,330ml,"€ 9,70 per litre"
Juicy Pale Ale,"€ 3,50",Netherlands,3.42,Liberty Craft Beer,5.5%,Pale Ale - Other,330ml,"€ 10,61 per litre"
Rijke Rogge Tripel,"€ 3,50",Netherlands,3.39,Liberty Craft Beer,8.5%,Belgian Tripel,330ml,"€ 10,61 per litre"
HOBOS Tripel,"€ 2,50",Belgium,3.42,Microbrouwerij Mølder & Coöp.,8.8%,Belgian Tripel,330ml,"€ 7,58 per litre"
HipHop Take My Brett,"€ 3,20",Belgium,3.09,De Keukenbrouwers,8%,IPA - Brett,330ml,"€ 9,70 per litre"
Funky Fluid / Browar Monster Master Blend  3,"€ 14,91",Poland,4.20,Funky Fluid,13.5%,Strong Ale - Other,330ml,"€ 45,18 per litre"
Insane In The Brain,"€ 5,36",Poland,3.69,Funky Fluid,6.2%,IPA - Other,500ml,"€ 10,72 per litre"
Straffe Hendrik Tripel,"€ 6,30",Belgium,3.76,Brouwerij De Halve Maan,9%,Belgian Tripel,330ml,"€ 19,09 per litre"
Kasteel Tripel,"€ 5,30",Belgium,3.63,Kasteel Brouwerij Vanhonsebrouck,11%,Belgian Tripel,330ml,"€ 16,06 per litre"
Funky Fluid / De Moersleutel Barrel Aged Royal Cookie: Tompouce,"€ 14,91",Poland,3.90,Funky Fluid,13%,Stout - Imperial / Double Pastry,330ml,"€ 45,18 per litre"
The Otter,"€ 3,75",Netherlands,3.47,De Kromme Haring,4.8%,Pale Ale - American,330ml,"€ 11,36 per litre"
King Mule IPA,"€ 2,10",Belgium,3.25,Brouwerij Cornelissen,5.7%,IPA - Belgian,330ml,"€ 6,36 per litre"
Geuze Mariage Parfait,"€ 8,29",Belgium,3.79,Brouwerij Boon,8%,Lambic - Gueuze,Bottle 375ml,"€ 22,11 per litre"
Hopnytized New England IPA,"€ 4,19",Belgium,3.63,Enigma,8%,IPA - New England / Hazy,330ml,"€ 12,70 per litre"
El Dorado Triple IPA,"€ 4,19",Belgium,3.60,Enigma,10%,IPA - Triple,330ml,"€ 12,70 per litre"
Tierig,"€ 3,40",Netherlands,3.38,Brouwerij Eembier,6.5%,IPA - Other,330ml,"€ 10,30 per litre"
Dragon's Milk BBA,"€ 9,95",United States,4.05,New Holland Brewing,11%,Stout - Imperial / Double,355ml,"€ 28,03 per litre"
Dragon's Milk Reserve: Coffee Chocolate (2024),"€ 9,95",United States,4.15,New Holland Brewing,11%,Stout - Imperial / Double,355ml,"€ 28,03 per litre"
De Moersleutel Toffee Bricklayer,"€ 7,25",Netherlands,4.11,Moersleutel Craft Brewery,12%,Stout - Imperial / Double Pastry,Can 440ml,"€ 16,48 per litre"
De Moersleutel Coconut Wrecking Ball,"€ 7,25",Netherlands,4.09,Moersleutel Craft Brewery,11%,Stout - Imperial / Double Pastry,Can 440ml,"€ 16,48 per litre"
De Molen Balcones Edition 2024 Imperial Stout,"€ 6,50",Netherlands,3.92,Brouwerij de Molen,11.7%,Stout - Imperial / Double,330ml,"€ 19,70 per litre"
Big Eagle,"€ 5,50",England,3.63,Brew York,6.4%,IPA - American,Can 440ml,"€ 12,50 per litre"
Daisy,"€ 5,95",Netherlands,3.60,Rock City Brewing,6.5%,Lager - IPL (India Pale Lager),Can 440ml,"€ 13,52 per litre"
Zeerover,"€ 4,50",Netherlands,3.55,Brouwerij Homeland,6.8%,IPA - Fruited,330ml,"€ 13,64 per litre"
Elemental,"€ 4,95",Scotland,3.52,Tempest Brewing Co.,4.1%,Porter - English,Can 440ml,"€ 11,25 per litre"
Tesselaar Strandstruner,"€ 3,25",Netherlands,3.47,Tesselaar Familiebrouwerij Diks,5.5%,Wheat Beer - Other,330ml,"€ 9,85 per litre"
Happy Demons Weizen Demons,"€ 3,60",Netherlands,3.32,Happy Demons Craft Beer,5.5%,Wheat Beer - Hefeweizen,330ml,"€ 10,91 per litre"
Double Port,"€ 2,60",Belgium,3.52,Brouwerij Broeder Jacob,9%,Belgian Strong Dark Ale,330ml,"€ 7,88 per litre"
Mass Shadow,"€ 6,79",United States,4.02,Drekker Brewing Company,7%,IPA - New England / Hazy,473ml,"€ 14,36 per litre"
888 Tripel Eight,"€ 2,45",Belgium,3.61,Belgian Beer Experts,8.88%,Belgian Tripel,330ml,"€ 7,42 per litre"
Delirium Blond 2023 Edition,"€ 23,00",Belgium,4.18,Delirium - Huyghe Brewery,11.5%,Belgian Strong Golden Ale,Bottle 750ml,"€ 30,67 per litre"
Knickerbocker,"€ 9,40",England,3.72,UnBarred Brewery,6.8%,Pale Ale - Milkshake,Can 440ml,"€ 21,36 per litre"
Barrel Aged Royal Cookie: Tompouce,"€ 13,49",Poland,3.90,Funky Fluid,13%,Stout - Imperial / Double Pastry,330ml,"€ 40,88 per litre"
FAITH & PEACH // FRUITED HAZY PALE ALE,"€ 3,39",England,3.63,Northern Monk,4.5%,Pale Ale - Fruited,330ml,"€ 10,27 per litre"
HIGGS,"€ 5,43",France,3.98,La Superbe,6.4%,IPA - New England / Hazy,Can 440ml,"€ 12,34 per litre"
HAMMER CLUB,"€ 5,99",France,3.90,La Superbe,7%,IPA - American,Can 440ml,"€ 13,61 per litre"
Quadrupel,"€ 3,39",Netherlands,3.68,Brouwerij De Beyerd,10%,Belgian Quadrupel,330ml,"€ 10,27 per litre"
Beyerd Speciaal Tripel,"€ 3,25",Netherlands,3.59,Brouwerij De Beyerd,8%,Belgian Tripel,330ml,"€ 9,85 per litre"
Beyerd Double IPA,"€ 3,39",Netherlands,3.54,Brouwerij De Beyerd,7.5%,IPA - Imperial / Double,330ml,"€ 10,27 per litre"
Beyerd Speciaal Blond,"€ 2,49",Netherlands,3.45,Brouwerij De Beyerd,6.9%,Blonde / Golden Ale - Other,330ml,"€ 7,55 per litre"
Beyerd Hefe Weisse,"€ 2,65",Netherlands,3.44,Brouwerij De Beyerd,5.5%,Wheat Beer - Hefeweizen,330ml,"€ 8,03 per litre"
Gueuze,"€ 12,00",Belgium,4.24,Brasserie Cantillon,5.5%,Lambic - Gueuze,Bottle 750ml,"€ 16,00 per litre"
Three Little Birds,"€ 3,60",Netherlands,3.56,Brouwerij Fusie,8.1%,Belgian Tripel,330ml,"€ 10,91 per litre"
Sunstead: White Peach 2023,"€ 28,95",Denmark,4.29,Insight Cellars,6.3%,Wild Ale - Other,Bottle 750ml,"€ 38,60 per litre"
Rhineland Harmonie 2021,"€ 28,95",Denmark,4.19,Insight Cellars,8.5%,Wild Ale - Other,Bottle 750ml,"€ 38,60 per litre"
Verzet Oud Bruin Double Wood,"€ 4,07",Belgium,3.59,Brouwerij 't Verzet,6.9%,Sour - Flanders Oud Bruin,330ml,"€ 12,33 per litre"
Imperial Brown Stout London 1856,"€ 6,40",England,4.06,The Kernel Brewery,9.5%,Stout - Russian Imperial,Bottle 330ml,"€ 19,39 per litre"
Sump Coffee Stout 2024,"€ 13,20",United States,4.29,Perennial Artisan Ales,11.5%,Stout - Imperial / Double Coffee,473ml,"€ 27,91 per litre"
F—- Vanilla 2023,"€ 33,50",United States,4.28,Transient Artisan Ales,12%,Stout - Imperial / Double Milk,500ml,"€ 67,00 per litre"
Double Bourbon Barrel Neckbeard Nectar 2023,"€ 33,90",United States,4.27,Transient Artisan Ales,14%,Stout - Imperial / Double,500ml,"€ 67,80 per litre"
Manticore – Zombie,"€ 12,90",United States,4.27,Mortalis Brewing Company,6%,Sour - Smoothie / Pastry,473ml,"€ 27,27 per litre"
Tiki Sour: Pina Colada,"€ 9,50",United States,4.26,Corporate Ladder Brewing Company,8.5%,Gluten-Free,473ml,"€ 20,08 per litre"
Adila,"€ 37,50",Latvia,4.24,Ārpus Brewing Co.,14%,Stout - Imperial / Double,500ml,"€ 75,00 per litre"
Onement,"€ 24,70",United States,4.24,Grimm Artisanal Ales,12%,Stout - Imperial / Double,500ml,"€ 49,40 per litre"
Sump Coffee Stout Vanilla Latte 2024,"€ 13,20",United States,4.22,Perennial Artisan Ales,11.5%,Stout - Imperial / Double Coffee,500ml,"€ 49,40 per litre"
Produce Juice,"€ 9,90",United States,4.19,DankHouse Brewing Company,6%,Sour - Fruited,473ml,"€ 20,93 per litre"
Humble Bumble v7,"€ 7,20",United States,4.18,Humble Forager Brewery,5%,Hard Seltzer,355ml,"€ 20,28 per litre"
Enchanted Island v1 Painkiller,"€ 9,30",United States,4.18,Humble Forager Brewery,9%,Sour - Fruited,355ml,"€ 26,20 per litre"
F—- Holiday Spice 2023,"€ 33,50",United States,4.08,Transient Artisan Ales,11.6%,Stout - Imperial / Double Milk,500ml,"€ 67,00 per litre"
Dessert Station: Peach Rings,"€ 7,90",United States,4.04,Corporate Ladder Brewing Company,6.5%,Gluten-Free,473ml,"€ 16,70 per litre"
Dolores,"€ 7,90",United States,3.82,Living Häus Beer Company,4.8%,Pilsner - Other,473ml,"€ 16,70 per litre"
Benjelz,"€ 7,50",United States,3.74,The Veil Brewing Co.,5.6%,Farmhouse Ale - Saison,473ml,"€ 15,86 per litre"
St Lamvinus 2023,"€ 35,00",Belgium,4.42,Brasserie Cantillon,5%,Lambic - Fruit,Bottle 750ml,"€ 46,67 per litre"
Sang Bleu 2024,"€ 35,00",Belgium,4.25,Brasserie Cantillon,6%,Lambic - Fruit,Bottle 750ml,"€ 46,67 per litre"
Metal Witch,"€ 29,50",United States,4.24,Tired Hands Brewing Company,7%,Farmhouse Ale - Saison,Bottle 750ml,"€ 39,33 per litre"
Rêve Coffee Stout,"€ 9,20",United States,4.21,Parish Brewing Co.,6.8%,Stout - Coffee,355ml,"€ 25,92 per litre"
Sticky Drippy Crystals Batch 12,"€ 28,50",United States,4.18,Tired Hands Brewing Company,6.5%,Farmhouse Ale - Saison,Bottle 750ml,"€ 38,00 per litre"
Green-ish,"€ 15,95",United States,4.13,Tree House Brewing Company,5.4%,Pale Ale - American,Bottle 750ml,"€ 38,00 per litre"
Kasteel Rouge,"€ 1,84",Belgium,3.58,Kasteel Brouwerij Vanhonsebrouck,8%,Fruit Beer,Can 250ml,"€ 7,36 per litre"
Insight Cellars / Bofkont / Tommie Sjef Congruity: Moscatel,"€ 46,55",Denmark,4.20,Insight Cellars,8.3%,Wild Ale - Other,Bottle 750ml,"€ 62,07 per litre"
The Goodle Days,"€ 4,82",Denmark,3.60,Copenhagen Commons,6%,Pale Ale - American,Can 440ml,"€ 10,95 per litre"
CopenPils,"€ 4,78",Denmark,3.54,Copenhagen Commons,5%,Pilsner - German,Can 440ml,"€ 10,86 per litre"
Common House Copper,"€ 4,57",Denmark,3.40,Copenhagen Commons,5%,Bitter - Extra Special / Strong (ESB),Can 440ml,"€ 10,39 per litre"
Wild Zealand,"€ 3,97",Denmark,3.39,Copenhagen Commons,5.9%,Pale Ale - Other,330ml,"€ 12,03 per litre"
Life Without Music,"€ 12,95",United States,4.04,Tree House Brewing Company,5.3%,Rauchbier,330ml,"€ 12,03 per litre"
Liquid Desserts 30,"€ 6,99",Netherlands,4.09,Big Belly Brewing Company,12%,Stout - Imperial / Double Pastry,330ml,"€ 21,18 per litre"
Virmalised X,"€ 8,49",Estonia,3.72,Põhjala,8%,IPA - Imperial / Double,Can 440ml,"€ 19,30 per litre"
Pirniraks,"€ 5,69",Estonia,3.30,Põhjala,3.8%,Sour - Fruited,330ml,"€ 17,24 per litre"
"Oh, Danny Boy","€ 15,95",United States,4.01,Tree House Brewing Company,4.7%,Stout - Irish Dry,330ml,"€ 17,24 per litre"
Bear (With A Hint of Honey),"€ 14,95",United States,3.92,Tree House Brewing Company,6.4%,Brown Ale - Imperial / Double,330ml,"€ 17,24 per litre"
Slow Jig Marshmallow Stout,"€ 16,95",United States,4.18,Tree House Brewing Company,7.2%,Stout - Milk / Sweet,330ml,"€ 17,24 per litre"
Warm Your Bones,"€ 12,95",United States,3.89,Tree House Brewing Company,5.6%,Winter Warmer,330ml,"€ 17,24 per litre"
Toutsnav,"€ 3,99",Sweden,3.96,Brewski,11%,Stout - Russian Imperial,330ml,"€ 12,09 per litre"
Toffee Bricklayer,"€ 6,75",Netherlands,4.11,Moersleutel Craft Brewery,12%,Stout - Imperial / Double Pastry,Can 440ml,"€ 15,34 per litre"
Coconut Wrecking Ball,"€ 6,75",Netherlands,4.09,Moersleutel Craft Brewery,11%,Stout - Imperial / Double Pastry,Can 440ml,"€ 15,34 per litre"
CYCT: Inertia,"€ 5,25",Netherlands,3.72,Moersleutel Craft Brewery,6%,IPA - New England / Hazy,Can 440ml,"€ 11,93 per litre"
Project Barrel Aged Coconut ICE RIS Rum Barrel Aged,"€ 14,99",Poland,4.12,Maryensztadt,15.1%,Freeze-Distilled Beer,500ml,"€ 29,98 per litre"
Berry Popper Sour Ale,"€ 6,69",Germany,3.76,Yankee & Kraut,5.2%,Sour - Fruited,Can 440ml,"€ 15,20 per litre"
Alman's Weisse,"€ 3,99",Germany,3.67,Yankee & Kraut,5.5%,Wheat Beer - Hefeweizen,Can 440ml,"€ 9,07 per litre"
Alman's Pils,"€ 4,19",Germany,3.51,Yankee & Kraut,4.9%,Pilsner - German,Can 440ml,"€ 9,52 per litre"
Oude Geuze Cuvée Armand & Gaston Magnum,"€ 49,08",Belgium,4.32,Brouwerij 3 Fonteinen,5.5%,Lambic - Gueuze,Bottle 1500ml,"€ 32,72 per litre"
Platinum Blend,"€ 14,74",Belgium,4.28,Brouwerij 3 Fonteinen,6.9%,Lambic - Gueuze,Bottle 375ml,"€ 39,31 per litre"
Platinum Blend Magnum,"€ 57,93",Belgium,4.20,Brouwerij 3 Fonteinen,6.7%,Lambic - Gueuze,Bottle 1500ml,"€ 38,62 per litre"
Zwickerla Hell,"€ 1,90",Germany,3.49,Brauerei Kundmüller,4.9%,Kellerbier / Zwickelbier,500ml,"€ 3,80 per litre"
Reverberant (Rye Barrel),"€ 179,95",United States,4.50,Side Project Brewing,15%,Barleywine - English,500ml,"€ 3,80 per litre"
ÖÖ Imperial Baltic Porter,"€ 4,35",Estonia,3.93,Põhjala,10.5%,Porter - Imperial / Double Baltic,330ml,"€ 13,18 per litre"
Leviathan – Barrel Aged Weizenwein,"€ 7,45",Spain,3.64,La Calavera,12.9%,Wheat Beer - Wheat Wine,Bottle 375ml,"€ 19,87 per litre"
Berliner Weisse,"€ 2,40",Belgium,3.55,Brasserie de la Mule,3.5%,Sour - Berliner Weisse,330ml,"€ 7,27 per litre"
Oppaque – CSC – Cashmere Strata Citra,"€ 8,49",United States,4.04,Juicy Brewing Co,8%,IPA - Imperial / Double New England / Hazy,330ml,"€ 7,27 per litre"
BA Unwritten Rules,"€ 34,95",Brazil,4.38,Spartacus Brewing,15%,Stout - Imperial / Double,Bottle 375ml,"€ 93,20 per litre"
"Berry Hills  -  37,5cl","€ 9,10",Italy,4.01,Siemàn,5.9%,Sour - Fruited,Bottle 375ml,"€ 24,27 per litre"
Das Schwarze,"€ 7,20",Italy,3.97,Brasseria Della Fonte,5.4%,Schwarzbier,500ml,"€ 14,40 per litre"
Barrel Aged Lumberjack Style (Black Wax),"€ 119,99",United States,4.41,Timber Ales,13.6%,Stout - Imperial / Double,500ml,"€ 14,40 per litre"
Barrel Aged Among Monsters (Red Metallic Wax),"€ 119,99",United States,4.41,Timber Ales,13.6%,Stout - Imperial / Double,500ml,"€ 14,40 per litre"
Damon Riserva Two,"€ 179,99",United States,4.46,Hill Farmstead Brewery,10.5%,Stout - Imperial / Double,500ml,"€ 14,40 per litre"
Damon Riserva One,"€ 179,99",United States,4.38,Hill Farmstead Brewery,10.5%,Stout - Imperial / Double,500ml,"€ 14,40 per litre"
Barrel-aged Among Monsters (Burgundy Wax),"€ 119,99",United States,4.41,Timber Ales,13.5%,Stout - Imperial / Double,500ml,"€ 14,40 per litre"
The Void Absolved,"€ 77,95",United States,4.36,Newgrass Brewing Co.,13.4%,Barleywine - English,500ml,"€ 14,40 per litre"
"The Void Absolved - Congolese Vanilla Bean, Cassia Bark, Toffee Syrup","€ 77,95",United States,4.35,Newgrass Brewing Co.,13.4%,Barleywine - Other,,
Biére De Miel Bio,"€ 2,95",Belgium,3.47,Brasserie Dupont,8%,Honey Beer,Bottle 375ml,"€ 7,87 per litre"
'n Diquen Hoppy Blonde,"€ 3,60",Netherlands,3.43,Fightstreet Brewery,6.8%,Belgian Blonde,330ml,"€ 10,91 per litre"
Table Nouveau (2023),"€ 13,99",United States,3.78,Shared,4%,Table Beer,330ml,"€ 10,91 per litre"
Gonic Proper,"€ 6,29",United States,3.75,Back Hill Beer Company,5.5%,Lager - American,330ml,"€ 10,91 per litre"
Pickering Pils,"€ 6,29",United States,3.72,Back Hill Beer Company,5.5%,Pilsner - Other,330ml,"€ 10,91 per litre"
Single Stack,"€ 8,49",United States,4.13,Great Notion Brewing,7.9%,Stout - Coffee,330ml,"€ 10,91 per litre"
Dune,"€ 8,19",United States,4.06,Great Notion Brewing,7.2%,IPA - New England / Hazy,330ml,"€ 10,91 per litre"
High Desert,"€ 4,49",Sweden,3.62,Omnipollo,6%,IPA - American,330ml,"€ 13,61 per litre"
Chocoporter,"€ 3,50",Netherlands,3.22,Rock City Brewing,4.5%,Porter - Coffee,330ml,"€ 10,61 per litre"
Waking Fantasy,"€ 4,99",Estonia,3.96,Pühaste Brewery,12%,Stout - Imperial / Double,330ml,"€ 15,12 per litre"
Greco Imperial Stout,"€ 13,30",England,4.19,Buxton Brewery,14%,Stout - Imperial / Double,330ml,"€ 40,30 per litre"
Moher Mocha,"€ 39,95",United States,4.36,Tree House Brewing Company,12%,Stout - Imperial / Double Coffee,330ml,"€ 40,30 per litre"
Barrel Aged Project: Ice Imperial Stout Rum BA - Banana Split,"€ 20,50",Poland,4.21,Maryensztadt,15.5%,Freeze-Distilled Beer,Can 440ml,"€ 46,59 per litre"
Aged & Blend - Ice Brett Ale + Ice Brett Baltic Porter,"€ 19,25",Poland,4.14,Maryensztadt,17.5%,Freeze-Distilled Beer,Can 440ml,"€ 43,75 per litre"
Viti Vini Vici #11,"€ 22,50",Canada,4.11,Brasserie Dunham,5.5%,Farmhouse Ale - Saison,Bottle 750ml,"€ 30,00 per litre"
Has Been Réserve,"€ 23,00",Canada,3.99,Brasserie Dunham,6.5%,Farmhouse Ale - Saison,Bottle 750ml,"€ 30,67 per litre"
Zichovec x Sudden Death Winter Affair Gossip,"€ 8,40",Czech Republic,3.92,Rodinný Pivovar Zichovec,6%,Sour - Fruited,Can 500ml,"€ 16,80 per litre"
Hold On To Sunshine,"€ 22,50",United States,4.43,Tree House Brewing Company,7.6%,Stout - Milk / Sweet,473ml,"€ 47,57 per litre"
Carnival,"€ 16,95",Poland,3.96,Browar Birbant,19%,Freeze-Distilled Beer,330ml,"€ 51,36 per litre"
Brighter Later,"€ 6,60",England,3.64,Good Chemistry Brewing,5.5%,Pale Ale - Other,Can 440ml,"€ 15,00 per litre"
Aged & Blend - Ice Brett Ale Ice Brett Baltic Porter,"€ 19,95",Poland,4.14,Maryensztadt,17.5%,Freeze-Distilled Beer,Can 440ml,"€ 45,34 per litre"
Forsaken Vines,"€ 8,70",Scotland,3.93,Holy Goat Brewing,6.5%,Sour - Fruited,Bottle 375ml,"€ 23,20 per litre"
Spectral Eclipse,"€ 9,00",Scotland,3.93,Holy Goat Brewing,6%,IPA - Sour,Bottle 375ml,"€ 24,00 per litre"
Oak Aged Bourbon Doppelbock,"€ 8,95",Germany,3.71,Camba Bavaria,10.5%,Bock - Doppelbock,Bottle 250ml,"€ 35,80 per litre"
Weizen,"€ 2,95",Germany,3.55,"Schlenkerla (""Heller-Bräu"" Trum)",5.2%,Rauchbier,500ml,"€ 5,90 per litre"
Koel & Krachtig Cold IPA,"€ 3,00",Netherlands,3.50,Brouwerij de Molen,7.1%,IPA - Cold,Can 330ml,"€ 9,09 per litre"
Moeder Overste Tripel Beugel,"€ 3,25",Belgium,3.48,Brasserie Lefebvre,8%,Belgian Tripel,330ml,"€ 9,85 per litre"
Mellow Moods Hazy Mango IPA,"€ 9,89",Norway,3.58,Amundsen Brewery,6%,IPA - Fruited,Can 440ml,"€ 22,48 per litre"
Schönramer Lager Hell,"€ 2,69",Germany,3.58,Private Landbrauerei Schönram,5%,Lager - Helles,500ml,"€ 5,38 per litre"
Aldersbacher Urhell,"€ 2,19",Germany,3.45,Brauerei Aldersbach,5.1%,Lager - Helles,500ml,"€ 4,38 per litre"
Rio De Pastore Tropical Soda Sour,"€ 8,00",England,3.88,Pastore Brewing and Blending,6%,Sour - Fruited,Can 440ml,"€ 18,18 per litre"
Boer Bloem,"€ 3,14",Belgium,3.03,De Proefbrouwerij,0.3%,Non-Alcoholic - Other,330ml,"€ 9,52 per litre"
Prima Guardia,"€ 9,10",Italy,4.16,Eastside Brewing,11%,Stout - Imperial / Double Coffee,Can 440ml,"€ 20,68 per litre"
Sleazy Way - 75cl,"€ 11,60",Italy,3.96,Eastside Brewing,6.6%,Stout - Russian Imperial,Bottle 750ml,"€ 15,47 per litre"
Wild Rover,"€ 4,80",Italy,3.71,Eastside Brewing,4.3%,Stout - Irish Dry,Can 440ml,"€ 10,91 per litre"
Another Sunset - 75cl,"€ 10,50",Italy,3.70,Eastside Brewing,6.6%,Grape Ale - Other,Bottle 750ml,"€ 14,00 per litre"
Framboesa Atando,"€ 132,99",United States,4.62,Superstition Meadery,13.5%,Mead - Other,Bottle 750ml,"€ 14,00 per litre"
Black Berry White,"€ 99,99",United States,4.61,Superstition Meadery,13.5%,Mead - Melomel,500ml,"€ 199,98 per litre"
Berry White,"€ 99,99",United States,4.57,Superstition Meadery,13.5%,Mead - Other,500ml,"€ 199,98 per litre"
Blue Berry White,"€ 99,99",United States,4.57,Superstition Meadery,13.5%,Mead - Other,500ml,"€ 199,98 per litre"
Straw Berry White,"€ 99,99",United States,4.56,Superstition Meadery,13.5%,Mead - Other,500ml,"€ 199,98 per litre"
Pistachio Grand Cru Berry,"€ 69,99",United States,4.48,Superstition Meadery,12%,Mead - Other,500ml,"€ 199,98 per litre"
Endovelicus,"€ 132,99",United States,4.48,Superstition Meadery,13%,Mead - Melomel,500ml,"€ 199,98 per litre"
Orange Chocolate Strawberry Sunrise,"€ 49,99",United States,4.30,Superstition Meadery,13%,Mead - Melomel,500ml,"€ 199,98 per litre"
Marion,"€ 57,49",United States,4.28,Superstition Meadery,13.5%,Mead - Melomel,Bottle 750ml,"€ 76,65 per litre"
Barrel Aged Coconut Amante,"€ 49,99",United States,4.27,Superstition Meadery,14.5%,Mead - Other,Bottle 375ml,"€ 133,31 per litre"
Blackberry Hex,"€ 56,49",United States,4.26,Superstition Meadery,13%,Mead - Melomel,Bottle 750ml,"€ 75,32 per litre"
Piña Colada White,"€ 99,99",United States,4.23,Superstition Meadery,13.5%,Mead - Other,Bottle 750ml,"€ 75,32 per litre"
Blueberry Hex,"€ 57,49",United States,4.23,Superstition Meadery,14%,Mead - Melomel,Bottle 750ml,"€ 76,65 per litre"
Blueberry Spaceship Box,"€ 32,49",United States,4.22,Superstition Meadery,5.5%,Cider - Other Fruit,Bottle 750ml,"€ 43,32 per litre"
Aphrodisia Barrel Aged Vestalia,"€ 49,99",United States,4.19,Superstition Meadery,12.5%,Mead - Pyment,Bottle 750ml,"€ 43,32 per litre"
Bourbon Barrel Aged Amante,"€ 49,99",United States,4.19,Superstition Meadery,13%,Mead - Other,Bottle 375ml,"€ 133,31 per litre"
Hera's Orchard Barrel Aged Super Bee,"€ 37,49",United States,4.16,Superstition Meadery,13.5%,Mead - Traditional,Bottle 375ml,"€ 133,31 per litre"
Stone Fruit White,"€ 99,99",United States,4.16,Superstition Meadery,13.5%,Mead - Other,Bottle 375ml,"€ 133,31 per litre"
Peanut Butter Jelly Crime,"€ 57,49",United States,4.15,Superstition Meadery,13%,Mead - Melomel,Bottle 750ml,"€ 76,65 per litre"
Vermouth Barrel Aged Aphrodisia,"€ 37,49",United States,4.13,Superstition Meadery,13%,Mead - Pyment,Bottle 750ml,"€ 76,65 per litre"
Early Glow,"€ 49,99",United States,4.12,Superstition Meadery,13.5%,Mead - Other,Bottle 750ml,"€ 76,65 per litre"
Beelini,"€ 3,99",United States,3.83,Superstition Meadery,6%,Mead - Session / Short,Bottle 750ml,"€ 76,65 per litre"
Fresh & Spiky,"€ 2,90",Netherlands,3.51,Brouwerij Kees,6.2%,IPA - American,330ml,"€ 8,79 per litre"
BA23.03 (St. Philips Barrel Society & Club),"€ 4,79",Netherlands,4.03,Baxbier,11.2%,Stout - Imperial / Double Pastry,330ml,"€ 14,52 per litre"
Whisky Cerberus,"€ 29,99",England,4.31,Tartarus Beers,15%,Stout - Imperial / Double,Bottle 750ml,"€ 39,99 per litre"
DDH Hops x Art #22,"€ 5,55",Latvia,3.91,Ārpus Brewing Co.,6.5%,IPA - New England / Hazy,Can 440ml,"€ 12,61 per litre"
Acai Bowl,"€ 52,95",United States,4.20,Perennial Artisan Ales,12.5%,Stout - Imperial / Double Pastry,Bottle 750ml,"€ 70,60 per litre"
Slow Churning (2024),"€ 41,95",United States,4.34,Millpond Brewing,11.5%,Stout - Imperial / Double,500ml,"€ 83,90 per litre"
Dragon's Milk Reserve: Coffee Chocolate (2024),"€ 9,65",United States,4.15,New Holland Brewing,11%,Stout - Imperial / Double,355ml,"€ 27,18 per litre"
District Heights,"€ 8,75",United States,4.23,District 96 Beer Factory,8%,IPA - Imperial / Double New England / Hazy,473ml,"€ 18,50 per litre"
Boerenerf Framboos,"€ 16,52",Belgium,4.19,Het Boerenerf Eylenbosch,7%,Lambic - Framboise,Bottle 750ml,"€ 22,03 per litre"
Be Careful,"€ 3,90",Netherlands,3.74,Brouwerij Eembier/ Browar Nepomucen,6.7%,Sour - Fruited,Bottle 500ml,"€ 7,80 per litre"
La Goudale Grand Cru Millésime '24,"€ 8,25",France,3.62,Brasserie Goudale - Les Brasseurs de Gayant,7.9%,Farmhouse Ale - Bière de Garde,Bottle 750ml,"€ 11,00 per litre"
Brouwers Van Wanssum De Witte Van Wanssum,"€ 3,75",Netherlands,3.50,De Brouwers van Wanssum,6%,Wheat Beer - Witbier / Blanche,330ml,"€ 11,36 per litre"
Avec Les Bons Vœux,"€ 5,29",Belgium,3.80,Brasserie Dupont,9.5%,Farmhouse Ale - Saison,Bottle 375ml,"€ 14,11 per litre"
"The Garden / FF / Hercules / Willibald Imp. Coconut, Maple Syrup & Cacao Stout","€ 5,12",Croatia,3.90,The Garden Brewery,8.2%,Stout - Imperial / Double,Can 440ml,"€ 11,64 per litre"
"The Garden / La Pirata Imperial Chocolate, Carob & Blackberry Stout","€ 5,12",Croatia,3.82,The Garden Brewery,8.9%,Stout - Imperial / Double Pastry,Can 440ml,"€ 11,64 per litre"
"The Garden / Fausto Imperial Florida Weisse Mango, Lime & Raspberry","€ 5,12",Croatia,3.73,The Garden Brewery,7.3%,Sour - Berliner Weisse,Can 440ml,"€ 11,64 per litre"
The Garden / Espiga Imperial Speculoos Stout,"€ 5,12",Croatia,3.68,The Garden Brewery,7.1%,Stout - Imperial / Double,Can 440ml,"€ 11,64 per litre"
The Garden Citrus IPA,"€ 3,39",Croatia,3.61,The Garden Brewery,7.2%,IPA - Fruited,330ml,"€ 10,27 per litre"
The Garden / Vetra Apricot & Lime Sour,"€ 4,85",Croatia,3.56,The Garden Brewery,5.2%,Sour - Fruited,Can 440ml,"€ 11,02 per litre"
Oude Geuze Boon Black Label Edition No. 9,"€ 10,95",Belgium,3.79,Brouwerij Boon,7%,Lambic - Gueuze,Bottle 750ml,"€ 14,60 per litre"
Suggestion Der Immersion – Tawny Port Barrel Aged Barley Wine,"€ 13,95",Germany,4.18,Atelier der Braukünste,11.9%,Barleywine - Other,Can 440ml,"€ 31,70 per litre"
Wardrobe Malfunction – 29 Months Towny Port Barrel Aged Imperial Red Ale,"€ 13,95",Germany,4.17,Atelier der Braukünste,10.3%,Red Ale - Imperial / Double,Can 440ml,"€ 31,70 per litre"
Tired Hands A Deal With the Devil (Red - Bourbon),"€ 72,95",United States,4.54,Tired Hands Brewing Company,17%,Barleywine - American,Bottle 375ml,"€ 194,53 per litre"
Tired Hands A Deal With the Devil (Orange - Bourbon & Rum),"€ 87,50",United States,4.46,Tired Hands Brewing Company,17%,Barleywine - English,Bottle 375ml,"€ 233,33 per litre"
Veiled,"€ 51,50",United States,4.39,Millpond Brewing,12%,Stout - Imperial / Double,500ml,"€ 103,00 per litre"
Tired Hands A Deal With the Devil (Green - Rum),"€ 72,95",United States,4.38,Tired Hands Brewing Company,17%,Barleywine - English,Bottle 375ml,"€ 194,53 per litre"
Acai Bowl,"€ 66,50",United States,4.20,Perennial Artisan Ales,12.5%,Stout - Imperial / Double Pastry,Bottle 750ml,"€ 88,67 per litre"
Baladin XYAUYU FUME 2018,"€ 37,95",Italy,4.37,BIRRIFICIO AGRICOLO BALADIN - Baladin Indipendente Italian Farm Brewery,13.8%,Barleywine - Other,500ml,"€ 75,90 per litre"
Atelier Vrai Suggestion Der Immersion BA Barley Wine,"€ 13,99",Germany,4.18,Atelier der Braukünste,11.9%,Barleywine - Other,Can 440ml,"€ 31,80 per litre"
Atelier Vrai Wardrobe Malfunction BA Imperial Red Ale,"€ 13,99",Germany,3.98,Atelier der Braukünste,7.3%,IPA - New England / Hazy,Can 440ml,"€ 31,80 per litre"
Reflections - 10 Year,"€ 39,99",United States,4.23,Side Project Brewing,5%,Wild Ale - American,Bottle 375ml,"€ 106,64 per litre"
ANTWERP Buffalo Trace Bourbon Barrel Aged (2021),"€ 7,90",Belgium,4.20,Galea Craft Beers,14%,Stout - Russian Imperial,330ml,"€ 23,94 per litre"
ANTWERP Brandy Vanilla,"€ 7,90",Belgium,4.13,Galea Craft Beers,14%,Stout - Russian Imperial,330ml,"€ 23,94 per litre"
Black Nordic Skies Imperial Coffee Stout x Modern Times,"€ 8,60",Denmark,3.92,Amager Bryghus/ Modern Times Beer,10%,Stout - Imperial / Double,Can 440ml,"€ 19,55 per litre"
Delicious Citrus IPA,"€ 3,50",United States,3.70,Stone Brewing,7.7%,IPA - American,355ml,"€ 9,86 per litre"
Landbier,"€ 2,50",Germany,3.48,orca brau,5.1%,Lager - Helles,330ml,"€ 7,58 per litre"
Steelyard,"€ 3,29",Germany,3.52,Buddelship Brauerei,5.6%,Pale Ale - English,330ml,"€ 9,97 per litre"
Giesinger Feines Pilschen,"€ 1,49",Germany,3.48,Giesinger Bräu,5.5%,Pilsner - German,330ml,"€ 4,52 per litre"
Giesinger Radler,"€ 2,39",Germany,3.39,Giesinger Bräu,2.7%,Shandy / Radler,500ml,"€ 4,78 per litre"
Moinette Biologique,"€ 3,99",Belgium,3.61,Brasserie Dupont,7.5%,Farmhouse Ale - Saison,330ml,"€ 12,09 per litre"
Blanche de Bruges,"€ 3,19",Belgium,3.39,Brouwerij De Halve Maan,5%,Wheat Beer - Witbier / Blanche,Bottle 250ml,"€ 12,76 per litre"
Weltenburger Kloster Helle Weisse,"€ 2,95",Germany,3.57,Klosterbrauerei Weltenburg,5.4%,Wheat Beer - Hefeweizen,500ml,"€ 5,90 per litre"
Druif Spätburgunder (21|22) Blend #50 Fruited Lambic 75cl,"€ 40,10",Belgium,4.21,Brouwerij 3 Fonteinen,7.9%,Lambic - Fruit,Bottle 750ml,"€ 53,47 per litre"
Druif Riesling (21|22) Blend #50 Fruited Lambic 75cl,"€ 40,10",Belgium,4.20,Brouwerij 3 Fonteinen,8.1%,Lambic - Fruit,Bottle 750ml,"€ 53,47 per litre"
Kweepeer (21|22) Blend #51 Fruited Lambic 75cl.,"€ 30,80",Belgium,4.12,Brouwerij 3 Fonteinen,5.9%,Lambic - Fruit,Bottle 750ml,"€ 41,07 per litre"
Juicy & Wild - Pluri-Elle,"€ 13,95",Belgium,3.96,Lambiek Fabriek,6.1%,Lambic - Fruit,Bottle 750ml,"€ 18,60 per litre"
Juicy & Wild Blue-Belle,"€ 15,79",Belgium,3.94,Lambiek Fabriek,8%,Lambic - Fruit,Bottle 750ml,"€ 21,05 per litre"
Oude Gueuze Brett-Elle,"€ 27,85",Belgium,3.87,Lambiek Fabriek,5.5%,Lambic - Gueuze,Bottle 1500ml,"€ 18,57 per litre"
Pangæa Dryhopped Wild Ale,"€ 9,70",Denmark,3.90,Observatoriet,6.4%,Wild Ale - Other,Bottle 375ml,"€ 25,87 per litre"
Unwritten Rules,"€ 32,00",Brazil,4.37,Spartacus Brewing,10%,Stout - Imperial / Double Pastry,Bottle 375ml,"€ 85,33 per litre"
Grisette D'Épeautre Glacier,"€ 20,60",Canada,4.28,Robin - Bière Naturelle,4.8%,Farmhouse Ale - Grisette,Bottle 750ml,"€ 27,47 per litre"
Viti Vini Vici #16,"€ 20,40",Canada,4.07,Brasserie Dunham,6%,Farmhouse Ale - Saison,Bottle 750ml,"€ 27,20 per litre"
Kathleen Turner Overdrive  -  THT/BBE 10/24,"€ 5,60",England,3.91,Pomona Island Brew Co.,5.5%,Sour - Fruited Gose,Can 440ml,"€ 12,73 per litre"
Coolship Cerise,"€ 19,49",United States,4.20,Allagash Brewing Company,6%,Wild Ale - Other,Bottle 375ml,"€ 51,97 per litre"
Heart of Hearts,"€ 19,49",United States,4.13,Allagash Brewing Company,6.1%,Sour - Fruited,Bottle 375ml,"€ 51,97 per litre"
My One & Only,"€ 19,49",United States,4.07,Allagash Brewing Company,5.5%,Sour - Fruited,Bottle 375ml,"€ 51,97 per litre"
Little Sal,"€ 19,49",United States,4.06,Allagash Brewing Company,6%,Sour - Other,Bottle 375ml,"€ 51,97 per litre"
Avancé,"€ 19,49",United States,4.06,Allagash Brewing Company,9.5%,Wild Ale - American,Bottle 375ml,"€ 51,97 per litre"
Stories Told,"€ 19,49",United States,4.05,Allagash Brewing Company,7.5%,Sour - Fruited,Bottle 375ml,"€ 51,97 per litre"
Curieux,"€ 7,99",United States,4.05,Allagash Brewing Company,10.2%,Belgian Tripel,355ml,"€ 22,51 per litre"
Once Upon An Orchard - Cherries & Raspberries,"€ 19,49",United States,4.04,Allagash Brewing Company,7.5%,Sour - Fruited,355ml,"€ 22,51 per litre"
Once Upon An Orchard - Peach,"€ 19,49",United States,4.02,Allagash Brewing Company,6.6%,Wild Ale - American,,
Once Upon An Orchard - Honeyberries,"€ 19,49",United States,4.01,Allagash Brewing Company,5.8%,Sour - Fruited,,
Gatherwell,"€ 8,29",United States,3.98,Allagash Brewing Company,11%,Stout - Imperial / Double,355ml,"€ 23,35 per litre"
Barrel & Bean,"€ 8,99",United States,3.95,Allagash Brewing Company,9.6%,Belgian Tripel,355ml,"€ 23,35 per litre"
Coolship Pomme,"€ 19,49",United States,3.94,Allagash Brewing Company,7.6%,Wild Ale - American,Bottle 375ml,"€ 51,97 per litre"
Honeyberry Tumble,"€ 19,49",United States,3.91,Allagash Brewing Company,6.3%,Wild Ale - American,Bottle 375ml,"€ 51,97 per litre"
Hive 56,"€ 19,49",United States,3.90,Allagash Brewing Company,7.7%,Sour - Other,Bottle 375ml,"€ 51,97 per litre"
Cherry Lime Times,"€ 19,49",United States,3.90,Allagash Brewing Company,4.8%,Sour - Fruited,Bottle 375ml,"€ 51,97 per litre"
North Sky [ can],"€ 6,99",United States,3.76,Allagash Brewing Company,7.5%,Stout - Belgian,473ml,"€ 14,78 per litre"
Sixteen Counties,"€ 4,99",United States,3.75,Allagash Brewing Company,6.5%,Belgian Strong Golden Ale,473ml,"€ 10,55 per litre"
White [ can],"€ 4,49",United States,3.75,Allagash Brewing Company,5.2%,Wheat Beer - Witbier / Blanche,473ml,"€ 9,49 per litre"
Hop Reach [ can],"€ 6,99",United States,3.73,Allagash Brewing Company,6.8%,IPA - American,473ml,"€ 14,78 per litre"
Blonde Simmie,"€ 3,50",Netherlands,3.37,Brouwerij Frontaal,5%,Belgian Blonde,330ml,"€ 10,61 per litre"
Killer Queen,"€ 3,79",Netherlands,3.51,POPHOP,8%,Belgian Tripel,330ml,"€ 11,48 per litre"
Boogie Blond,"€ 3,39",Netherlands,3.40,POPHOP,6%,Blonde / Golden Ale - Other,330ml,"€ 10,27 per litre"
"Not For Breakfast Pineapple, Mango, Peach, Passionfruit Ice Cream","€ 4,99",Ukraine,4.09,Ten Men Brewery,6.3%,Sour - Smoothie / Pastry,330ml,"€ 15,12 per litre"
"Calm In Paradise Pineapple, Passionfruit Ice Cream","€ 4,99",Ukraine,4.03,Ten Men Brewery,5%,Sour - Fruited,330ml,"€ 15,12 per litre"
Schimpf 1870 Jubi Märzen,"€ 2,39",Germany,3.48,Kronenbrauerei Schimpf,5.5%,Märzen,500ml,"€ 4,78 per litre"
Schimpf s'Höpfle BIO Alkoholfrei,"€ 2,39",Germany,3.36,Kronenbrauerei Schimpf,5.5%,Non-Alcoholic - Other,500ml,"€ 4,78 per litre"
Apple 37.5cl,"€ 5,00",Belgium,3.49,Brouwerij Lindemans,5%,Lambic - Fruit,Bottle 375ml,"€ 13,33 per litre"
WHH Medianoche,"€ 84,95",United States,3.90,WeldWerks Brewing Co.,14.8%,Stout - Imperial / Double,,
Framboise,"€ 2,69",Belgium,3.77,Brouwerij Lindemans,2.5%,Lambic - Framboise,Bottle 250ml,"€ 10,76 per litre"
ÜberQuell Supadupa,"€ 2,99",Germany,3.59,ÜberQuell Brauwerkstätten,6%,IPA - American,330ml,"€ 9,06 per litre"
Quadrupel,"€ 2,90",Netherlands,3.91,Bierbrouwerij De Koningshoeven,10%,Belgian Quadrupel,330ml,"€ 8,79 per litre"
Tripel,"€ 2,90",Netherlands,3.75,Bierbrouwerij De Koningshoeven,8%,Belgian Tripel,330ml,"€ 8,79 per litre"
Blond,"€ 2,60",Netherlands,3.67,Bierbrouwerij De Koningshoeven,6.5%,Belgian Blonde,330ml,"€ 7,88 per litre"
Classic,"€ 2,50",Belgium,3.45,Brouwerij Rodenbach,5.2%,Sour - Flanders Red Ale,Bottle 250ml,"€ 10,00 per litre"
Nillis,"€ 2,60",Netherlands,3.04,Bierbrouwerij De Koningshoeven,5.2%,Non-Alcoholic - Other,330ml,"€ 7,88 per litre"
Winter Affair Les Intenables (Grisette),"€ 4,99",Czech Republic,3.72,Rodinný Pivovar Zichovec,4.8%,Farmhouse Ale - Grisette,500ml,"€ 9,98 per litre"
An Equatorial Detour,"€ 8,40",Canada,4.14,Trial & Ale Brewing Company,6.7%,Sour - Fruited,Can 473ml,"€ 17,76 per litre"
Brunch,"€ 8,40",Canada,4.09,Trial & Ale Brewing Company,7.1%,Sour - Fruited,Can 473ml,"€ 17,76 per litre"
"30,000 Steps","€ 8,40",Canada,4.05,Trial & Ale Brewing Company,7.1%,Sour - Fruited,Can 473ml,"€ 17,76 per litre"
Trial & Ale A Cordial Invitation,"€ 8,40",Canada,3.94,Trial & Ale Brewing Company,6.9%,Sour - Fruited,Can 473ml,"€ 17,76 per litre"
Sureshot x Bundobust His Girl Friday,"€ 6,50",England,3.82,Sureshot Brewing,4.5%,Sour - Fruited,Can 440ml,"€ 14,77 per litre"
Sureshot x Pomona Island The Blueberry Still Connects,"€ 9,00",England,3.66,Sureshot Brewing,7%,Sour - Fruited,Can 440ml,"€ 20,45 per litre"
Alexander,"€ 2,90",Belgium,3.95,Brouwerij Rodenbach,5.6%,Sour - Flanders Red Ale,330ml,"€ 8,79 per litre"
Hel&Verdoemenis  Imperial Stout,"€ 3,50",Netherlands,3.85,Brouwerij de Molen,10%,Stout - Russian Imperial,330ml,"€ 10,61 per litre"
Bommen&Granaten Barley Wine,"€ 3,50",Netherlands,3.82,Brouwerij de Molen,11%,Barleywine - Other,330ml,"€ 10,61 per litre"
Grand Cru,"€ 2,90",Belgium,3.65,Brouwerij Rodenbach,6%,Sour - Flanders Red Ale,330ml,"€ 8,79 per litre"
BIRD OF PREY,"€ 1,50",Netherlands,3.60,Uiltje Brewing Company,0.2%,IPA - American,330ml,"€ 4,55 per litre"
BIRD OF PREY,"€ 3,20",Netherlands,3.60,Uiltje Brewing Company,5.8%,IPA - American,330ml,"€ 9,70 per litre"
Water&Vuur NEIPA,"€ 1,45",Netherlands,3.58,Brouwerij de Molen,6%,IPA - New England / Hazy,330ml,"€ 4,39 per litre"
Vuur&Vlam Classic IPA,"€ 1,45",Netherlands,3.58,Brouwerij de Molen,6.2%,IPA - American,330ml,"€ 4,39 per litre"
Heen&Weer Triple,"€ 2,90",Netherlands,3.54,Brouwerij de Molen,9%,Belgian Tripel,330ml,"€ 8,79 per litre"
Fruitage,"€ 1,90",Belgium,3.50,Brouwerij Rodenbach,3.9%,Fruit Beer,Bottle 250ml,"€ 7,60 per litre"
WIT,"€ 2,45",Netherlands,3.50,Uiltje Brewing Company,6%,Wheat Beer - Witbier / Blanche,330ml,"€ 7,42 per litre"
Blond,"€ 3,20",Netherlands,3.50,Uiltje Brewing Company,6%,Blonde / Golden Ale - Other,330ml,"€ 9,70 per litre"
Fruit&Kruid Blond,"€ 2,20",Netherlands,3.44,Brouwerij de Molen,6.2%,Belgian Blonde,330ml,"€ 6,67 per litre"
Op&Top Pale Ale,"€ 2,20",Netherlands,3.42,Brouwerij de Molen,4.5%,Pale Ale - American,330ml,"€ 6,67 per litre"
Muifel Vatgerijpt #12 Nondeju Grand Cru Gotik Gin,"€ 6,90",Netherlands,4.01,Muifelbrouwerij,11.5%,Belgian Strong Golden Ale,330ml,"€ 20,91 per litre"
"Bière Darbyste 0,75L","€ 9,60",Belgium,3.62,Brasserie de Blaugies,5.8%,Farmhouse Ale - Saison,Bottle 750ml,"€ 12,80 per litre"
CYCT: Inertia,"€ 4,99",Netherlands,3.72,Moersleutel Craft Brewery,6%,IPA - New England / Hazy,Can 440ml,"€ 11,34 per litre"
Øreg Szilva,"€ 12,45",Hungary,4.02,MA Artisan Ales,7.2%,Wild Ale - Other,Bottle 375ml,"€ 33,20 per litre"
Brugse Zot Blond,"€ 2,60",Belgium,3.67,Brouwerij De Halve Maan,6%,Belgian Blonde,330ml,"€ 7,88 per litre"
Brugse Zot Dubbel,"€ 2,75",Belgium,3.53,Brouwerij De Halve Maan,7.5%,Belgian Dubbel,330ml,"€ 8,33 per litre"
Vicaris Generaal,"€ 3,10",Belgium,3.48,Brouwerij Dilewyns,8.5%,Belgian Strong Dark Ale,330ml,"€ 9,39 per litre"
Nirvana,"€ 2,99",Netherlands,3.41,Van Moll,5.2%,Wheat Beer - Witbier / Blanche,330ml,"€ 9,06 per litre"
Petite Sour Blueberry,"€ 11,49",United States,3.99,Crooked Stave Artisan Beer Project,4.5%,Wild Ale - American,330ml,"€ 9,06 per litre"
Feel the Beat,"€ 10,50",Poland,4.31,Browar Stu Mostów,13.5%,Stout - Imperial / Double Pastry,Bottle 330ml,"€ 31,82 per litre"
Hagger Blend 04/22,"€ 16,50",Austria,4.21,Brauhaus Bevog,12%,Barleywine - Other,Bottle 330ml,"€ 31,82 per litre"
Nightmare On Brett (Aged in Leopold Bros Whiskey Barrels),"€ 30,99",United States,4.24,Crooked Stave Artisan Beer Project,9.67%,Wild Ale - American,,
Spon,"€ 30,99",United States,4.04,Crooked Stave Artisan Beer Project,5.7%,Lambic - Gueuze,,
Midnight Rouge,"€ 33,49",United States,4.04,Crooked Stave Artisan Beer Project,6%,Sour - Fruited,,
Raspberry Spon,"€ 33,49",United States,4.02,Crooked Stave Artisan Beer Project,5.5%,Wild Ale - American,,
Petite Sour Peach,"€ 11,49",United States,3.91,Crooked Stave Artisan Beer Project,4.5%,Wild Ale - American,,
Coffee Baltic Porter,"€ 5,29",United States,3.91,Crooked Stave Artisan Beer Project,7.8%,Porter - Coffee,355ml,"€ 14,90 per litre"
Nitro Coffee Ale,"€ 5,49",United States,3.86,Surly Brewing Company,5.5%,Porter - Coffee,355ml,"€ 14,90 per litre"
Midnight Blue,"€ 33,49",United States,3.84,Crooked Stave Artisan Beer Project,6.5%,Sour - Fruited,355ml,"€ 14,90 per litre"
Sour Rosé,"€ 5,29",United States,3.83,Crooked Stave Artisan Beer Project,4.5%,Wild Ale - American,355ml,"€ 14,90 per litre"
Hazelnut Macchiato Stout,"€ 4,29",United States,3.82,Crooked Stave Artisan Beer Project,7.8%,Stout - Coffee,355ml,"€ 14,90 per litre"
Indigo Island,"€ 3,49",United States,3.80,Crooked Stave Artisan Beer Project,7%,IPA - New England / Hazy,355ml,"€ 14,90 per litre"
Juicy East,"€ 3,49",United States,3.77,Crooked Stave Artisan Beer Project,6%,IPA - New England / Hazy,355ml,"€ 14,90 per litre"
Juicy West,"€ 2,99",United States,3.77,Crooked Stave Artisan Beer Project,6%,IPA - American,355ml,"€ 14,90 per litre"
Coffee Dunkel / Untitled Art,"€ 4,99",United States,3.76,Crooked Stave Artisan Beer Project,5.2%,Lager - Munich Dunkel,355ml,"€ 14,90 per litre"
Iced Out,"€ 2,69",United States,3.70,Crooked Stave Artisan Beer Project,7%,IPA - Cold,355ml,"€ 14,90 per litre"
Hibiscus Dream,"€ 2,99",United States,3.69,Crooked Stave Artisan Beer Project,4.5%,Sour - Fruited,355ml,"€ 14,90 per litre"
Excelsior Chai,"€ 5,69",United States,3.53,Crooked Stave Artisan Beer Project,8%,Sour - Other,355ml,"€ 14,90 per litre"
Alvinne / Rivington - Rivington Morpheus Sloe,"€ 27,50",Belgium,3.99,Brouwerij Alvinne,5%,Sour - Fruited,Bottle 750ml,"€ 36,67 per litre"
Morpheus Druif,"€ 13,20",Belgium,3.80,Brouwerij Alvinne,5.5%,Grape Ale - Other,Bottle 500ml,"€ 26,40 per litre"
Forsaken Vines,"€ 8,00",Scotland,3.93,Holy Goat Brewing,6.5%,Sour - Fruited,Bottle 375ml,"€ 21,33 per litre"
Wilderness x Closet I Like Having You Around,"€ 7,20",Wales,3.59,Wilderness Brewery,6.2%,Farmhouse Ale - Saison,Can 440ml,"€ 16,36 per litre"
Rise Pale,"€ 5,70",Wales,3.40,Wilderness Brewery,5.5%,Pale Ale - Belgian,Can 440ml,"€ 12,95 per litre"
Take Me Nowhere,"€ 6,90",England,4.09,Left Handed Giant Brewing,7.2%,Stout - Milk / Sweet,Can 440ml,"€ 15,68 per litre"
Cheeky Vimno,"€ 4,80",England,3.64,Cloudwater Brew Co.,0.5%,Non-Alcoholic - Sour,Can 440ml,"€ 10,91 per litre"
BA Unwritted Rules,"€ 27,50",Brazil,4.38,Spartacus Brewing,15%,Stout - Imperial / Double,Bottle 375ml,"€ 73,33 per litre"
Offenbarung – Barley Wine mit Balsamico und Datteln,"€ 4,45",Germany,3.93,KUEHN KUNZ ROSEN,10.5%,Barleywine - Other,330ml,"€ 13,48 per litre"
Vestkyst IPA,"€ 4,69",Norway,3.83,Kinn Bryggeri,7%,IPA - American,330ml,"€ 14,21 per litre"
Kinn Munken Belgium Blonde,"€ 4,49",United States,3.57,McMenamins,8%,IPA - Imperial / Double,330ml,"€ 13,61 per litre"
Humleriket IPA,"€ 4,49",Norway,3.43,Kinn Bryggeri,4.5%,IPA - Session,330ml,"€ 13,61 per litre"
Landkjenning Stout,"€ 4,49",Norway,3.31,Kinn Bryggeri,4.5%,Stout - English,330ml,"€ 13,61 per litre"
The Garden Planina,"€ 5,12",Croatia,4.07,The Garden Brewery,10.3%,Stout - Imperial / Double Coffee,Can 440ml,"€ 11,64 per litre"
Gate Nº6/2023,"€ 9,50",Poland,4.29,Maltgarden,10.5%,Stout - Imperial / Double Pastry,330ml,"€ 28,79 per litre"
Limited Connectivity,"€ 8,75",Sweden,4.02,Nerdbrewing,11.3%,Stout - Imperial / Double,330ml,"€ 26,52 per litre"
Tsar Peter Tripel Aged In Abafado Barrels 2024/5,"€ 9,99",Netherlands,3.98,Bierbrouwerij De Magistraat,8.8%,Belgian Tripel,330ml,"€ 30,27 per litre"
Downtown Barrel Aged Campfire,"€ 9,99",Sweden,3.97,Nerdbrewing,11.3%,Stout - Imperial / Double,330ml,"€ 30,27 per litre"
Cluster,"€ 8,75",Sweden,3.91,Nerdbrewing,11.5%,Stout - Imperial / Double Coffee,330ml,"€ 26,52 per litre"
V-bw,"€ 9,99",Romania,4.21,Blackout Brewing,12%,Barleywine - American,330ml,"€ 30,27 per litre"
Pohjala A Ton Of Honey,"€ 8,99",Estonia,4.06,Põhjala,13.2%,Stout - Imperial / Double,330ml,"€ 27,24 per litre"
Lychee Berry Coconut,"€ 8,50",Scotland,3.80,Vault City Brewing,5.6%,Sour - Fruited,Can 440ml,"€ 19,32 per litre"
Slijkvisser Blond,"€ 3,73",Belgium,3.61,Brouwerij Vandijck,11%,Belgian Tripel,330ml,"€ 11,30 per litre"
Beiërdrèpke,"€ 4,30",Belgium,3.53,Hoptwins Brouwers,6.8%,Farmhouse Ale - Saison,330ml,"€ 13,03 per litre"
White Kveiking,"€ 3,55",Belgium,3.49,Skøllmann,6%,IPA - White / Wheat,330ml,"€ 10,76 per litre"
Slijkvisser Amber,"€ 3,61",Belgium,3.47,Brouwerij Vandijck,8.7%,Belgian Tripel,330ml,"€ 10,94 per litre"
Messner IPA,"€ 3,61",Belgium,3.45,Rimor Brewery,6.2%,IPA - American,330ml,"€ 10,94 per litre"
Hopulair,"€ 3,55",Belgium,3.41,Skøllmann,6%,IPA - American,330ml,"€ 10,76 per litre"
Burning Skoll,"€ 3,33",Belgium,3.39,Skøllmann,7%,Farmhouse Ale - Saison,330ml,"€ 10,09 per litre"
Lente bierpakket,"€ 42,04",Netherlands,3.29,Muifelbrouwerij,5.5%,Bock - Hell / Maibock / Lentebock,330ml,"€ 127,39 per litre"
Plékpot,"€ 3,61",Belgium,3.28,Brouwerij Vandijck,7.5%,Honey Beer,330ml,"€ 10,94 per litre"
Imperial Brown Stout London 1856,"€ 6,45",England,4.06,The Kernel Brewery,10.1%,Stout - Russian Imperial,330ml,"€ 19,55 per litre"
aU Ungespundet Naturtrüb,"€ 3,15",Germany,3.58,Mahr's Bräu,5.2%,Kellerbier / Zwickelbier,500ml,"€ 6,30 per litre"
Vanilla Hazelnut Marshal Zhukov's,"€ 22,95",United States,4.11,Cigar City Brewing,11.2%,Stout - Russian Imperial,Bottle 650ml,"€ 35,31 per litre"
Double Barrel Aged Anagram,"€ 14,95",Sweden,4.33,Omnipollo,14%,Stout - Imperial / Double Pastry,330ml,"€ 45,30 per litre"
Zeit,"€ 9,65",Estonia,3.91,Põhjala,12%,Wheat Beer - Wheat Wine,330ml,"€ 29,24 per litre"
Bianca J.R.E.A.M. Blueberry Lime Pecan Cobbler Lassi Gose,"€ 14,25",Sweden,4.36,Omnipollo,6%,Sour - Fruited Gose,Can 440ml,"€ 32,39 per litre"
Coffee Stout,"€ 3,25",Germany,3.39,MÜCKE,6.7%,Stout - Coffee,330ml,"€ 9,85 per litre"
Cardamome Wheat,"€ 2,90",France,3.82,Brasserie de Clemery,5%,Wheat Beer - American Pale Wheat,330ml,"€ 8,79 per litre"
Tonka Tonka,"€ 4,20",France,3.82,Brasserie de Clemery,6.5%,Winter Ale,330ml,"€ 12,73 per litre"
Oro Verde,"€ 3,20",France,3.73,Brasserie de Clemery,5%,Spiced / Herbed Beer,330ml,"€ 9,70 per litre"
Pilul,"€ 2,70",France,3.51,Brasserie de Clemery,5%,Lager - Pale,330ml,"€ 8,18 per litre"
Dubbel Oak,"€ 2,90",France,3.47,Brasserie de Clemery,7%,Belgian Dubbel,330ml,"€ 8,79 per litre"
Pohjala Old World Blues,"€ 5,20",Estonia,3.68,Põhjala,6%,IPA - New England / Hazy,Can 440ml,"€ 11,82 per litre"
Kasteel Rouge,"€ 2,65",Belgium,3.58,Kasteel Brouwerij Vanhonsebrouck,8%,Fruit Beer,330ml,"€ 8,03 per litre"
Fudgesicle,"€ 6,45",Spain,4.14,Basqueland Brewing,11.6%,Stout - Imperial / Double Pastry,Can 440ml,"€ 14,66 per litre"
Jahrhundert,"€ 5,10",Germany,3.58,Ayinger Privatbrauerei,5.5%,Lager - Dortmunder / Export,Bottle 500ml,"€ 10,20 per litre"
Bourbon County Brand Stout 2017 (14.1%),"€ 54,99",United States,4.48,Goose Island Beer Co.,14.1%,Stout - Imperial / Double,500ml,"€ 109,98 per litre"
Bourbon County Brand Stout 2020,"€ 42,99",United States,4.46,Goose Island Beer Co.,14.6%,Stout - Imperial / Double,500ml,"€ 85,98 per litre"
Heights 2023,"€ 99,99",United States,4.43,Wax Wings Brewing Company,15%,Stout - Other,500ml,"€ 85,98 per litre"
Double Barrel Pankkake,"€ 124,99",United States,4.27,J. Wakefield Brewing,13%,Stout - Imperial / Double,500ml,"€ 85,98 per litre"
Single,"€ 2,99",Netherlands,3.33,Brouwerij Noordt,4.5%,Wheat Beer - American Pale Wheat,330ml,"€ 9,06 per litre"
Vatgerijpt #12 Nondeju Grand Cru Gotik Gin,"€ 7,45",Netherlands,4.01,Muifelbrouwerij,11.5%,Belgian Strong Golden Ale,330ml,"€ 22,58 per litre"
Waking Fantasy,"€ 4,80",Estonia,3.96,Pühaste Brewery,12%,Stout - Imperial / Double,Can 440ml,"€ 10,91 per litre"
Schönramer Pils 330ml,"€ 1,99",Germany,3.48,Private Landbrauerei Schönram,5%,Pilsner - German,330ml,"€ 6,03 per litre"
Weiherer - Hopfenweizen,"€ 2,70",Germany,3.64,Brauerei Kundmüller,5.2%,Wheat Beer - Hopfenweisse,500ml,"€ 5,40 per litre"
New England IPA,"€ 3,60",Netherlands,3.50,Vijfheeren Bier,5.2%,IPA - New England / Hazy,330ml,"€ 10,91 per litre"
Hasen Hell,"€ 2,29",Germany,3.32,Hasen-Bräu,5.2%,Wheat Beer - Hefeweizen,500ml,"€ 4,58 per litre"
Berlin Jam Erdbeer Berliner Weisse,"€ 2,89",Germany,3.29,BRLO,3.5%,Sour - Fruited Berliner Weisse,330ml,"€ 8,76 per litre"
736 India Pale Ale,"€ 3,69",Germany,3.46,Privatbrauerei Sander,7.5%,IPA - American,330ml,"€ 11,18 per litre"
Cozy Mosi Alkoholfreies Pale Ale,"€ 2,69",Germany,3.29,Privatbrauerei Sander,7.5%,Non-Alcoholic - Pale Ale,330ml,"€ 8,15 per litre"
Red Thunder Scotch Ale Seasonal Edition,"€ 3,59",Germany,3.27,Privatbrauerei Sander,4.8%,Scotch Ale / Wee Heavy,330ml,"€ 10,88 per litre"
Maibock,"€ 2,79",Germany,?,Privatbrauerei Sander,7%,Bock - Hell / Maibock / Lentebock,330ml,"€ 8,45 per litre"
Colour Haze: Blue,"€ 64,99",United States,4.41,Freak Folk Bier,6.5%,Farmhouse Ale - Saison,,
Melvin B2,"€ 64,99",United States,4.23,Freak Folk Bier,6%,Farmhouse Ale - Bière de Mars,,
Blond Alcoholvrij,"€ 1,75",Belgium,3.53,Affligem Brouwerij,6.7%,Belgian Blonde,300ml,"€ 5,83 per litre"
Dead Don't Die Vanilla Bean,"€ 15,20",Canada,4.18,Third Moon Brewing Company,8.5%,Stout - Imperial / Double Pastry,Can 473ml,"€ 32,14 per litre"
Dead Don't Die Peanut Butter,"€ 15,20",Canada,4.10,Third Moon Brewing Company,8.5%,Stout - Imperial / Double Pastry,Can 473ml,"€ 32,14 per litre"
Past Lords Barrel Aged,"€ 17,00",Canada,4.08,Third Moon Brewing Company,10.5%,Bock - Doppelbock,Can 473ml,"€ 35,94 per litre"
Past Lords,"€ 13,30",Canada,4.04,Third Moon Brewing Company,9.2%,Bock - Doppelbock,Can 473ml,"€ 28,12 per litre"
Bestowed Shortbread,"€ 17,80",Canada,4.02,Third Moon Brewing Company,11%,Stout - Imperial / Double,Can 473ml,"€ 37,63 per litre"
Life Jacket 2023,"€ 19,10",United States,4.01,Revolution Brewing Company,15%,Barleywine - English,Can 355ml,"€ 53,80 per litre"
The Burden,"€ 12,00",Canada,3.82,Third Moon Brewing Company,6.5%,IPA - New England / Hazy,Can 473ml,"€ 25,37 per litre"
Freedom of Expression,"€ 6,70",United States,3.81,Revolution Brewing Company,4.5%,Sour - Fruited,Can 355ml,"€ 18,87 per litre"
Brogue Irish Red,"€ 2,50",Ireland,3.58,Rye River Brewing Company,4.4%,Red Ale - Irish,330ml,"€ 7,58 per litre"
Mok Coconut,"€ 6,45",Belgium,4.04,Brewery De Meester,13%,Stout - American,330ml,"€ 19,55 per litre"
Buffalo Grand Cru Vintage (2021),"€ 11,95",Belgium,3.70,Brouwerij Van Den Bossche,10%,Belgian Strong Dark Ale,Bottle 750ml,"€ 15,93 per litre"
Masterblend Special Batch,"€ 4,75",Belgium,3.59,Brewery De Meester,9%,Barleywine - Other,330ml,"€ 14,39 per litre"
OZAS 2023,"€ 66,99",United States,4.36,American Solera,12%,Stout - Imperial / Double Milk,330ml,"€ 14,39 per litre"
Big Royale: Nut Bar Crunch,"€ 62,99",United States,4.28,The Veil Brewing Co.,13%,Stout - Imperial / Double,330ml,"€ 14,39 per litre"
Snowbirds 6 Bourbon Barrel Aged Imperial Stout,"€ 64,99",United States,4.25,Other Half Brewing Co.,14%,Stout - Imperial / Double Pastry,330ml,"€ 14,39 per litre"
Darkness In the Light - Mint (2023),"€ 59,99",United States,4.25,Hidden Springs Ale Works,12%,Stout - Imperial / Double Pastry,330ml,"€ 14,39 per litre"
Darkness In The Light 2022,"€ 59,99",United States,4.25,Hidden Springs Ale Works,12%,Stout - Imperial / Double,330ml,"€ 14,39 per litre"
Annie Are You Oak Aged? Jamaican Rum BA,"€ 6,95",Netherlands,3.95,Jopen,11%,Red Ale - Imperial / Double,330ml,"€ 21,06 per litre"
Annie Are You Oak Aged? Jim Beam BA,"€ 6,95",Netherlands,3.95,Jopen,11%,Red Ale - Imperial / Double,330ml,"€ 21,06 per litre"
RITUAL LAB Papanero Bourbon BA,"€ 16,00",Italy,4.24,Ritual Lab,12.5%,Stout - Russian Imperial,330ml,"€ 48,48 per litre"
RITUAL LAB Papanero,"€ 11,80",Italy,4.14,Ritual Lab/ Voodoo Brewing Co.,12.5%,Stout - Imperial / Double,330ml,"€ 35,76 per litre"
Intangible Tides,"€ 9,69",United States,4.29,Burlington Beer Company,10%,IPA - Triple New England / Hazy,330ml,"€ 35,76 per litre"
Stainless Forest,"€ 5,49",United States,4.12,Burlington Beer Company,8.2%,IPA - Imperial / Double New England / Hazy,330ml,"€ 35,76 per litre"
It's Complicated Being A Wizard,"€ 5,49",United States,4.08,Burlington Beer Company,8%,IPA - Imperial / Double New England / Hazy,473ml,"€ 11,61 per litre"
Absence of Light Peanut Butter Chocolate Milk Stout,"€ 6,99",United States,4.07,4 Hands Brewing Company,7.1%,Stout - Milk / Sweet,473ml,"€ 11,61 per litre"
Creatures of Magic,"€ 4,49",United States,4.05,Burlington Beer Company,6.5%,IPA - New England / Hazy,473ml,"€ 9,49 per litre"
Martian Dawn,"€ 6,69",United States,4.02,Burlington Beer Company,8.2%,IPA - Imperial / Double New England / Hazy,473ml,"€ 9,49 per litre"
Elaborate Metaphor,"€ 5,49",United States,4.00,Burlington Beer Company,5.4%,Pale Ale - New England / Hazy,473ml,"€ 9,49 per litre"
Chocolate Milk Stout,"€ 6,99",United States,3.93,4 Hands Brewing Company,5.5%,Stout - Milk / Sweet,473ml,"€ 9,49 per litre"
Enchanted Runes,"€ 5,49",United States,3.93,Burlington Beer Company,6.4%,IPA - New England / Hazy,473ml,"€ 9,49 per litre"
War Hammer,"€ 4,99",United States,3.91,4 Hands Brewing Company,9%,IPA - Imperial / Double,473ml,"€ 9,49 per litre"
Light In The Window,"€ 4,49",United States,3.88,Burlington Beer Company,5.9%,IPA - Rye,473ml,"€ 9,49 per litre"
Scale of Complexity - Nelson Sauvin,"€ 5,49",United States,3.87,4 Hands Brewing Company,6.5%,IPA - New England / Hazy,473ml,"€ 9,49 per litre"
Tidal,"€ 4,99",United States,3.85,4 Hands Brewing Company,7.5%,IPA - Imperial / Double,473ml,"€ 9,49 per litre"
Incarnation,"€ 3,49",United States,3.80,4 Hands Brewing Company,7%,IPA - American,355ml,"€ 9,83 per litre"
State Wide,"€ 4,99",United States,3.80,4 Hands Brewing Company,5.5%,Pale Ale - American,355ml,"€ 9,83 per litre"
Side Quest I,"€ 5,49",United States,3.77,Burlington Beer Company,5.5%,Lager - Other,355ml,"€ 9,83 per litre"
Peasant Bread,"€ 6,99",United States,3.76,Burlington Beer Company,5.5%,Brown Ale - American,,
City Wide,"€ 4,99",United States,3.75,4 Hands Brewing Company,5.5%,Pale Ale - American,473ml,"€ 10,55 per litre"
City Wide Stout,"€ 6,99",United States,3.75,4 Hands Brewing Company,4.5%,Stout - Irish Dry,473ml,"€ 10,55 per litre"
Divided Sky,"€ 3,49",United States,3.72,4 Hands Brewing Company,6.5%,IPA - Rye,355ml,"€ 9,83 per litre"
Ripple White Ale,"€ 3,49",United States,3.52,4 Hands Brewing Company,5%,Wheat Beer - Witbier / Blanche,355ml,"€ 9,83 per litre"
Single Speed,"€ 3,49",United States,3.50,4 Hands Brewing Company,5%,Blonde / Golden Ale - Other,355ml,"€ 9,83 per litre"
Veiled,"€ 44,99",United States,4.39,Millpond Brewing,12%,Stout - Imperial / Double,500ml,"€ 89,98 per litre"
Port Barrel Swath,"€ 44,99",United States,4.35,Millpond Brewing,11.8%,Wheat Beer - Wheat Wine,500ml,"€ 89,98 per litre"
Slow Churning 2024,"€ 43,50",United States,4.34,Millpond Brewing,11.5%,Stout - Imperial / Double,500ml,"€ 87,00 per litre"
Sump Coffee Stout 2024,"€ 12,99",United States,4.29,Perennial Artisan Ales,11.5%,Stout - Imperial / Double Coffee,473ml,"€ 27,46 per litre"
Smüzi Tangerine Whip,"€ 9,95",United States,4.28,Sapwood Cellars Brewery,4.5%,Sour - Smoothie / Pastry,473ml,"€ 21,04 per litre"
Vanillafort Max,"€ 9,95",United States,4.28,Sapwood Cellars Brewery,9.2%,IPA - Triple New England / Hazy,473ml,"€ 21,04 per litre"
Pillowfort Max,"€ 9,50",United States,4.26,Sapwood Cellars Brewery,9.2%,IPA - Triple New England / Hazy,473ml,"€ 20,08 per litre"
Acai Bowl,"€ 49,99",United States,4.20,Perennial Artisan Ales,12.5%,Stout - Imperial / Double Pastry,Bottle 750ml,"€ 66,65 per litre"
Secret Secret (Lager – Tmavé),"€ 8,99",United States,3.95,Wayfinder Beer,5.2%,Lager - Tmavé (Czech Dark),473ml,"€ 19,01 per litre"
Sumi Ink,"€ 18,99",United States,4.33,Grimm Artisanal Ales,13.5%,Stout - Imperial / Double,500ml,"€ 37,98 per litre"
Hypa #9,"€ 10,75",Canada,4.32,Brasserie du Bas-Canada,6.5%,IPA - American,473ml,"€ 22,73 per litre"
Petit Chicago,"€ 10,75",Canada,4.30,Brasserie du Bas-Canada,6.5%,IPA - American,473ml,"€ 22,73 per litre"
Onement: Heaven Hill,"€ 18,99",United States,4.29,Grimm Artisanal Ales,11%,Stout - Imperial / Double,500ml,"€ 37,98 per litre"
El Zacaton,"€ 10,99",United States,4.22,Hubbard's Cave,12%,Stout - Imperial / Double,473ml,"€ 23,23 per litre"
Bestowed Chocolate Covered Strawberry 2024,"€ 12,99",Canada,4.19,Third Moon Brewing Company,11%,Stout - Imperial / Double Pastry,473ml,"€ 27,46 per litre"
Mama Nat (Lager – Polotmave),"€ 8,50",United States,3.76,Living Häus Beer Company,5.8%,Lager - Polotmavé (Czech Amber),473ml,"€ 17,97 per litre"
Starfighter Watermelon,"€ 10,50",Canada,3.69,EXP Artisan Brasseur,7.1%,IPA - Imperial / Double Milkshake,473ml,"€ 22,20 per litre"
Kräusen Hell,"€ 1,90",Germany,3.48,Brauerei Kundmüller,4.9%,Kellerbier / Zwickelbier,500ml,"€ 3,80 per litre"
Duvel,"€ 2,99",Belgium,3.72,Duvel Moortgat,8.5%,Belgian Strong Golden Ale,330ml,"€ 9,06 per litre"
Cake Sweet Stout,"€ 4,99",Germany,3.30,Black Forest Brewing,5.8%,Stout - Milk / Sweet,330ml,"€ 15,12 per litre"
Niefiltrowane,"€ 1,90",Poland,3.14,Browar Fortuna,5.2%,Kellerbier / Zwickelbier,Bottle 500ml,"€ 3,80 per litre"
Zwickl,"€ 2,20",Germany,3.36,Brauerei Kanone,5.1%,Kellerbier / Zwickelbier,500ml,"€ 4,40 per litre"
Pils,"€ 2,20",Germany,3.19,Brauerei Kanone,4.9%,Pilsner - German,500ml,"€ 4,40 per litre"
Rosé de Gambrinus 2014,"€ 17,50",Belgium,4.47,Brasserie Cantillon,5%,Lambic - Framboise,Bottle 375ml,"€ 46,67 per litre"
Rosé de Gambrinus 2016,"€ 16,50",Belgium,4.45,Brasserie Cantillon,5%,Lambic - Framboise,Bottle 375ml,"€ 44,00 per litre"
Rosé de Gambrinus 2017,"€ 16,50",Belgium,4.41,Brasserie Cantillon,5%,Lambic - Framboise,Bottle 375ml,"€ 44,00 per litre"
Liquid Art,"€ 4,80",France,4.00,Prizm Brewing Co.,8%,IPA - Imperial / Double,Bottle 375ml,"€ 44,00 per litre"
Gimme That Boom,"€ 7,00",France,3.93,Prizm Brewing Co.,6%,Sour - Smoothie / Pastry,Can 440ml,"€ 15,91 per litre"
Dexter Gyros,"€ 7,00",France,3.81,Prizm Brewing Co.,8.3%,Sour - Smoothie / Pastry,Can 440ml,"€ 15,91 per litre"
Horror Vacui,"€ 23,49",Hungary,4.16,Mad Scientist,11.3%,Stout - Imperial / Double,500ml,"€ 46,98 per litre"
Bourbon County Brand Stout (2022) (GI Blend),"€ 49,99",United States,4.41,Goose Island Beer Co.,14.3%,Stout - Imperial / Double,355ml,"€ 140,82 per litre"
For the Crowd 2023,"€ 37,99",Netherlands,4.18,Brouwerij Frontaal,12%,Stout - Imperial / Double,355ml,"€ 140,82 per litre"
Tusk & Feather,"€ 89,99",United States,4.36,Goose Island Beer Co.,15.4%,Barleywine - Other,355ml,"€ 140,82 per litre"
Tusk & Feather: Rye,"€ 89,99",United States,4.33,More Brewing Company,15.6%,Barleywine - English,355ml,"€ 140,82 per litre"
Spiritus Bio,"€ 4,10",France,3.77,Effet Papillon,4%,Sour - Fruited,,
Crayon Nwarr Bio,"€ 4,10",France,3.68,Effet Papillon,5%,Porter - Other,,
Wheat Ale Citron Verveine BIO,"€ 7,90",France,3.46,Effet Papillon,4.5%,Fruit Beer,,
Alexander,"€ 3,29",Belgium,3.95,Brouwerij Rodenbach,5.6%,Sour - Flanders Red Ale,330ml,"€ 9,97 per litre"
Aster 2021,"€ 14,00",Canada,4.01,Revel Cider Company,6.9%,Cider - Traditional / Apfelwein,Bottle 750ml,"€ 18,67 per litre"
Oude Geuze 2021-2022,"€ 4,49",Belgium,3.69,Brouwerij Boon,7%,Lambic - Gueuze,Bottle 375ml,"€ 11,97 per litre"
Oude Geuze 2021-2022,"€ 2,67",Belgium,3.69,Brouwerij Boon,7%,Lambic - Gueuze,Bottle 250ml,"€ 10,68 per litre"
Maestro,"€ 21,00",United States,?,Is/Was Brewing,5.5%,Farmhouse Ale - Saison,500ml,"€ 42,00 per litre"
On & On Part 3,"€ 39,99",United States,4.32,Revolution Brewing Company,16.6%,Stout - Other,500ml,"€ 42,00 per litre"
Hazy IPA,"€ 2,99",United States,3.72,Stone Brewing,6.7%,IPA - New England / Hazy,355ml,"€ 8,42 per litre"
Kehrwieder Dominica DDH Pale Ale,"€ 3,49",Germany,3.65,Kehrwieder Kreativbrauerei,4.7%,Pale Ale - New England / Hazy,330ml,"€ 10,58 per litre"
Cassis,"€ 3,39",Belgium,3.63,Brouwerij Lindemans,3.5%,Lambic - Fruit,Bottle 250ml,"€ 13,56 per litre"
Nittenauer Amanda Pils,"€ 2,99",Italy,3.59,Birrificio Emiliano/ Brauhaus Nittenau,5.1%,Lager - IPL (India Pale Lager),330ml,"€ 9,06 per litre"
Nittenauer Boomerang Lager,"€ 3,59",Germany,3.57,Brauhaus Nittenau,7.5%,Lager - IPL (India Pale Lager),330ml,"€ 10,88 per litre"
Maisel & Friends Hell New Bavarian Lager,"€ 2,19",Germany,3.49,Brauerei Gebr. Maisel,5.3%,Lager - IPL (India Pale Lager),330ml,"€ 6,64 per litre"
Goldgräber Pale Ale,"€ 3,49",Germany,3.46,Landgang Brauerei,5.2%,Pale Ale - American,330ml,"€ 10,58 per litre"
Maisel & Friends alkoholfrei Pale Ale,"€ 2,29",Germany,3.43,Brauerei Gebr. Maisel,0.5%,Non-Alcoholic - IPA,330ml,"€ 6,94 per litre"
Weissbier Alkoholfrei,"€ 2,49",Germany,3.10,Schäffler Bräu,0.3%,Non-Alcoholic - Wheat,500ml,"€ 4,98 per litre"
Insel-Brauerei Surfers Summer Ale alkoholfrei,"€ 3,79",Germany,3.06,Rügener Insel-Brauerei,0.5%,Non-Alcoholic - Other,330ml,"€ 11,48 per litre"
Insel-Brauerei Snorkelers Sea Salt IPA alkoholfrei,"€ 3,79",Germany,3.03,Rügener Insel-Brauerei,0.5%,Non-Alcoholic - IPA,330ml,"€ 11,48 per litre"
À Tue-Tête Chasselas,"€ 23,75",Switzerland,3.98,À tue-tête,7.2%,Sour - Fruited,Bottle 750ml,"€ 31,67 per litre"
De Eeuwige Jeugd Belhamel,"€ 2,60",Netherlands,3.57,Brouwerij de Eeuwige Jeugd,5%,IPA - New England / Hazy,330ml,"€ 7,88 per litre"
Dead Don't Die (2024),"€ 11,50",Canada,4.27,Third Moon Brewing Company,8.5%,Stout - Imperial / Double Milk,330ml,"€ 7,88 per litre"
Separation Rage,"€ 9,99",Canada,4.23,Third Moon Brewing Company,11.9%,IPA - Quadruple,330ml,"€ 7,88 per litre"
Bestowed - Shortbread,"€ 13,90",Canada,4.02,Third Moon Brewing Company,11%,Stout - Imperial / Double,330ml,"€ 7,88 per litre"
Serpent Tears,"€ 8,90",Canada,3.95,Third Moon Brewing Company,6.5%,Stout - Oatmeal,330ml,"€ 7,88 per litre"
Thunderstruck,"€ 5,19",Netherlands,3.88,Rock City Brewing,8%,IPA - Imperial / Double New England / Hazy,Can 440ml,"€ 11,80 per litre"
Nelson Sauvage,"€ 21,90",Belgium,4.28,DUST Blending,6.8%,Farmhouse Ale - Saison,Bottle 750ml,"€ 29,20 per litre"
Vlier + Vlier,"€ 21,90",Belgium,4.05,DUST Blending,6.1%,Farmhouse Ale - Saison,Bottle 750ml,"€ 29,20 per litre"
StarDUST,"€ 21,90",Belgium,4.00,DUST Blending,6.7%,Farmhouse Ale - Other,Bottle 750ml,"€ 29,20 per litre"
Jurange,"€ 21,90",Belgium,3.98,DUST Blending,8.9%,Farmhouse Ale - Saison,Bottle 750ml,"€ 29,20 per litre"
Chardonia,"€ 21,90",Belgium,3.96,DUST Blending,6.7%,Farmhouse Ale - Saison,Bottle 750ml,"€ 29,20 per litre"
Le Pecheur de Vigne,"€ 21,90",Belgium,3.94,DUST Blending,6.4%,Farmhouse Ale - Saison,Bottle 750ml,"€ 29,20 per litre"
Queen C,"€ 21,90",Belgium,3.91,DUST Blending,6.5%,Cider - Graff,Bottle 750ml,"€ 29,20 per litre"
Rhublabla,"€ 21,90",Belgium,3.89,DUST Blending,4.2%,Cider - Other Fruit,Bottle 750ml,"€ 29,20 per litre"
Pommay Gamay,"€ 21,90",Belgium,3.87,DUST Blending,8.2%,Cider - Graff,Bottle 750ml,"€ 29,20 per litre"
Deth By Cherries 2023,"€ 16,99",United States,4.26,Revolution Brewing Company,14.3%,Stout - Imperial / Double Oatmeal,Bottle 750ml,"€ 29,20 per litre"
Maple Jacket,"€ 16,99",United States,4.23,Revolution Brewing Company,14.4%,Barleywine - English,Bottle 750ml,"€ 29,20 per litre"
Baphomet,"€ 6,99",United States,3.84,Revolution Brewing Company,6.66%,Bock - Single / Traditional,Bottle 750ml,"€ 29,20 per litre"
PB Eugene,"€ 6,99",United States,3.78,Revolution Brewing Company,6.8%,Porter - Other,Bottle 750ml,"€ 29,20 per litre"
Swarte Gront,"€ 3,55",Belgium,3.50,Skøllmann,8%,IPA - Black / Cascadian Dark Ale,330ml,"€ 10,76 per litre"
Colombo blond,"€ 3,45",Belgium,3.44,Rimor Brewery,6.4%,Belgian Blonde,330ml,"€ 10,45 per litre"
Atmospheric Entry,"€ 9,50",United States,4.26,Spyglass Brewing Company,10%,IPA - Triple New England / Hazy,473ml,"€ 20,08 per litre"
Gin Rickey 2020,"€ 12,50",United States,4.02,Firestone Walker Brewing Company,11.3%,Barleywine - Other,355ml,"€ 35,21 per litre"
Inferno,"€ 29,95",Belgium,4.25,Pellicle Vergistingen,6%,Cider - Other Fruit,Bottle 750ml,"€ 39,93 per litre"
Double Barrel Rye Assassin,"€ 399,95",United States,4.70,Toppling Goliath Brewing Co.,6%,Stout - Imperial / Double,Bottle 750ml,"€ 39,93 per litre"
Drap Bacchannal,"€ 28,50",Belgium,4.20,Drap Wijn,8.5%,Cider - Other Fruit,Bottle 750ml,"€ 38,00 per litre"
Anticosmic Overload,"€ 4,91",Greece,3.76,P.i.g.s. Brewery,5.6%,Pale Ale - American,Can 440ml,"€ 11,16 per litre"
Kasteelbier Donker,"€ 6,20",Belgium,3.64,Kasteel Brouwerij Vanhonsebrouck,11%,Belgian Quadrupel,330ml,"€ 18,79 per litre"
Pohjala - Prenzlauer Berg CAN,"€ 4,20",Estonia,3.58,Põhjala,4.5%,Sour - Fruited Berliner Weisse,330ml,"€ 12,73 per litre"
Kveik Culture: Brewski,"€ 5,45",Norway,3.77,LERVIG,8%,Sour - Smoothie / Pastry,330ml,"€ 16,52 per litre"
Fancy Pants,"€ 5,49",Germany,3.74,FrauGruber Brewing,6.1%,Sour - Fruited,Can 440ml,"€ 12,48 per litre"
One By One,"€ 5,59",Germany,3.67,FrauGruber Brewing,6.8%,IPA - New England / Hazy,Can 440ml,"€ 12,70 per litre"
Collab PL: Watch Out,"€ 4,49",Poland,3.80,Browar PINTA,6.5%,IPA - New England / Hazy,500ml,"€ 8,98 per litre"
Hop Selection: Mosaic,"€ 4,50",Poland,3.79,Browar PINTA,8.3%,IPA - Imperial / Double,500ml,"€ 9,00 per litre"
Abyss of Darkness Tomintoul Whisky BA,"€ 8,20",Belgium,4.08,Galea Craft Beers,12.5%,Stout - Imperial / Double Pastry,330ml,"€ 24,85 per litre"
Kentucky Brunch Brand Stout Double Barrel Reserve 2022,"€ 1.000,00",United States,4.86,Toppling Goliath Brewing Co.,15.8%,Stout - Imperial / Double Coffee,330ml,"€ 24,85 per litre"
#life Unplugged,"€ 109,99",United States,4.06,New Image Brewing,14.11%,Barleywine - English,330ml,"€ 24,85 per litre"
Blanche,"€ 2,55",Belgium,3.43,Brouwerij Corsendonk,4.8%,Wheat Beer - Witbier / Blanche,330ml,"€ 7,73 per litre"
So Close I Can Almost Smell Them,"€ 10,20",United States,4.22,The Answer,8.9%,IPA - Imperial / Double,Can 355ml,"€ 28,73 per litre"
Space Laser,"€ 9,00",United States,4.10,The Answer,8%,IPA - Imperial / Double New England / Hazy,Can 355ml,"€ 25,35 per litre"
Grand Hops,"€ 3,05",Belgium,3.46,Brouwerij Corsendonk,6.9%,IPA - Belgian,Can 355ml,"€ 25,35 per litre"
Brasserie Goudale Ipa,"€ 3,05",France,3.22,Brasserie Goudale - Les Brasseurs de Gayant,7.2%,IPA - Belgian,Can 355ml,"€ 25,35 per litre"
Black tuesday,"€ 59,00",United States,4.46,The Bruery,19.3%,Stout - Imperial / Double,Bottle 750ml,"€ 78,67 per litre"
Karel (Glutenvrij),"€ 3,09",Netherlands,3.41,Kaapse Brouwers,4.9%,IPA - Session,330ml,"€ 9,36 per litre"
Zuyd Saga 10,"€ 3,95",Netherlands,3.76,Zuyd Craft,10%,Belgian Quadrupel,330ml,"€ 11,97 per litre"
Brouwerij de Klep Paeterke Quadröppel,"€ 9,50",Netherlands,3.71,Brouwerij De Klep,11%,Belgian Quadrupel,Bottle 750ml,"€ 12,67 per litre"
Brouwerij de Klep Paeterke Quadröppel,"€ 3,95",Netherlands,3.71,Brouwerij De Klep,11%,Belgian Quadrupel,330ml,"€ 11,97 per litre"
Brouwerij de Klep Paeterke Triepel,"€ 3,85",Netherlands,3.61,Brouwerij De Klep,9%,Belgian Tripel,330ml,"€ 11,67 per litre"
Brouwerij de Klep Dominicaner Weizen,"€ 3,50",Netherlands,3.51,Brouwerij De Klep,5.5%,Wheat Beer - Hefeweizen,330ml,"€ 10,61 per litre"
Wentersch / De Klep / Stanislaus Brewskovitch / Holland Hop Huys Over De Grens,"€ 3,70",Netherlands,3.51,Wentersch,5.8%,Wheat Beer - Hefeweizen,330ml,"€ 11,21 per litre"
Brouwerij de Klep Paeterke Inkel,"€ 3,60",Netherlands,3.49,Brouwerij De Klep,5.5%,Blonde / Golden Ale - Other,330ml,"€ 10,91 per litre"
Brouwerij de Klep Witte van Grubbe,"€ 3,60",Netherlands,3.40,De Klep,5%,Wheat Beer - Witbier / Blanche,330ml,"€ 10,91 per litre"
Amulet,"€ 10,80",United States,4.27,Hudson Valley Brewery,7%,IPA - Sour,Can 473ml,"€ 22,83 per litre"
Zweipac,"€ 3,39",Netherlands,3.48,Kaapse Brouwers,6.5%,IPA - American,330ml,"€ 10,27 per litre"
BIO Friedensbier Golden Ale,"€ 3,14",Germany,3.44,Finne Brauerei,5.2%,Wheat Beer - Hefeweizen,330ml,"€ 9,52 per litre"
Krug Festbier,"€ 2,10",Germany,3.45,Krug-Bräu,5.5%,Festbier,500ml,"€ 4,20 per litre"
Herkenrode Abbey Vesper,"€ 3,70",Belgium,3.55,Brouwerij Cornelissen,9%,Belgian Tripel,330ml,"€ 11,21 per litre"
Barrel Aged Lunar Lycan,"€ 17,99",Sweden,4.32,Omnipollo,14.3%,Stout - Imperial / Double Milk,330ml,"€ 54,52 per litre"
Surette Bourbon,"€ 23,00",Switzerland,3.99,À tue-tête,8.6%,Sour - Other,Bottle 750ml,"€ 30,67 per litre"
Griotte Framboise,"€ 24,20",Switzerland,3.95,À tue-tête,7%,Sour - Fruited,Bottle 750ml,"€ 32,27 per litre"
Canon Chasselas,"€ 24,10",Switzerland,3.91,À tue-tête,6.6%,Sour - Fruited,Bottle 750ml,"€ 32,13 per litre"
Scarlet 2024,"€ 9,80",Poland,3.93,PINTA Barrel Brewing,5.5%,Wild Ale - Other,Bottle 375ml,"€ 26,13 per litre"
Scarlet 2024,"€ 16,10",Poland,3.93,PINTA Barrel Brewing,5.5%,Wild Ale - Other,Bottle 750ml,"€ 21,47 per litre"
Verzet Oud Bruin Super Boil,"€ 3,44",Belgium,3.64,Brouwerij 't Verzet,6%,Sour - Flanders Oud Bruin,330ml,"€ 10,42 per litre"
Sainte Nicolle,"€ 3,40",France,3.76,Microbrasserie La Montagnarde,8.5%,Belgian Strong Golden Ale,330ml,"€ 10,30 per litre"
L'Inouïe,"€ 2,90",France,3.63,Microbrasserie La Montagnarde,6.2%,Farmhouse Ale - Saison,330ml,"€ 8,79 per litre"
Mistica,"€ 6,50",Austria,3.47,Brauerei Hofstetten,6.5%,Altbier - Traditional,330ml,"€ 19,70 per litre"
Three Little Birds,"€ 3,95",Netherlands,3.56,Brouwerij Fusie,8.1%,Belgian Tripel,330ml,"€ 11,97 per litre"
Golden Brown,"€ 3,95",Netherlands,3.53,Brouwerij Fusie,9.8%,Belgian Strong Golden Ale,330ml,"€ 11,97 per litre"
Põhjala / Holy Mountain A Ton of Honey (Cellar Series),"€ 9,50",Estonia,4.06,Põhjala,13.2%,Stout - Imperial / Double,330ml,"€ 28,79 per litre"
Herkenrode Abbey Cister,"€ 9,95",Belgium,3.41,Brouwerij Cornelissen,6.5%,Belgian Blonde,Bottle 750ml,"€ 13,27 per litre"
Herkenrode Abbey Cister,"€ 3,40",Belgium,3.41,Brouwerij Cornelissen,6.5%,Belgian Blonde,330ml,"€ 10,30 per litre"
Herkenrode Abbey Noctis,"€ 3,40",Belgium,3.39,Brouwerij Cornelissen,7%,Brown Ale - Belgian,330ml,"€ 10,30 per litre"
Geuze Black Label,"€ 6,50",Belgium,4.00,Brouwerij Girardin,5%,Lambic - Gueuze,Bottle 375ml,"€ 17,33 per litre"
Oude Gueuze,"€ 6,50",Belgium,3.98,Hanssens Artisanaal,6%,Lambic - Gueuze,Bottle 375ml,"€ 17,33 per litre"
Kriek,"€ 6,80",Belgium,3.63,Brouwerij Girardin,5%,Lambic - Kriek,Bottle 375ml,"€ 18,13 per litre"
Italian Uncommon Ale,"€ 17,25",Italy,4.25,Ritual Lab,13.5%,Barleywine - Other,330ml,"€ 52,27 per litre"
Blue Suede Shews,"€ 495,00",United States,4.87,Pips Meadery,14%,Mead - Other,330ml,"€ 52,27 per litre"
WILD#20 Mixed Fermentation Cherry Ale,"€ 7,00",Poland,3.89,Browar Stu Mostów,7.1%,Farmhouse Ale - Other,Bottle 375ml,"€ 18,67 per litre"
Altitude,"€ 12,50",France,4.25,La Montagnarde Sauvage,5.5%,Sour - Other,Bottle 750ml,"€ 16,67 per litre"
Bois Joli,"€ 15,20",France,4.17,La Montagnarde Sauvage,6.2%,Farmhouse Ale - Other,Bottle 750ml,"€ 20,27 per litre"
Objects In the Mirror,"€ 7,30",France,4.04,The Chubby Brewing Company,10.5%,Stout - Russian Imperial,330ml,"€ 22,12 per litre"
Bulles des Prés,"€ 15,20",France,3.99,La Montagnarde Sauvage,6.5%,Sour - Other,Bottle 750ml,"€ 20,27 per litre"
Immortelle,"€ 15,20",France,3.97,La Montagnarde Sauvage,5.2%,Sour - Berliner Weisse,Bottle 750ml,"€ 20,27 per litre"
Charivari,"€ 5,40",France,3.78,Microbrasserie La Montagnarde,6.2%,IPA - American,Bottle 750ml,"€ 7,20 per litre"
La Denise,"€ 3,40",France,3.65,Microbrasserie La Montagnarde,7.5%,Porter - Other,330ml,"€ 10,30 per litre"
Rusticus Tempore,"€ 11,50",France,?,The Chubby Brewing Company,6.3%,Farmhouse Ale - Saison,Bottle 750ml,"€ 15,33 per litre"
Blueberry Muffin,"€ 7,49",United States,4.26,Great Notion Brewing,6%,Sour - Fruited,Bottle 750ml,"€ 15,33 per litre"
Ripe,"€ 6,99",United States,4.20,Great Notion Brewing,7%,IPA - New England / Hazy,Bottle 750ml,"€ 15,33 per litre"
Luminous Pi,"€ 7,29",United States,4.18,Great Notion Brewing,7.5%,Sour - Smoothie / Pastry,Bottle 750ml,"€ 15,33 per litre"
Passionfruit Mochi,"€ 6,69",United States,4.15,Great Notion Brewing,7%,IPA - Milkshake,473ml,"€ 14,14 per litre"
Serious Robot,"€ 5,99",United States,4.13,Great Notion Brewing,7%,IPA - New England / Hazy,473ml,"€ 14,14 per litre"
Blueberry Cheesecake,"€ 7,49",United States,4.13,Great Notion Brewing,6.6%,Sour - Fruited,473ml,"€ 14,14 per litre"
Juice Invader,"€ 6,99",United States,4.10,Great Notion Brewing,7%,IPA - New England / Hazy,473ml,"€ 14,14 per litre"
Return to Space,"€ 7,99",United States,4.09,Great Notion Brewing,7.2%,IPA - New England / Hazy,473ml,"€ 14,14 per litre"
Orange Creamsicle,"€ 6,29",United States,4.07,Great Notion Brewing,7%,IPA - Milkshake,473ml,"€ 14,14 per litre"
Van Beer,"€ 6,99",United States,4.04,Great Notion Brewing,7.2%,IPA - New England / Hazy,473ml,"€ 14,14 per litre"
POG Frog,"€ 7,49",United States,3.99,Great Notion Brewing,6%,Sour - Fruited,473ml,"€ 14,14 per litre"
BA Unwritten Rules,"€ 29,99",Brazil,4.38,Spartacus Brewing,15%,Stout - Imperial / Double,Bottle 375ml,"€ 79,97 per litre"
Standing Beer,"€ 9,30",England,4.06,Mills Brewing,7.5%,Farmhouse Ale - Other,Bottle 375ml,"€ 24,80 per litre"
Brewing King Of Bones Hazy DIPA,"€ 6,49",Germany,3.87,Black Rebel Brewing Company,7.2%,IPA - Imperial / Double New England / Hazy,Can 440ml,"€ 14,75 per litre"
Siren Black Mirror,"€ 7,20",England,4.03,Siren Craft Brew,8%,Stout - Imperial / Double Pastry,Can 440ml,"€ 16,36 per litre"
BLCK BA,"€ 5,75",Netherlands,3.91,Berging Brouwerij,12.5%,Barleywine - Other,330ml,"€ 17,42 per litre"
Homeland / Nevel Misthoorn,"€ 5,50",United States,3.76,New Holland Brewing,5.8%,Stout - Other,330ml,"€ 16,67 per litre"
Siren Times Eleven,"€ 5,50",England,3.60,Siren Craft Brew,5.2%,Lager - Helles,Can 440ml,"€ 12,50 per litre"
Brouwerij de Bie Blonde Bie,"€ 3,20",Belgium,3.30,Brouwerij De Bie,8%,Belgian Strong Golden Ale,330ml,"€ 9,70 per litre"
Brouwerij de Bie Riebedebie,"€ 3,40",Belgium,3.22,Brouwerij De Bie,9%,Belgian Strong Golden Ale,330ml,"€ 10,30 per litre"
De Rumoerige Roodborst Amber IPA,"€ 3,50",Netherlands,3.47,Bird Brewery,5.8%,Red Ale - American Amber / Red,Can 330ml,"€ 10,61 per litre"
Vuurvos Belgian Raw Ale,"€ 3,59",Belgium,3.71,Vrijstaat Vanmol Brewing,8%,Sour - Other,330ml,"€ 10,88 per litre"
Sako Gueuze Adelaar Elderflower,"€ 18,21",Belgium,3.33,Brouwerij-Stokerij Sako,6.5%,Lambic - Gueuze,Bottle 750ml,"€ 24,28 per litre"
Not For Breakfast Mango Cherry Cheesecake,"€ 4,50",Ukraine,3.92,Ten Men Brewery,6%,Sour - Smoothie / Pastry,330ml,"€ 13,64 per litre"
Calm In Paradise Mango Pineapple and Passion Fruit,"€ 4,50",Ukraine,4.13,Ten Men Brewery,6.1%,Sour - Fruited,330ml,"€ 13,64 per litre"
Calm In Paradise Pineapple Passion Fruit And Ice Cream,"€ 4,50",Ukraine,4.03,Ten Men Brewery,5%,Sour - Fruited,330ml,"€ 13,64 per litre"
Tripel,"€ 2,72",Belgium,2.99,Force Majeure,0.4%,Non-Alcoholic - Other,330ml,"€ 8,24 per litre"
Geboortebiertje Baby Blond,"€ 3,30",Netherlands,3.35,Brouwerij 't Meuleneind,6.5%,Belgian Blonde,330ml,"€ 10,00 per litre"
Orange Blossom Sparkling Infused Lambic,"€ 19,87",Belgium,4.04,Oud Beersel,7%,Lambic - Traditional,Bottle 750ml,"€ 26,49 per litre"
Kriekenlambiek Beer Box,"€ 40,37",Belgium,3.82,Oud Beersel,7.5%,Lambic - Kriek,3100ml,"€ 13,02 per litre"
Rabarber Lambiek Beer Box,"€ 37,96",Belgium,3.75,Oud Beersel,5%,Lambic - Other,3100ml,"€ 12,25 per litre"
Moinette Biologique,"€ 3,60",Belgium,3.61,Brasserie Dupont,7.5%,Farmhouse Ale - Saison,330ml,"€ 10,91 per litre"
Blanche du Hainaut Biologique,"€ 2,60",Belgium,3.26,Brasserie Dupont,5.5%,Wheat Beer - Witbier / Blanche,Bottle 250ml,"€ 10,40 per litre"
Bière vivante de la Roche de Mûrs 2023,"€ 13,70",France,4.19,La Brasserie des Voirons / LUG,6.5%,Grape Ale - Other,Bottle 750ml,"€ 18,27 per litre"
Wandering Midnight,"€ 26,50",England,4.11,Cloudwater Brew Co.,7.2%,Wild Ale - Other,Bottle 750ml,"€ 35,33 per litre"
Bière vivante de coing à la noix 2023,"€ 13,70",France,2.68,La Brasserie des Voirons / LUG,6%,Sour - Fruited,Bottle 750ml,"€ 18,27 per litre"
Pauwel Kwak,"€ 2,90",Belgium,3.76,Brouwerij Bosteels,8.4%,Pale Ale - Belgian,330ml,"€ 8,79 per litre"
Straffe Hendrik Brugs Tripel Bier,"€ 3,20",Belgium,3.76,Brouwerij De Halve Maan,9%,Belgian Tripel,330ml,"€ 9,70 per litre"
Cuvee Clarisse Wild Weasel Whisky Infused,"€ 13,60",Belgium,3.75,Brouwerij Wilderen,10.2%,Belgian Strong Dark Ale,Bottle 750ml,"€ 18,13 per litre"
Wolf 7,"€ 2,60",Belgium,3.53,Brouwerij Wolf,7.4%,Belgian Strong Golden Ale,330ml,"€ 7,88 per litre"
De Dool Ter Dolen Blond,"€ 2,85",Belgium,3.50,Ter Dolen,6.1%,Belgian Blonde,330ml,"€ 8,64 per litre"
Duchesse Cherry,"€ 4,80",Belgium,3.93,Brouwerij Verhaeghe,6.8%,Sour - Flanders Red Ale,Bottle 330ml,"€ 14,55 per litre"
Kasteel Rouge,"€ 4,80",Belgium,3.58,Kasteel Brouwerij Vanhonsebrouck,8%,Fruit Beer,Bottle 330ml,"€ 14,55 per litre"
Framboise 2023,"€ 22,99",France,3.94,Popihn Sauvages,6.5%,Wild Ale - Other,Bottle 750ml,"€ 30,65 per litre"
Berliner Weisse Framboise,"€ 7,79",France,3.73,Popihn,4%,Sour - Fruited Berliner Weisse,Can 440ml,"€ 17,70 per litre"
Hefe Weisse,"€ 1,99",Germany,3.58,Brauhaus Riegele,5%,Wheat Beer - Hefeweizen,500ml,"€ 3,98 per litre"
Feines Urhell,"€ 1,69",Germany,3.49,Brauhaus Riegele,4.7%,Lager - Helles,330ml,"€ 5,12 per litre"
Chest Candy,"€ 6,99",Brazil,4.00,Spartacus Brewing,7.8%,IPA - Imperial / Double New England / Hazy,Can 440ml,"€ 15,89 per litre"
Salsa Verde 2023,"€ 19,95",Switzerland,4.11,À tue-tête,6%,Sour - Fruited,Bottle 750ml,"€ 26,60 per litre"
Surette 2024,"€ 16,95",Switzerland,3.99,À tue-tête,6.5%,Sour - Other,Bottle 750ml,"€ 22,60 per litre"
Never Before 4,"€ 10,38",Hungary,4.34,Reketye Brewing Co.,13%,Stout - Imperial / Double,Bottle 330ml,"€ 31,45 per litre"
Meet The Riwakas,"€ 7,99",United States,4.08,Hop Butcher For The World,6.5%,IPA - New England / Hazy,473ml,"€ 16,89 per litre"
SANTE ADAIRIUS Summer Sapling,"€ 24,00",United States,4.01,Sante Adairius Rustic Ales,5.7%,Belgian Blonde,Bottle 750ml,"€ 32,00 per litre"
Kestemont: Kruisbes 2022,"€ 9,49",Belgium,3.84,Brouwerij Kestemont,5.5%,Lambic - Fruit,Bottle 375ml,"€ 25,31 per litre"
HEMP,"€ 3,10",Netherlands,3.07,Berging Brouwerij,5.2%,Spiced / Herbed Beer,330ml,"€ 9,39 per litre"
Anniversary 09 Imperial Stout,"€ 6,99",Netherlands,3.80,Brouwerij Kees,9.99%,Stout - Imperial / Double,Can 440ml,"€ 15,89 per litre"
Mirabelle 2023,"€ 17,50",France,4.31,Popihn Sauvages,7%,Wild Ale - Other,Bottle 750ml,"€ 23,33 per litre"
Pohjala Helge,"€ 3,75",Estonia,3.55,Põhjala,5%,Gluten-Free,330ml,"€ 11,36 per litre"
Bersalis Kadet,"€ 3,50",Belgium,3.06,Oud Beersel,4.5%,Belgian Blonde,330ml,"€ 10,61 per litre"
Schwanensee,"€ 1,09",Germany,3.36,Landgang Brauerei,3%,Shandy / Radler,330ml,"€ 3,30 per litre"
Yellow Jelster J*4,"€ 3,39",Netherlands,3.50,JELSTER,6.7%,Belgian Blonde,330ml,"€ 10,27 per litre"
TDH Triple Adhara,"€ 8,29",United States,4.26,Phase Three Brewing,10%,IPA - Triple New England / Hazy,330ml,"€ 10,27 per litre"
Double Pixel Daydream / Other Half,"€ 8,79",United States,4.20,Phase Three Brewing,7.7%,IPA - Imperial / Double New England / Hazy,330ml,"€ 10,27 per litre"
DDH Velvet Vortex,"€ 8,79",United States,4.14,Phase Three Brewing,7.7%,IPA - Imperial / Double New England / Hazy,330ml,"€ 10,27 per litre"
DDH Adhara,"€ 8,55",United States,4.13,Phase Three Brewing,8.3%,IPA - Imperial / Double New England / Hazy,330ml,"€ 10,27 per litre"
DDH Cryptid Haze,"€ 8,79",United States,4.13,Phase Three Brewing,7.7%,IPA - Imperial / Double New England / Hazy,330ml,"€ 10,27 per litre"
Coconut Club / Weldwerks,"€ 9,03",United States,4.12,Phase Three Brewing,5.25%,Sour - Fruited,330ml,"€ 10,27 per litre"
DDH Color Channel,"€ 7,69",United States,4.11,Phase Three Brewing,7.7%,IPA - Imperial / Double New England / Hazy,473ml,"€ 16,26 per litre"
Marmalade,"€ 6,99",United States,4.10,Phase Three Brewing,6.5%,IPA - New England / Hazy,473ml,"€ 16,26 per litre"
DDH Overlaid,"€ 7,69",United States,4.09,Phase Three Brewing,7.8%,IPA - Imperial / Double New England / Hazy,473ml,"€ 16,26 per litre"
DDH Gravlax,"€ 8,79",United States,4.02,Phase Three Brewing,7.8%,IPA - Imperial / Double New England / Hazy,473ml,"€ 18,58 per litre"
Chocolate Hills: Marshmallow,"€ 10,99",United States,4.01,Phase Three Brewing,8%,Stout - Milk / Sweet,473ml,"€ 18,58 per litre"
Crop Sensor,"€ 7,99",United States,3.94,Phase Three Brewing,6.5%,IPA - New England / Hazy,473ml,"€ 18,58 per litre"
Perception of Depth,"€ 8,29",United States,3.91,Phase Three Brewing,6.5%,Brown Ale - American,473ml,"€ 18,58 per litre"
Brush Set,"€ 6,63",United States,3.83,Phase Three Brewing,6.5%,IPA - American,473ml,"€ 18,58 per litre"
Maïtre Tripel Red Wine BA,"€ 3,77",Belgium,3.60,Brewery De Meester,9%,Belgian Tripel,330ml,"€ 11,42 per litre"
De Meester / Alvinne Land Van De Meester,"€ 5,45",Netherlands,3.49,Vrienden Van Bob,11%,Wheat Beer - Hefeweizen,330ml,"€ 16,52 per litre"
The Funk Vault,"€ 12,04",Hungary,3.56,MadX,5%,Farmhouse Ale - Other,Bottle 375ml,"€ 32,11 per litre"
Apple & Ginger Cider,"€ 2,79",Croatia,3.56,Buzdovan,5%,Cider - Herbed / Spiced / Hopped,Bottle 375ml,"€ 32,11 per litre"
Red Apple Cider,"€ 2,79",Croatia,3.41,Buzdovan,5%,Cider - Traditional / Apfelwein,330ml,"€ 8,45 per litre"
Blonde Ale,"€ 1,90",Poland,3.11,Browar Fortuna,6%,Belgian Blonde,Bottle 500ml,"€ 3,80 per litre"
"Berry Smoothie Marshmallow, Blueberry, Blackberry, Banana, Coconut","€ 4,50",Ukraine,3.94,Ten Men Brewery,6.8%,Sour - Smoothie / Pastry,330ml,"€ 13,64 per litre"
Oude Geuze 18/19 Assemblage n°76,"€ 7,48",Belgium,4.28,Brouwerij 3 Fonteinen,7.4%,Lambic - Gueuze,Bottle 375ml,"€ 19,95 per litre"
De Cam Perzik 2022,"€ 33,71",Belgium,4.26,Geuzestekerij De Cam,5.5%,Lambic - Fruit,Bottle 750ml,"€ 44,95 per litre"
Wolgor Blend 1123,"€ 14,00",Austria,4.20,Brauhaus Bevog,12.5%,Stout - Russian Imperial,330ml,"€ 42,42 per litre"
Wijnbergperzik (season 22|23) Blend No. 26,"€ 26,95",Belgium,4.32,Brouwerij 3 Fonteinen,6%,Lambic - Fruit,Bottle 750ml,"€ 35,93 per litre"
Silent Exchange By Rackhouse,"€ 18,75",Norway,4.36,LERVIG,15.8%,Stout - Imperial / Double,Bottle 375ml,"€ 50,00 per litre"
Weiherer - India Pale Ale,"€ 3,60",Germany,3.37,Brauerei Kundmüller,6.7%,IPA - American,500ml,"€ 7,20 per litre"
Double Citra Daydream,"€ 8,99",United States,4.43,Other Half Brewing Co.,8.5%,IPA - Imperial / Double New England / Hazy,473ml,"€ 19,01 per litre"
Double Mosaic Dream,"€ 10,15",United States,4.37,Other Half Brewing Co.,8.5%,IPA - Imperial / Double New England / Hazy,473ml,"€ 19,01 per litre"
All Citra Everything,"€ 7,29",United States,4.36,Other Half Brewing Co.,8.5%,IPA - Imperial / Double New England / Hazy,,
Motueka + Galaxy,"€ 8,99",United States,4.28,Other Half Brewing Co.,8.5%,IPA - Imperial / Double New England / Hazy,473ml,"€ 19,01 per litre"
Thank You For Juicing!,"€ 11,19",United States,4.28,Other Half Brewing Co.,8%,IPA - Imperial / Double New England / Hazy,473ml,"€ 23,66 per litre"
Stacks On Stacks: Southern Hemisphere,"€ 11,19",United States,4.27,Other Half Brewing Co.,8.5%,IPA - Imperial / Double New England / Hazy,473ml,"€ 23,66 per litre"
Broccoli,"€ 12,69",United States,4.26,Other Half Brewing Co.,7.9%,IPA - Imperial / Double,473ml,"€ 23,66 per litre"
Forever Simcoe,"€ 8,99",United States,4.26,Other Half Brewing Co.,8.5%,IPA - Imperial / Double New England / Hazy,473ml,"€ 19,01 per litre"
Mosaic + Nectaron,"€ 11,19",United States,4.25,Other Half Brewing Co.,8.5%,IPA - Imperial / Double New England / Hazy,473ml,"€ 23,66 per litre"
Double Dry Hopped All Riwaka Everything,"€ 8,99",United States,4.22,Other Half Brewing Co.,8.5%,IPA - Imperial / Double,473ml,"€ 19,01 per litre"
Space Dream,"€ 11,29",United States,4.19,Other Half Brewing Co.,6%,IPA - New England / Hazy,473ml,"€ 23,87 per litre"
All Nelson Everything,"€ 10,15",United States,4.18,Other Half Brewing Co.,8.5%,IPA - Imperial / Double New England / Hazy,473ml,"€ 21,46 per litre"
Green Diamonds,"€ 8,99",United States,4.18,Other Half Brewing Co.,8.5%,IPA - Imperial / Double New England / Hazy,473ml,"€ 21,46 per litre"
Go With the Flow,"€ 10,63",United States,4.17,Other Half Brewing Co.,6.5%,IPA - New England / Hazy,473ml,"€ 22,47 per litre"
Double Cashmere Daydream,"€ 8,99",United States,4.14,Other Half Brewing Co.,8.5%,IPA - Imperial / Double New England / Hazy,473ml,"€ 22,47 per litre"
Big Riwaka Vibes,"€ 10,15",United States,4.13,Other Half Brewing Co.,6.5%,IPA - New England / Hazy,473ml,"€ 21,46 per litre"
Motueka Daydream,"€ 11,29",United States,4.13,Other Half Brewing Co.,6.5%,IPA - New England / Hazy,473ml,"€ 21,46 per litre"
Green City,"€ 8,49",United States,4.12,Other Half Brewing Co.,7%,IPA - New England / Hazy,473ml,"€ 17,95 per litre"
I'd Rather Be Juicing,"€ 7,99",United States,4.08,Other Half Brewing Co.,7%,IPA - New England / Hazy,473ml,"€ 17,95 per litre"
Big Simcoe Vibes,"€ 7,99",United States,4.06,Other Half Brewing Co.,6.5%,IPA - New England / Hazy,473ml,"€ 16,89 per litre"
Resisting Static,"€ 5,25",England,3.93,Left Handed Giant Brewing,6.5%,IPA - New England / Hazy,Can 440ml,"€ 11,93 per litre"
Oude Kriek,"€ 4,18",Belgium,3.43,Brouwerij Mort Subite,6.5%,Lambic - Kriek,Bottle 375ml,"€ 11,15 per litre"
Gouden Carolus Whisky Infused,"€ 3,00",Belgium,4.00,Brouwerij Het Anker,11.7%,Belgian Strong Dark Ale,330ml,"€ 9,09 per litre"
Moray IPA,"€ 2,20",Netherlands,3.42,Stadshaven Brouwerij,5.5%,IPA - Other,330ml,"€ 6,67 per litre"
Redhead Ale,"€ 2,00",Netherlands,3.25,Stadshaven Brouwerij,5.8%,Red Ale - Other,330ml,"€ 6,06 per litre"
Barrel West-Fries Dunkelweizen,"€ 3,15",Netherlands,3.18,De Bierbroeders,5.5%,Wheat Beer - Dunkelweizen,330ml,"€ 9,55 per litre"
Silent Exchange By Rackhouse Bourbon Barrel Aged Imperial Stout,"€ 18,95",Norway,4.36,LERVIG,15.8%,Stout - Imperial / Double,Bottle 375ml,"€ 50,53 per litre"
Cellar of Shadows Imperial Stout,"€ 8,00",Netherlands,4.02,Folkingebrew,12%,Stout - Imperial / Double,Can 440ml,"€ 18,18 per litre"
Resilience Barleywine,"€ 8,30",Portugal,3.92,Fermentage,12%,Barleywine - American,Bottle 375ml,"€ 22,13 per litre"
Cien Gaviotes IPA,"€ 7,10",Spain,3.80,Little Rain Brewing Company,6.2%,IPA - American,Can 440ml,"€ 16,14 per litre"
Donderbus Pastry Stout,"€ 7,10",Netherlands,3.76,Brouwerij Homeland,11.2%,Stout - Pastry,Can 330ml,"€ 21,52 per litre"
Enjoy the Silence Quadrupel,"€ 4,10",Netherlands,3.75,Brouwerij Kees,11.5%,Belgian Quadrupel,Can 330ml,"€ 12,42 per litre"
Kutbier Blond Met PERZIK,"€ 9,95",Netherlands,3.34,Brouwerij Boegbeeld,6.3%,Belgian Blonde,Bottle 750ml,"€ 13,27 per litre"
Smoking Chaos Lichtenhainer,"€ 4,40",Netherlands,2.97,Dutch Bargain,4.3%,Historical Beer - Lichtenhainer,Can 330ml,"€ 13,33 per litre"
Nine Years Of Friendship,"€ 7,65",Poland,4.00,Browar Nepomucen,10.5%,Stout - Imperial / Double,500ml,"€ 15,30 per litre"
Apple and Ginger Cider,"€ 2,95",Croatia,3.56,Buzdovan,5%,Cider - Herbed / Spiced / Hopped,330ml,"€ 8,94 per litre"
Apple & Elderflower,"€ 2,95",Croatia,3.42,Buzdovan,5%,Cider - Herbed / Spiced / Hopped,330ml,"€ 8,94 per litre"
Red Apple Cider,"€ 2,95",Croatia,3.41,Buzdovan,5%,Cider - Traditional / Apfelwein,330ml,"€ 8,94 per litre"
Apple Cider Dry,"€ 2,95",Croatia,3.37,Buzdovan,5%,Cider - Dry,330ml,"€ 8,94 per litre"
Rhodesian,"€ 2,99",Netherlands,3.65,Brouwerij Frontaal,11.3%,Barleywine - American,330ml,"€ 9,06 per litre"
We've Got You Coverd,"€ 6,30",Netherlands,3.81,Klere Boght,11%,Porter - Imperial / Double Baltic,330ml,"€ 19,09 per litre"
Currents – Fruited Sour,"€ 6,45",Germany,3.69,Schwarze Rose,6%,Sour - Fruited,Can 440ml,"€ 14,66 per litre"
"100% Hoogstam appels Eikengerijpt  Oogst 2021 6,6%","€ 7,50",Netherlands,3.46,IESSEL Cider,7.2%,Cider - Dry,500ml,"€ 15,00 per litre"
"100% Hoogstam appels Oogst 2021 7,0%","€ 7,50",Netherlands,3.20,IESSEL Cider,7.2%,Cider - Dry,500ml,"€ 15,00 per litre"
Bean Butcher Imperial Pastry Stout,"€ 7,90",Netherlands,4.18,Moersleutel Craft Brewery,11%,Stout - Imperial / Double Pastry,Can 440ml,"€ 17,95 per litre"
"A Philipine, a Japanese and a Brazilian Walk Into a Bar Sour IPA","€ 6,35",Portugal,3.98,Fermentage,5%,IPA - Sour,Bottle 375ml,"€ 16,93 per litre"
Warm Autumn Feelings Imperial Brown Ale,"€ 6,50",Portugal,3.86,Fermentage,8%,Brown Ale - Imperial / Double,Bottle 375ml,"€ 17,33 per litre"
Lost Cyclops (2024) Imperial Pastry Stout,"€ 11,10",England,4.08,Neon Raptor Brewing Co.,12%,Stout - Imperial / Double Pastry,Can 440ml,"€ 25,23 per litre"
Pastry Train Schwarzwälder Kirsch Pastry Stout,"€ 4,75",Netherlands,3.92,Brouwerij Kees,12.9%,Stout - Imperial / Double Pastry,Can 330ml,"€ 14,39 per litre"
Muy Pastry Imperial Pastry Stout,"€ 7,40",Argentina,3.86,Juguetes Perdidos,10.5%,Stout - Imperial / Double Pastry,Can 330ml,"€ 22,42 per litre"
Rye Royale Barleywine,"€ 4,40",Netherlands,3.81,Brouwerij Kees,10.9%,Rye Wine,Can 330ml,"€ 13,33 per litre"
Ongelovige Thomas American Quad,"€ 3,75",Netherlands,3.65,Jopen,10%,Belgian Quadrupel,Can 330ml,"€ 11,36 per litre"
Space Race Non Alcoholic Pale Ale,"€ 3,45",England,3.00,Original Stormtrooper Beer,0.5%,Non-Alcoholic - Pale Ale,Can 330ml,"€ 10,45 per litre"
Painted Black Imperial Stout,"€ 4,75",Netherlands,3.73,POPHOP,10%,Stout - Imperial / Double,330ml,"€ 14,39 per litre"
Cyber Jazz Infused Quadrupel,"€ 3,95",Netherlands,3.66,POPHOP,10%,Belgian Quadrupel,330ml,"€ 11,97 per litre"
?n Toeback 5 Tango Hop Special Zwaar Blond,"€ 3,40",Belgium,3.59,Scheldebrouwerij,9%,Belgian Strong Golden Ale,330ml,"€ 10,30 per litre"
Killer Queen Tripel,"€ 3,95",Netherlands,3.51,POPHOP,8%,Belgian Tripel,330ml,"€ 11,97 per litre"
SHIPA Citra Biologisch,"€ 3,00",Netherlands,3.46,Naeckte Brouwers,6.8%,IPA - American,330ml,"€ 9,09 per litre"
Verzet Foederbier - Marky Ramone,"€ 3,57",Belgium,3.83,Brouwerij 't Verzet,6%,Sour - Flanders Oud Bruin,330ml,"€ 10,82 per litre"
Verzet Oud Bruin Oak Leaf 2023,"€ 4,53",Belgium,3.75,Brouwerij 't Verzet,6%,Sour - Flanders Oud Bruin,330ml,"€ 13,73 per litre"
Gebrouwen om te Trouwen Cheers to Love Blond,"€ 3,40",Netherlands,3.63,Gebrouwen Door Vrouwen,6.2%,Belgian Blonde,330ml,"€ 10,30 per litre"
Non Dubbel,"€ 3,35",Netherlands,3.45,Naeckte Brouwers,7.5%,Belgian Dubbel,330ml,"€ 10,15 per litre"
Gooisch Saison,"€ 3,35",Netherlands,3.45,Gooische Bierbrouwerij,6%,Farmhouse Ale - Saison,330ml,"€ 10,15 per litre"
Blanche Wit,"€ 2,60",Belgium,3.38,Brouwerij Corsendonk,4.3%,Wheat Beer - Witbier / Blanche,330ml,"€ 7,88 per litre"
Youmankind Hoppy Saison,"€ 2,95",Netherlands,3.15,Bruut Bier,6%,Farmhouse Ale - Saison,330ml,"€ 8,94 per litre"
Saison Biologisch Glutenvrij,"€ 2,75",Belgium,3.11,Brasserie de Brunehaut,4.5%,Gluten-Free,330ml,"€ 8,33 per litre"
Octopus Blond 0.4 Alcoholvrij,"€ 2,95",Netherlands,3.09,Stadshaven Brouwerij,0.4%,Non-Alcoholic - Other,330ml,"€ 8,94 per litre"
Monte Cristo Barleywine,"€ 5,95",Belgium,3.98,Brouwerij Bosteels,11.5%,Belgian Strong Dark Ale,330ml,"€ 18,03 per litre"
Draught,"€ 3,50",Ireland,3.77,Guinness,4.2%,Stout - Irish Dry,Can 500ml,"€ 7,00 per litre"
Piraat Special Reserve Aged In Rum Barrels,"€ 10,95",Belgium,3.63,Brouwerij Van Steenberge,10.5%,Belgian Strong Golden Ale,Bottle 750ml,"€ 14,60 per litre"
Piranha Tripel,"€ 2,20",Netherlands,3.53,Stadshaven Brouwerij,8.5%,Belgian Tripel,330ml,"€ 6,67 per litre"
Special Export Stout,"€ 3,55",Ireland,3.51,Guinness,8%,Stout - Foreign / Export,330ml,"€ 10,76 per litre"
Great White Witbier,"€ 2,10",Netherlands,3.37,Stadshaven Brouwerij,5.3%,Wheat Beer - Other,330ml,"€ 6,36 per litre"
Tropical Ale,"€ 3,25",Netherlands,3.12,Lowlander Beer,3.8%,Spiced / Herbed Beer,330ml,"€ 9,85 per litre"
Cuvee Delphine 2020,"€ 5,95",Belgium,4.13,De Struise Brouwers,13%,Stout - Russian Imperial,330ml,"€ 18,03 per litre"
Pannepot Special Reserva Wine & Port Barrel Aged For Three Years,"€ 6,15",Belgium,3.98,De Struise Brouwers,10%,Belgian Strong Dark Ale,330ml,"€ 18,64 per litre"
Space Operator,"€ 5,94",Ireland,3.83,Whiplash,10%,IPA - New England / Hazy,Can 440ml,"€ 13,50 per litre"
Happy Demons / Brouwerij RaZ Razzy Demons,"€ 4,95",Netherlands,3.66,Happy Demons Craft Beer,9.5%,Stout - Other,330ml,"€ 15,00 per litre"
Strieper Prototype No12 New England Double IPA,"€ 4,25",Netherlands,3.61,Strieper Craft Beer Company,8%,IPA - Imperial / Double New England / Hazy,330ml,"€ 12,88 per litre"
Happy Demons Imagine Demons Smoke & Mirrors,"€ 4,95",Netherlands,3.48,Happy Demons Craft Beer,6.4%,Porter - Smoked,330ml,"€ 15,00 per litre"
Happy Demons Graan Voor Visch,"€ 3,95",Netherlands,3.41,Happy Demons Craft Beer,4.8%,Farmhouse Ale - Saison,330ml,"€ 11,97 per litre"
Twenty Six (xxvi),"€ 45,50",United States,4.36,Central Waters Brewing Company,14.1%,Stout - Imperial / Double,Bottle 650ml,"€ 70,00 per litre"
Brewer's Reserve Peruvian Morning,"€ 9,75",United States,4.20,Central Waters Brewing Company,11.7%,Stout - Imperial / Double Coffee,,
Silent Exchange By Rackhouse,"€ 18,45",Norway,4.36,LERVIG,15.8%,Stout - Imperial / Double,Bottle 375ml,"€ 49,20 per litre"
V-Cake,"€ 10,85",Romania,4.18,Blackout Brewing,12%,Stout - Imperial / Double Pastry,330ml,"€ 32,88 per litre"
Maiden (2023),"€ 12,85",England,4.17,Siren Craft Brew,10%,Barleywine - English,Bottle 375ml,"€ 34,27 per litre"
Lost Cyclops (2024),"€ 9,75",England,4.08,Neon Raptor Brewing Co.,12%,Stout - Imperial / Double Pastry,Can 440ml,"€ 22,16 per litre"
V-Blend,"€ 10,85",Romania,4.07,Blackout Brewing,12%,Stout - Imperial / Double Coffee,330ml,"€ 32,88 per litre"
Pastry Train Schwarzwälder Kirsch,"€ 4,45",Netherlands,3.92,Brouwerij Kees,12.9%,Stout - Imperial / Double Pastry,330ml,"€ 13,48 per litre"
Resilience,"€ 7,75",Portugal,3.92,Fermentage,12%,Barleywine - American,Bottle 375ml,"€ 20,67 per litre"
Rye Royale,"€ 3,95",Netherlands,3.81,Brouwerij Kees,10.9%,Rye Wine,330ml,"€ 11,97 per litre"
Don't Stop Me Now,"€ 5,75",Netherlands,3.77,Brouwerij Frontaal,10%,Wheat Beer - Wheat Wine,330ml,"€ 17,42 per litre"
I Could Eat A Peach For Hours,"€ 5,95",Portugal,3.56,Fermentage,5.2%,Farmhouse Ale - Grisette,Bottle 375ml,"€ 15,87 per litre"
Sourcase #1,"€ 4,00",Greece,3.52,Main Squeeze Brewing,5.4%,Sour - Fruited,Can 500ml,"€ 8,00 per litre"
Faza,"€ 2,70",Poland,3.47,Browar Wielka Sowa,5.6%,IPA - Other,Bottle 500ml,"€ 5,40 per litre"
Amper,"€ 2,70",Poland,3.39,Browar Wielka Sowa,4.9%,Pale Ale - American,Bottle 500ml,"€ 5,40 per litre"
Chocolate Brandy Alexander,"€ 19,99",United States,4.18,Breakside Brewery,8.4%,Stout - Milk / Sweet,Bottle 650ml,"€ 30,75 per litre"
Baladin Nazionale Gluten Free,"€ 5,50",Italy,3.35,BIRRIFICIO AGRICOLO BALADIN - Baladin Indipendente Italian Farm Brewery,6.5%,Gluten-Free,330ml,"€ 16,67 per litre"
Rise Up (ghost Rise Up),"€ 9,99",United States,4.13,Adroit Theory,10%,IPA - Triple New England / Hazy,330ml,"€ 16,67 per litre"
Bistro Strawberry & Rhubarb Crumble,"€ 9,99",United States,4.30,Energy City Brewing,6.5%,Sour - Fruited Berliner Weisse,330ml,"€ 16,67 per litre"
Delirium Tremens,"€ 4,90",Belgium,3.85,Delirium - Huyghe Brewery,8.5%,Belgian Strong Golden Ale,330ml,"€ 14,85 per litre"
Arise Can,"€ 4,80",England,3.62,Burning Sky Brewery,4.4%,Pale Ale - American,Can 440ml,"€ 10,91 per litre"
Double Haze,"€ 3,75",Netherlands,3.72,Brouwerij Kees,8.5%,IPA - Imperial / Double New England / Hazy,330ml,"€ 11,36 per litre"
Althea,"€ 2,95",Ireland,3.56,Galway Bay Brewery,4.8%,IPA - Session,330ml,"€ 8,94 per litre"
Blonde Snol,"€ 8,95",Netherlands,3.52,Het Dijkhuis,8.5%,Blonde / Golden Ale - Other,Bottle 750ml,"€ 11,93 per litre"
Roasted Oolong Tea Sparkling Infused Lambiek,"€ 19,87",Belgium,3.84,Oud Beersel,7%,Lambic - Traditional,Bottle 750ml,"€ 26,49 per litre"
High Five,"€ 3,59",Netherlands,3.57,Breugem Bier,8.1%,Belgian Tripel,330ml,"€ 10,88 per litre"
We've Got You Coverd,"€ 6,29",Netherlands,3.81,Klere Boght,11%,Porter - Imperial / Double Baltic,330ml,"€ 19,06 per litre"
Naturel Mede,"€ 17,75",Netherlands,3.80,Mederij Marcus,11%,Mead - Traditional,500ml,"€ 35,50 per litre"
Rose Flowers Sparkling Infused Lambic,"€ 19,87",Belgium,3.82,Oud Beersel,7%,Lambic - Other,Bottle 750ml,"€ 26,49 per litre"
Cien Gaviotas,"€ 6,25",Spain,3.80,Little Rain Brewing Company,6.2%,IPA - American,Can 440ml,"€ 14,20 per litre"
Lervig Kveik Culture: Brewski,"€ 6,50",Norway,3.77,LERVIG,8%,Sour - Smoothie / Pastry,330ml,"€ 19,70 per litre"
Straffe Hendrik Heritage 2022 Oak Aged Quadrupel,"€ 25,95",Belgium,4.08,Brouwerij De Halve Maan,11%,Belgian Quadrupel,Bottle 750ml,"€ 34,60 per litre"
Dirty Bastard Scotch Ale,"€ 4,05",United States,3.77,Founders Brewing Co.,8.5%,Scotch Ale / Wee Heavy,355ml,"€ 11,41 per litre"
Blonde Tripel,"€ 2,80",Belgium,3.60,Brasserie Lupulus,8.5%,Belgian Tripel,330ml,"€ 8,48 per litre"
Jan Van Oudenaarde Tripel,"€ 3,25",Belgium,3.35,Brouwerij Slaapmutske,8%,Gluten-Free,330ml,"€ 9,85 per litre"
Superstratum (2023),"€ 35,25",United States,4.32,Bottle Logic Brewing,12.5%,Stout - Imperial / Double Pastry,500ml,"€ 70,50 per litre"
Cephalophilosophy (2023),"€ 35,25",United States,4.29,Bottle Logic Brewing,14.9%,Stout - Imperial / Double Pastry,500ml,"€ 70,50 per litre"
9th Birthday DIPA,"€ 7,50",England,4.14,Cloudwater Brew Co.,8%,IPA - Imperial / Double New England / Hazy,Can 440ml,"€ 17,05 per litre"
Free Gelato: Szarlotka,"€ 4,25",Poland,3.84,Funky Fluid,0.5%,Non-Alcoholic - Sour,500ml,"€ 8,50 per litre"
9th Birthday DDH IPA,"€ 7,25",England,4.06,Cloudwater Brew Co.,6%,IPA - New England / Hazy,Can 440ml,"€ 16,48 per litre"
9th Birthday Pale,"€ 4,75",England,3.84,Cloudwater Brew Co.,4.5%,Pale Ale - New England / Hazy,Can 440ml,"€ 10,80 per litre"
State of Enlightenment (2024),"€ 35,25",United States,4.34,Bottle Logic Brewing,13.3%,Stout - Imperial / Double,500ml,"€ 70,50 per litre"
Form Five (2023),"€ 35,25",United States,4.31,Bottle Logic Brewing,14.3%,Stout - Imperial / Double,500ml,"€ 70,50 per litre"
Memories,"€ 5,99",Spain,3.93,Little Rain Brewing Company,7.4%,IPA - New England / Hazy,Can 440ml,"€ 13,61 per litre"
Cien Gaviotas,"€ 5,85",Spain,3.80,Little Rain Brewing Company,6.2%,IPA - American,Can 440ml,"€ 13,30 per litre"
BIG SXXXY,"€ 64,95",United States,4.38,3 Sons Brewing Co.,10.5%,Barleywine - English,Can 440ml,"€ 13,30 per litre"
Twenty Six (XXVI),"€ 39,99",United States,4.36,Central Waters Brewing Company,12.7%,Stout - Imperial / Double,Bottle 650ml,"€ 61,52 per litre"
Parabolic,"€ 7,49",Spain,3.84,Garage Beer Co.,7.5%,Porter - Baltic,Can 440ml,"€ 17,02 per litre"
St. Bernardus Tripel,"€ 3,49",Belgium,3.75,Brouwerij St.Bernardus,8%,Belgian Tripel,330ml,"€ 10,58 per litre"
Schneider Cuvée Barrique Tap X 2018,"€ 12,95",Germany,3.82,Schneider Weisse G. Schneider & Sohn,9.5%,Bock - Weizenbock,Bottle 750ml,"€ 17,27 per litre"
Schneider Cuvée Barrique Tap X 2019,"€ 12,95",Germany,3.61,Schneider Weisse G. Schneider & Sohn,9.5%,Bock - Weizendoppelbock,Bottle 750ml,"€ 17,27 per litre"
BRULO 5 Fruit Gose,"€ 3,50",Scotland,3.38,BRULO,9.5%,Non-Alcoholic - Sour,330ml,"€ 10,61 per litre"
Once Upon A Time In Manchester: Stout,"€ 7,40",England,3.90,Cloudwater Brew Co.,7%,Stout - English,Can 440ml,"€ 16,82 per litre"
The Light Behind It All,"€ 18,50",England,3.82,Cloudwater Brew Co.,7.2%,Wild Ale - Other,Bottle 750ml,"€ 24,67 per litre"
Misthoorn,"€ 4,35",Netherlands,3.85,Nevel Wild Ales,5.7%,Wild Ale - Other,330ml,"€ 13,18 per litre"
Rust Batch #7 (2023),"€ 7,45",Netherlands,3.78,Nevel Wild Ales,5.1%,Wild Ale - Other,Bottle 375ml,"€ 19,87 per litre"
Grondslag Batch #3 (2024),"€ 8,25",Netherlands,3.74,Nevel Wild Ales,6%,Wild Ale - Other,Bottle 375ml,"€ 19,87 per litre"
Woest,"€ 9,35",Netherlands,3.60,Nevel Wild Ales,10.2%,Barleywine - Other,Bottle 375ml,"€ 24,93 per litre"
Elijah Jane,"€ 22,80",Canada,4.41,BreWskey,11.9%,Barleywine - Other,Bottle 375ml,"€ 60,80 per litre"
Emperor Nel,"€ 10,20",Canada,4.19,BreWskey,7.2%,IPA - New England / Hazy,Can 473ml,"€ 21,56 per litre"
Newgrounds #27,"€ 9,90",Canada,4.16,BreWskey,6.5%,IPA - New England / Hazy,Can 473ml,"€ 20,93 per litre"
Scie You Later,"€ 10,10",Canada,4.13,Messorem,6.8%,IPA - American,Can 473ml,"€ 21,35 per litre"
Peanut Butter,"€ 13,80",Canada,4.10,Third Moon Brewing Company,8.5%,Stout - Imperial / Double Pastry,Can 473ml,"€ 29,18 per litre"
Bone Tree,"€ 10,40",Canada,4.08,Third Moon Brewing Company,6.5%,IPA - New England / Hazy,Can 473ml,"€ 21,99 per litre"
Single Touch: Idaho 7,"€ 10,10",Canada,4.04,Messorem,6.5%,IPA - American,Can 473ml,"€ 21,35 per litre"
Love Lies Bleeding (Bulldog Comet),"€ 10,40",Canada,3.94,Third Moon Brewing Company,6.5%,IPA - New England / Hazy,Can 473ml,"€ 21,99 per litre"
One Claw,"€ 3,99",United States,3.76,Westbrook Brewing Co.,5.5%,Pale Ale - American,Can 473ml,"€ 21,99 per litre"
White Thai,"€ 3,99",United States,3.59,Westbrook Brewing Co.,5%,Wheat Beer - Witbier / Blanche,Can 473ml,"€ 21,99 per litre"
Black Hole  50 2021,"€ 9,31",Slovenia,4.18,Reservoir Dogs Brewery,11%,Stout - Imperial / Double,330ml,"€ 28,21 per litre"
The Last Bourbon,"€ 9,31",Slovenia,3.96,Reservoir Dogs Brewery,11%,Stout - Imperial / Double,330ml,"€ 28,21 per litre"
Starvation,"€ 4,47",Slovenia,3.68,Reservoir Dogs Brewery,8.5%,IPA - Black / Cascadian Dark Ale,Can 440ml,"€ 10,16 per litre"
Duivelsbier,"€ 3,99",Belgium,3.37,Brouwerij Boon,7%,Lambic - Gueuze,330ml,"€ 12,09 per litre"
Minne Batch #7,"€ 4,25",Netherlands,3.78,Nevel Wild Ales,5.5%,Wild Ale - Other,330ml,"€ 12,88 per litre"
Badass,"€ 11,50",Poland,4.04,Browar Hopito,12%,Stout - Imperial / Double Pastry,Can 440ml,"€ 26,14 per litre"
Basalter dunkel,"€ 2,10",Germany,3.42,Brauerei Püttner,5.2%,Lager - Munich Dunkel,500ml,"€ 4,20 per litre"
Püttner - Einfach's Hells,"€ 2,10",Germany,3.42,Brauerei Püttner,4.7%,Lager - Helles,500ml,"€ 4,20 per litre"
Gampert Förster-Pils,"€ 1,90",Germany,3.32,Gampertbräu,4.9%,Pilsner - German,500ml,"€ 3,80 per litre"
Weiherer Weizen Alkoholfrei,"€ 2,00",Germany,2.71,Brauerei Kundmüller,0.5%,Non-Alcoholic - Wheat,500ml,"€ 4,00 per litre"
Herkenrode Abbey Noctis,"€ 3,29",Belgium,3.39,Brouwerij Cornelissen,7%,Brown Ale - Belgian,330ml,"€ 9,97 per litre"
Tonkanilla Mangorange Sour,"€ 6,50",Sweden,3.45,Dugges Bryggeri,6%,Sour - Smoothie / Pastry,3300ml,"€ 1,97 per litre"
Balcones Edition 2024 Imp. Stout,"€ 6,95",Netherlands,4.02,Brouwerij de Molen,11.4%,Stout - Imperial / Double,330ml,"€ 21,06 per litre"
Black & Tan,"€ 4,35",Netherlands,3.84,Brouwerij de Molen,10.5%,Black & Tan,330ml,"€ 13,18 per litre"
It's a Sin,"€ 4,85",Netherlands,3.95,Brouwerij Kees,13.8%,Stout - Imperial / Double,330ml,"€ 14,70 per litre"
Kers & Taart,"€ 6,95",Netherlands,3.94,Brouwerij de Molen,11.2%,Stout - Imperial / Double Pastry,330ml,"€ 21,06 per litre"
L'Ermitage / La Mule Pils de Foudre,"€ 3,81",Belgium,3.70,L'Ermitage,6%,Pilsner - German,330ml,"€ 11,55 per litre"
Strieper The Uplifting Triple Decker Flying Apparatus,"€ 3,60",Netherlands,3.51,Strieper Craft Beer Company,8.5%,Belgian Tripel,330ml,"€ 10,91 per litre"
Strieper The Amazing Single Hop IPA Idaho Worship Gear,"€ 3,80",Netherlands,3.50,Strieper Craft Beer Company,6.2%,IPA - American,330ml,"€ 11,52 per litre"
Fireside Brewing Smokin' Hot Blonde (Male),"€ 4,25",Netherlands,3.47,Mister Hop,5.5%,Blonde / Golden Ale - Other,330ml,"€ 12,88 per litre"
Strieper The Incredible Double Zen Boosting Chill Machine,"€ 3,50",Netherlands,3.31,Strieper Craft Beer Company,6.8%,Belgian Dubbel,330ml,"€ 10,61 per litre"
Baladin XYAUYU Oro 2019,"€ 36,95",Italy,4.35,BIRRIFICIO AGRICOLO BALADIN - Baladin Indipendente Italian Farm Brewery,14%,Barleywine - Other,500ml,"€ 73,90 per litre"
Baladin Terre Annata 2012,"€ 30,95",Italy,4.28,BIRRIFICIO AGRICOLO BALADIN - Baladin Indipendente Italian Farm Brewery,11%,Barleywine - Other,500ml,"€ 61,90 per litre"
Imagine Demons: Smoke & Mirrors,"€ 4,49",Netherlands,3.48,Happy Demons Craft Beer,6.4%,Porter - Smoked,500ml,"€ 61,90 per litre"
Bottle Beast - Bottle Aged English Barleywine with Green Walnut,"€ 7,26",Hungary,3.77,Etyeki Sörmanufaktúra,9.4%,Barleywine - English,330ml,"€ 22,00 per litre"
Sans Pardon R.I.S.,"€ 3,60",Belgium,3.83,Brouwerij De Dochter van de Korenaar,11%,Stout - Russian Imperial,330ml,"€ 10,91 per litre"
Crime Passionel,"€ 2,32",Belgium,3.64,Brouwerij De Dochter van de Korenaar,7.5%,IPA - White / Wheat,330ml,"€ 7,03 per litre"
Koyt,"€ 3,45",Netherlands,3.43,Jopen,8.5%,Historical Beer - Gruit / Ancient Herbed Ale,330ml,"€ 10,45 per litre"
Ārpus x Adroit Theory Port Wine Barrel Aged Vanilla x Earl Grey Wheatwine,"€ 10,00",Latvia,4.01,Ārpus Brewing Co.,12%,Wheat Beer - Wheat Wine,Can 440ml,"€ 22,73 per litre"
Twenty Six (XXVI),"€ 42,00",United States,4.36,Central Waters Brewing Company,14.1%,Stout - Imperial / Double,Bottle 650ml,"€ 64,62 per litre"
Form Five (2023),"€ 31,49",United States,4.31,Bottle Logic Brewing,14.3%,Stout - Imperial / Double,500ml,"€ 62,98 per litre"
We've Got You Coverd,"€ 6,75",Netherlands,3.81,Klere Boght,11%,Porter - Imperial / Double Baltic,330ml,"€ 20,45 per litre"
Cassis,"€ 2,49",Belgium,3.63,Brouwerij Lindemans,3.5%,Lambic - Fruit,Bottle 250ml,"€ 9,96 per litre"
Kriek,"€ 2,19",Belgium,3.50,Ter Dolen,4.5%,Fruit Beer,330ml,"€ 6,64 per litre"
Apple / Pomme,"€ 2,49",Belgium,3.49,Brouwerij Lindemans,3.5%,Lambic - Fruit,Bottle 250ml,"€ 9,96 per litre"
Extra Kriek,"€ 2,29",Belgium,3.37,Belle-Vue,4.1%,Lambic - Kriek,Bottle 250ml,"€ 9,96 per litre"
MAT ØL Tawny Port BA Tonka (2023),"€ 9,95",Romania,4.23,Hop Hooligans,13%,Barleywine - Other,330ml,"€ 30,15 per litre"
Mat Øl Calvados BA (2023),"€ 9,95",Romania,4.17,Hop Hooligans,13%,Barleywine - American,330ml,"€ 30,15 per litre"
Night Flight – Barrel Aged Pastry Stout,"€ 7,45",Germany,4.15,FrauGruber Brewing,14.2%,Stout - Imperial / Double Pastry,Can 440ml,"€ 16,93 per litre"
Pillow Talk – Triple IPA,"€ 5,45",Germany,3.81,FrauGruber Brewing,9.9%,IPA - Triple New England / Hazy,Can 440ml,"€ 12,39 per litre"
Fancy Pants – Fruited Sour,"€ 5,95",Germany,3.74,FrauGruber Brewing,6.1%,Sour - Fruited,Can 440ml,"€ 13,52 per litre"
TDH Strata x Rakau x Motueka IPA,"€ 4,49",Latvia,3.86,Ārpus Brewing Co.,6.5%,IPA - New England / Hazy,Can 440ml,"€ 10,20 per litre"
Shelter.,"€ 2,80",Poland,3.58,Moon Lark Brewery,5.2%,Pilsner - German,Can 500ml,"€ 5,60 per litre"
West Coast IPA,"€ 2,20",Germany,3.63,Brauerei Gebr. Maisel,6.6%,IPA - American,330ml,"€ 6,67 per litre"
Sweet Baby Jezus,"€ 3,39",Netherlands,3.42,Vet & Lazy,5.6%,Wheat Beer - Hefeweizen,330ml,"€ 10,27 per litre"
Linkebal II,"€ 2,99",Netherlands,3.34,Vet & Lazy,3.5%,Shandy / Radler,330ml,"€ 10,27 per litre"
American Blonde,"€ 3,80",Netherlands,3.35,BrewDistrict24,5.5%,Blonde / Golden Ale - Other,330ml,"€ 11,52 per litre"
Bier Met Het Cijfer 2,"€ 3,95",Netherlands,3.33,Mister Hop,5.5%,Blonde / Golden Ale - Other,330ml,"€ 11,97 per litre"
Bier Met Het Cijfer 6,"€ 3,95",Netherlands,3.33,Mister Hop,5.5%,Blonde / Golden Ale - Other,330ml,"€ 11,97 per litre"
Bier Met Het Cijfer 8,"€ 3,95",Netherlands,3.33,Mister Hop,5.5%,Blonde / Golden Ale - Other,330ml,"€ 11,97 per litre"
Bier Met Het Cijfer 9,"€ 3,95",Netherlands,3.33,Mister Hop,5.5%,Blonde / Golden Ale - Other,330ml,"€ 11,97 per litre"
Lervig / Nevel Rackhouse Defunked,"€ 26,71",Norway,3.95,LERVIG,6.5%,Wild Ale - Other,Bottle 750ml,"€ 35,61 per litre"
Lervig / Slowboat You You Pangu,"€ 5,29",Norway,3.74,LERVIG,8.2%,IPA - Imperial / Double New England / Hazy,330ml,"€ 16,03 per litre"
Opera Fantastico,"€ 3,87",Belgium,3.58,Brasserie Surréaliste,6.7%,IPA - American,330ml,"€ 11,73 per litre"
Rackhouse Silent Exchange,"€ 18,99",Norway,4.36,LERVIG,15.8%,Stout - Imperial / Double,Bottle 375ml,"€ 50,64 per litre"
Dark Knight,"€ 3,40",Belgium,3.84,BramBrass,10%,Belgian Quadrupel,330ml,"€ 10,30 per litre"
Muscar Elle,"€ 7,50",Belgium,4.05,Lambiek Fabriek,6.8%,Lambic - Fruit,Bottle 375ml,"€ 20,00 per litre"
Eternity,"€ 10,70",Japan,4.07,Uchu Brewing,8.5%,IPA - Imperial / Double New England / Hazy,Can 350ml,"€ 30,57 per litre"
Atom Passionfruit,"€ 13,00",Japan,4.36,Uchu Brewing,5%,Sour - Smoothie / Pastry,Can 350ml,"€ 37,14 per litre"
Angel,"€ 12,90",Japan,4.18,Uchu Brewing,5%,Sour - Smoothie / Pastry,Can 350ml,"€ 36,86 per litre"
Shake,"€ 9,50",Japan,4.08,Uchu Brewing,6%,IPA - Milkshake,Can 350ml,"€ 27,14 per litre"
Super Natural,"€ 10,30",Japan,4.08,Uchu Brewing,8.5%,IPA - Imperial / Double New England / Hazy,Can 350ml,"€ 29,43 per litre"
Infinity,"€ 10,80",Japan,4.07,Uchu Brewing,8%,IPA - Imperial / Double New England / Hazy,Can 350ml,"€ 30,86 per litre"
Horus,"€ 10,50",Japan,3.92,Uchu Brewing,6%,IPA - Sour,Can 350ml,"€ 30,00 per litre"
Moon,"€ 9,50",Japan,3.84,Uchu Brewing,7%,IPA - American,Can 350ml,"€ 27,14 per litre"
Johannieter Weizen Dubbelbok,"€ 3,00",Netherlands,3.54,Jopen,9%,Bock - Weizendoppelbock,330ml,"€ 9,09 per litre"
Kutbier Blond Met Pruimen,"€ 9,95",Netherlands,3.36,Brouwerij Boegbeeld,6.3%,Belgian Blonde,Bottle 750ml,"€ 13,27 per litre"
Apricot x Cherry x Vanilla Smoothie Sour Ale,"€ 6,50",Latvia,4.19,Ārpus Brewing Co.,4.5%,Sour - Smoothie / Pastry,Can 440ml,"€ 14,77 per litre"
Mango x Blackberry x Passionfruit x Cherry Smoothie Sour Ale,"€ 6,60",Latvia,4.18,Ārpus Brewing Co.,4.5%,Sour - Smoothie / Pastry,Can 440ml,"€ 15,00 per litre"
Huyghe Delirium Tremens,"€ 4,01",Belgium,3.85,Delirium - Huyghe Brewery,8.5%,Belgian Strong Golden Ale,330ml,"€ 12,15 per litre"
Black Tuesday 2023,"€ 49,99",United States,4.38,The Bruery,19.5%,Stout - Imperial / Double,330ml,"€ 12,15 per litre"
Black Albert,"€ 8,90",Belgium,4.18,De Struise Brouwers,13%,Stout - Belgian,Bottle 330ml,"€ 26,97 per litre"
Trippin',"€ 8,10",Spain,3.94,Attik Brewing,8%,IPA - Imperial / Double New England / Hazy,Can 440ml,"€ 18,41 per litre"
Sour Ale Light,"€ 13,50",Portugal,3.94,Wildery Brutal Blends,4%,Wild Ale - Other,Bottle 375ml,"€ 36,00 per litre"
Sour Ale With Annona Muricata (graviola),"€ 13,50",Portugal,3.92,Wildery Brutal Blends,5%,Wild Ale - Other,Bottle 375ml,"€ 36,00 per litre"
Stille Nacht,"€ 7,70",Belgium,3.91,Brouwerij De Dolle Brouwers,12%,Belgian Strong Golden Ale,Bottle 330ml,"€ 23,33 per litre"
Gute Nacht Freunde,"€ 6,30",Netherlands,3.84,Van Moll,10%,Wheat Beer - Wheat Wine,Bottle 330ml,"€ 19,09 per litre"
Billy's Hop,"€ 8,50",Germany,3.82,BrewHeart,8%,IPA - Imperial / Double New England / Hazy,Can 440ml,"€ 19,32 per litre"
Don Promillo,"€ 6,30",Netherlands,3.75,Van Moll,11.5%,Wheat Beer - Wheat Wine,Bottle 330ml,"€ 19,09 per litre"
Dulle Teve,"€ 6,50",Belgium,3.74,Brouwerij De Dolle Brouwers,10%,Belgian Tripel,Bottle 330ml,"€ 19,70 per litre"
Orangie,"€ 13,10",Spain,3.73,Cyclic Beer Farm,4%,Farmhouse Ale - Saison,Bottle 750ml,"€ 17,47 per litre"
DE DOLLE – OERBIER,"€ 6,10",Belgium,3.71,Brouwerij De Dolle Brouwers,9%,Belgian Strong Dark Ale,330ml,"€ 18,48 per litre"
O'CLOCK – HITZEFREI,"€ 7,10",France,3.65,O'Clock Brewing,6.5%,Sour - Fruited Berliner Weisse,330ml,"€ 18,48 per litre"
DE DOLLE – ARABIER,"€ 4,90",Belgium,3.47,Brouwerij De Dolle Brouwers,8%,Belgian Strong Golden Ale,330ml,"€ 14,85 per litre"
Whisky Infused,"€ 2,75",Belgium,4.00,Brouwerij Het Anker,11.7%,Belgian Strong Dark Ale,330ml,"€ 8,33 per litre"
Sporty Geuze,"€ 12,00",Belgium,3.89,Lambiek Fabriek,6.5%,Lambic - Gueuze,Bottle 750ml,"€ 16,00 per litre"
Juicy & Wild Soleille,"€ 11,00",Belgium,3.84,Lambiek Fabriek,8.7%,Lambic - Fruit,Bottle 750ml,"€ 14,67 per litre"
Barrel Aged Serie 44,"€ 7,95",Netherlands,4.08,Bronckhorster Brewing Company,13%,Barleywine - Other,330ml,"€ 24,09 per litre"
Vecchia Lodi 2023,"€ 7,95",Italy,3.93,BrewFist,11%,Barleywine - English,330ml,"€ 24,09 per litre"
Whisper,"€ 6,00",England,3.82,Floc.,5.5%,Pale Ale - New England / Hazy,Can 440ml,"€ 13,64 per litre"
Oude Gueuze Cuvée Francisca 2022,"€ 26,00",Belgium,4.07,Brouwerij Lindemans,8%,Lambic - Gueuze,Bottle 750ml,"€ 34,67 per litre"
Lazer Crush,"€ 3,49",England,3.14,Beavertown,0.3%,Non-Alcoholic - IPA,330ml,"€ 10,58 per litre"
Van Honsebrouck Kasteel Tripel,"€ 9,50",Belgium,3.63,Kasteel Brouwerij Vanhonsebrouck,11%,Belgian Tripel,Bottle 750ml,"€ 12,67 per litre"
Blonde Aap,"€ 3,45",Netherlands,3.35,Guilty Monkey Brewery,5.5%,Blonde / Golden Ale - Other,330ml,"€ 10,45 per litre"
Citra Rye IPA,"€ 3,10",Netherlands,3.48,Brouwerij Pronck,5%,IPA - Rye,330ml,"€ 9,39 per litre"
Mirrorshield,"€ 11,10",United States,4.29,Hudson Valley Brewery,7%,IPA - Sour,Can 473ml,"€ 23,47 per litre"
Siren Maiden 2023,"€ 13,80",England,4.17,Siren Craft Brew,10%,Barleywine - English,Bottle 375ml,"€ 36,80 per litre"
Isosceles,"€ 13,10",United States,4.10,Hudson Valley Brewery,8%,IPA - Sour,Can 473ml,"€ 27,70 per litre"
Incandenza,"€ 9,20",United States,4.09,Hudson Valley Brewery,6%,IPA - Sour,Can 473ml,"€ 19,45 per litre"
Siren Four Companions,"€ 13,20",England,4.06,Siren Craft Brew,12.5%,Belgian Quadrupel,Bottle 375ml,"€ 35,20 per litre"
Tripel,"€ 6,60",United States,3.87,Allagash Brewing Company,9%,Belgian Tripel,Bottle 355ml,"€ 18,59 per litre"
Siren Burst Into Song,"€ 9,60",England,3.87,Siren Craft Brew,8.4%,Sour - Other,Bottle 375ml,"€ 25,60 per litre"
Feel No Way,"€ 8,90",United States,3.73,Hudson Valley Brewery,5%,Pilsner - Other,Can 473ml,"€ 18,82 per litre"
Blond,"€ 4,70",Belgium,3.83,Brasserie St-Feuillien,7.5%,Belgian Blonde,330ml,"€ 14,24 per litre"
Triple,"€ 5,10",Belgium,3.66,Brasserie St-Feuillien,8.5%,Belgian Tripel,330ml,"€ 15,45 per litre"
Brune,"€ 4,70",Belgium,3.51,Brasserie St-Feuillien,8.5%,Belgian Dubbel,330ml,"€ 14,24 per litre"
Saison Dupont Biologique,"€ 2,30",Belgium,3.61,Brasserie Dupont,7.5%,Farmhouse Ale - Saison,330ml,"€ 14,24 per litre"
Tangerine Peel Laboratory,"€ 13,50",United States,4.17,Equilibrium Brewery,10.5%,IPA - Triple,Can 473ml,"€ 28,54 per litre"
Oscillation 036,"€ 7,80",United States,4.12,Finback Brewery,8.4%,IPA - Imperial / Double,Can 473ml,"€ 16,49 per litre"
Rustique 2024,"€ 19,20",England,3.98,Burning Sky Brewery,8.4%,Pale Ale - Belgian,Bottle 750ml,"€ 25,60 per litre"
Display Of Clarity,"€ 12,00",United States,3.92,Equilibrium Brewery,8%,IPA - Imperial / Double,Can 473ml,"€ 25,37 per litre"
Hübner Vollbier,"€ 1,90",Germany,3.36,Hübner Bräu Steinfeld,5%,Lager - Vienna,500ml,"€ 3,80 per litre"
Becher Stadtbier,"€ 2,10",Germany,3.36,Becher Bräu,5.6%,Festbier,500ml,"€ 4,20 per litre"
Stop ou Amphore,"€ 13,50",France,4.16,Nano Brasserie SPO,5.9%,Farmhouse Ale - Other,Bottle 750ml,"€ 18,00 per litre"
Saison sur lie de Poiré 2023,"€ 15,00",France,3.99,Nano Brasserie SPO,6.4%,Farmhouse Ale - Saison,Bottle 750ml,"€ 20,00 per litre"
Saison Brettraves,"€ 19,50",France,3.93,Nano Brasserie SPO,4.9%,Farmhouse Ale - Brett,Bottle 750ml,"€ 26,00 per litre"
Kompaan Battle Royale West Coast Wrestling,"€ 5,85",Netherlands,3.58,KOMPAAN Dutch Craft Beer Company,10%,IPA - American,Can 440ml,"€ 13,30 per litre"
Punane Laager,"€ 3,60",Estonia,3.36,Põhjala,4.9%,Lager - Amber / Red,Can 440ml,"€ 8,18 per litre"
"Wild vergiste cider 100% Hoogstam  Appels Oogst 2021  6,8%","€ 7,50",Canada,3.85,Elite Brewing & Cidery,5.8%,Cider - Other Fruit,500ml,"€ 15,00 per litre"
Vintage Organic Cider BIO,"€ 7,45",England,3.81,Dunkertons,7.5%,Cider - Traditional / Apfelwein,660ml,"€ 11,29 per litre"
Irish Stout Nitro,"€ 3,30",Ireland,3.38,O'Hara's Brewery,4.3%,Stout - Irish Dry,Can 440ml,"€ 7,50 per litre"
Orca Brau Bio Bock,"€ 3,49",Germany,3.69,orca brau,7%,Bock - Single / Traditional,330ml,"€ 10,58 per litre"
Abricots d'amphore,"€ 19,50",France,4.28,Nano Brasserie SPO,6.4%,Fruit Beer,Bottle 750ml,"€ 26,00 per litre"
Pêches de vigne,"€ 19,50",France,4.04,Nano Brasserie SPO,5.9%,Farmhouse Ale - Saison,Bottle 750ml,"€ 26,00 per litre"
Amer Brett's Quetsches,"€ 19,50",France,4.28,Nano Brasserie SPO,5.6%,Brett Beer,Bottle 750ml,"€ 26,00 per litre"
Petits fruits rouges du jardin,"€ 19,50",France,4.19,Nano Brasserie SPO,6.2%,Farmhouse Ale - Other,Bottle 750ml,"€ 26,00 per litre"
Amer Sauvage,"€ 16,00",France,4.00,Nano Brasserie SPO,5.5%,Wild Ale - Other,Bottle 750ml,"€ 21,33 per litre"
Saison Hop,"€ 16,00",France,3.95,Nano Brasserie SPO,5.8%,Farmhouse Ale - Saison,Bottle 750ml,"€ 21,33 per litre"
Abbaye de Rochefort 6,"€ 4,60",Belgium,3.71,Abbaye Notre-Dame de Saint-Rémy,7.5%,Belgian Dubbel,330ml,"€ 13,94 per litre"
Mortalis | Diner Pie Series | Mixed Berry Pie | Smoothie Sour Mûre Framboise Crumble | 6%,"€ 9,90",United States,4.33,Mortalis Brewing Company,6%,Sour - Smoothie / Pastry,473ml,"€ 20,93 per litre"
Mirrored,"€ 10,90",United States,3.86,The Veil Brewing Co.,11%,Barleywine - American,473ml,"€ 23,04 per litre"
Kills – Barrel Aged,"€ 11,50",Canada,3.82,Third Moon Brewing Company,5.2%,Pilsner - Other,473ml,"€ 24,31 per litre"
Cold Time,"€ 5,70",United States,3.67,Revolution Brewing Company,4.8%,Lager - American,355ml,"€ 16,06 per litre"
Red Eye November (2023),"€ 39,90",United States,4.36,Bottle Logic Brewing,15.3%,Stout - Imperial / Double Coffee,500ml,"€ 79,80 per litre"
Superstratum (2023),"€ 40,90",United States,4.32,Bottle Logic Brewing,12.5%,Stout - Imperial / Double Pastry,500ml,"€ 81,80 per litre"
Schmoojee Shcoops Funfetti Strawberry,"€ 12,90",United States,4.28,Imprint Beer Co.,6.5%,Sour - Smoothie / Pastry,473ml,"€ 27,27 per litre"
Jour & Nuit (Éthiopie),"€ 12,30",Canada,4.06,Brasserie du Bas-Canada,7.5%,Stout - Coffee,473ml,"€ 26,00 per litre"
Europhoria,"€ 35,40",Denmark,3.60,To Øl,5.6%,IPA - New England / Hazy,6-pack,"Total price: € 35,40"
Not For Breakfast Blackberry Cheesecake,"€ 4,50",Ukraine,4.14,Ten Men Brewery,6.3%,Sour - Smoothie / Pastry,330ml,"€ 13,64 per litre"
"Calm In Paradise Orange, Lime, Peach & Mascarpone","€ 4,50",Ukraine,4.11,Ten Men Brewery,5%,Sour - Fruited,330ml,"€ 13,64 per litre"
De Cam Nectarine Lambiek 2023,"€ 16,97",Belgium,4.14,Geuzestekerij De Cam,6.5%,Lambic - Fruit,Bottle 375ml,"€ 45,25 per litre"
Oude Geuze Devillé,"€ 5,97",Belgium,4.02,Den Herberg,6.7%,Lambic - Gueuze,Bottle 375ml,"€ 15,92 per litre"
Oude Geuze Thevenet,"€ 6,97",Belgium,3.97,Den Herberg,6.7%,Lambic - Gueuze,Bottle 375ml,"€ 18,59 per litre"
Derivation (Blend #15),"€ 569,95",United States,4.77,Side Project Brewing,15%,Stout - Imperial / Double,Bottle 375ml,"€ 18,59 per litre"
Mexican Cake Imperial Stout 2017,"€ 21,99",United States,4.27,Westbrook Brewing Co.,10.5%,Stout - Imperial / Double,Bottle 650ml,"€ 33,83 per litre"
Oatmeal Stout,"€ 4,60",England,3.80,Samuel Smith,5%,Stout - Oatmeal,Bottle 550ml,"€ 8,36 per litre"
India Ale,"€ 4,60",England,3.42,Samuel Smith,5%,IPA - English,Bottle 550ml,"€ 8,36 per litre"
American IS - Barrel Aged Blend x Terra Kahwa,"€ 8,00",France,4.06,Popihn,12.5%,Stout - Imperial / Double Coffee,330ml,"€ 24,24 per litre"
American IS - Barrel Aged Blend,"€ 8,00",France,4.01,Popihn,13.5%,Stout - Imperial / Double,330ml,"€ 24,24 per litre"
Sur la Vérité Physique,"€ 9,50",France,4.15,Fauve,12%,Stout - Imperial / Double,330ml,"€ 24,24 per litre"
Canelé de Mauguio,"€ 7,60",France,4.12,Fauve,12%,Stout - Imperial / Double,330ml,"€ 23,03 per litre"
Soul Disco Funk,"€ 8,30",France,3.99,Fauve,8.2%,IPA - Imperial / Double New England / Hazy,,
Science et Conscience,"€ 7,50",France,3.94,Fauve,6.3%,IPA - New England / Hazy,,
Zeeuws Schuum Tripel,"€ 7,99",Netherlands,3.62,Brouwerij 't Meuleneind,8.5%,Belgian Tripel,,
Westmalle Tripel,"€ 5,70",Belgium,3.81,Brouwerij der Trappisten van Westmalle,9.5%,Belgian Tripel,330ml,"€ 17,27 per litre"
Once Upon an Orchard: Peach,"€ 22,50",United States,4.02,Allagash Brewing Company,6.6%,Wild Ale - American,Bottle 375ml,"€ 60,00 per litre"
Once Upon an Orchard: Honeyberries,"€ 22,50",United States,4.01,Allagash Brewing Company,5.8%,Sour - Fruited,Bottle 375ml,"€ 60,00 per litre"
Europhoria,"€ 6,60",Denmark,3.60,To Øl,5.6%,IPA - New England / Hazy,Bottle 375ml,"€ 60,00 per litre"
La Ruche - 10 Year,"€ 44,99",United States,4.22,Side Project Brewing,5%,Farmhouse Ale - Saison,Bottle 750ml,"€ 59,99 per litre"
Rosé du Blé - 10 Year,"€ 44,99",United States,4.20,Side Project Brewing,5%,Farmhouse Ale - Saison,Bottle 750ml,"€ 59,99 per litre"
Bière Blanche - 10 Year,"€ 39,99",United States,4.10,Side Project Brewing,5%,Wheat Beer - Witbier / Blanche,Bottle 750ml,"€ 59,99 per litre"
Barrel-Aged Imperial Niu,"€ 49,99",United States,4.39,Phase Three Brewing,14.4%,Porter - Imperial / Double,Bottle 750ml,"€ 59,99 per litre"
Save Me #1,"€ 114,95",United States,4.29,Anchorage Brewing Company,15%,Strong Ale - American,Bottle 750ml,"€ 59,99 per litre"
Bzart Lambiek 2018,"€ 24,17",Belgium,3.98,Oud Beersel,7%,Lambic - Traditional,Bottle 750ml,"€ 32,23 per litre"
Double Barrel Derivation (Double Willett Double Tanzanian),"€ 239,95",United States,4.66,Side Project Brewing,16%,Stout - Imperial / Double,Bottle 750ml,"€ 32,23 per litre"
Anabasis Blend #7,"€ 149,99",United States,4.35,Side Project Brewing,14%,Barleywine - American,Bottle 750ml,"€ 199,99 per litre"
De Cam (Oude) Gueuze 2022,"€ 9,68",Belgium,4.11,Geuzestekerij De Cam,6.5%,Lambic - Gueuze,Bottle 375ml,"€ 25,81 per litre"
Almond Cake,"€ 53,50",United States,4.43,Trillium Brewing Company,15.7%,Stout - Imperial / Double,500ml,"€ 107,00 per litre"
Valhalla Vacation – Scottish Sour Ale fermented with Strawberries and Rhubarb Barrel Aged,"€ 7,95",Scotland,3.70,OverWorks,5.5%,Sour - Fruited,330ml,"€ 24,09 per litre"
Paix Dieu,"€ 3,30",Belgium,3.77,Brasserie Caulier,10%,Belgian Tripel,330ml,"€ 10,00 per litre"
Tyrell Braukunstatelier Kaiserweisse BIO 2024 Tripel Berliner Weisse,"€ 21,99",Germany,3.85,Tyrell BrauKunstAtelier,9.7%,Sour - Berliner Weisse,Bottle 750ml,"€ 29,32 per litre"
14-Heiligen Nothelfer Bio-Weisse,"€ 2,00",Germany,3.63,Alte Klosterbrauerei Vierzehnheiligen Brauerei Trunk,5.3%,Wheat Beer - Hefeweizen,500ml,"€ 4,00 per litre"
Brauerei Wagner - Richard Wagner Dunkel,"€ 1,90",Germany,3.37,Brauerei Wagner Merkendorf,5.5%,Lager - Munich Dunkel,500ml,"€ 3,80 per litre"
Staffelberg Querkerla,"€ 1,90",Germany,3.21,Staffelberg-Bräu,5.3%,Rauchbier,500ml,"€ 3,80 per litre"
Mellow Moods,"€ 5,95",Norway,3.58,Amundsen Brewery,6%,IPA - Fruited,Can 440ml,"€ 13,52 per litre"
Quaint (Kellerbier),"€ 14,99",United States,3.92,Tree House Brewing Company,5.3%,Kellerbier / Zwickelbier,473ml,"€ 31,69 per litre"
ABRICOLAGE,"€ 13,80",France,4.17,Brasserie La Malpolon,7%,Farmhouse Ale - Bière de Coupage,Bottle 750ml,"€ 18,40 per litre"
"GROSSE COUPURE - 37,5cl","€ 7,20",France,4.07,Brasserie La Malpolon,11.2%,Belgian Strong Dark Ale,Bottle 375ml,"€ 19,20 per litre"
FRAISE DES ARBRES,"€ 14,00",France,4.05,Brasserie La Malpolon,5.3%,Sour - Fruited,Bottle 750ml,"€ 18,67 per litre"
BERLINER WEISSE #1,"€ 7,80",France,3.92,Brasserie La Malpolon,5%,Sour - Berliner Weisse,Bottle 750ml,"€ 10,40 per litre"
SECATEUR - 33cl,"€ 5,80",France,3.88,Brasserie La Malpolon,7.8%,Grape Ale - Other,330ml,"€ 17,58 per litre"
SURETTE #1 - 33cl,"€ 4,00",France,3.87,Brasserie La Malpolon,5.4%,Sour - Fruited,330ml,"€ 12,12 per litre"
DIE HOLUNDER - 33cl,"€ 4,10",France,3.83,Brasserie La Malpolon,11.7%,Wild Ale - Other,330ml,"€ 12,42 per litre"
PANETTONE - 33cl,"€ 4,80",France,3.81,Brasserie La Malpolon,7.8%,Farmhouse Ale - Other,330ml,"€ 14,55 per litre"
GRISETTE #1 - 33cl,"€ 3,50",France,3.81,Brasserie La Malpolon,4.5%,Farmhouse Ale - Grisette,330ml,"€ 10,61 per litre"
Falling Up,"€ 8,43",United States,4.17,Saint Errant Brewing,7.7%,IPA - New England / Hazy,473ml,"€ 17,82 per litre"
Blueberry Mochi,"€ 8,45",United States,4.17,Parish Brewing Co.,4.5%,Sour - Fruited Berliner Weisse,473ml,"€ 17,86 per litre"
Rivers of Suggestion,"€ 6,74",United States,3.94,Saint Errant Brewing,6.5%,IPA - American,473ml,"€ 14,25 per litre"
Barrel Project Quadrupel 2024,"€ 5,35",Netherlands,3.44,Brouwerij Kees,9.9%,Belgian Quadrupel,330ml,"€ 16,21 per litre"
Bier Met De Letter R,"€ 3,95",Netherlands,3.30,Mister Hop,5.5%,Blonde / Golden Ale - Other,330ml,"€ 11,97 per litre"
Bier Met De Letter S,"€ 3,95",Netherlands,3.30,Mister Hop,5.5%,Blonde / Golden Ale - Other,330ml,"€ 11,97 per litre"
Hoist Point,"€ 8,43",United States,4.06,Hop Butcher For The World,7.5%,IPA - Imperial / Double New England / Hazy,473ml,"€ 17,82 per litre"
Room 101,"€ 3,85",Sweden,3.62,Brewski,6.7%,IPA - American,330ml,"€ 11,67 per litre"
Lipstick,"€ 3,59",Sweden,3.53,Brewski,4.7%,Sour - Fruited Berliner Weisse,330ml,"€ 10,88 per litre"
Siren Guess The Hop: A,"€ 4,75",England,3.72,Siren Craft Brew,5.5%,IPA - New England / Hazy,Can 440ml,"€ 10,80 per litre"
Coolship Cerise,"€ 13,60",United States,4.20,Allagash Brewing Company,5.6%,Wild Ale - Other,Bottle 375ml,"€ 36,27 per litre"
Coolship Resurgam,"€ 13,80",United States,4.17,Allagash Brewing Company,6.3%,Wild Ale - American,Bottle 375ml,"€ 36,80 per litre"
Heart of Hearts,"€ 13,70",United States,4.13,Allagash Brewing Company,6%,Sour - Fruited,Bottle 375ml,"€ 36,53 per litre"
Once Upon an Orchard Peach,"€ 13,80",United States,4.02,Allagash Brewing Company,6.6%,Wild Ale - American,473ml,"€ 29,18 per litre"
Honeyberry Tumble,"€ 13,80",United States,3.91,Allagash Brewing Company,6.3%,Wild Ale - American,Bottle 375ml,"€ 36,80 per litre"
Hive 56,"€ 13,90",United States,3.90,Allagash Brewing Company,7.3%,Sour - Other,Bottle 375ml,"€ 37,07 per litre"
Cherry Lime Times,"€ 13,60",United States,3.90,Allagash Brewing Company,8%,Sour - Fruited,Bottle 375ml,"€ 36,27 per litre"
Stories Told,"€ 14,00",United States,4.05,Allagash Brewing Company,7.5%,Sour - Fruited,Bottle 375ml,"€ 37,33 per litre"
Once Upon an Orchard Honeyberries,"€ 13,70",United States,4.01,Allagash Brewing Company,6%,Sour - Fruited,473ml,"€ 28,96 per litre"
Silhouette Orange Creamsicle,"€ 6,00",United States,3.84,Hudson Valley Brewery,5%,IPA - Sour,473ml,"€ 12,68 per litre"
Empty Chair,"€ 12,90",England,3.76,Balance Brewing & Blending,3.7%,Table Beer,Bottle 375ml,"€ 34,40 per litre"
Lait de Poule,"€ 5,50",France,3.97,Fauve,6.5%,Sour - Smoothie / Pastry,Bottle 375ml,"€ 34,40 per litre"
Luxe Calme et Volupté,"€ 5,40",France,3.95,Fauve,6.5%,Sour - Fruited Gose,330ml,"€ 16,36 per litre"
Val-Dieu Grand Cru,"€ 7,50",Belgium,3.78,Brasserie de l'Abbaye du Val-Dieu,10.5%,Belgian Quadrupel,Bottle 750ml,"€ 10,00 per litre"
Brewdog Punk IPA,"€ 2,50",Scotland,3.71,BrewDog,5.4%,IPA - American,Can 330ml,"€ 7,58 per litre"
Liquid Love,"€ 4,50",Netherlands,3.58,Mister Hop,6.3%,IPA - New England / Hazy,330ml,"€ 13,64 per litre"
Ik brouw van jou,"€ 9,95",Netherlands,3.46,Mister Hop,7%,Blonde / Golden Ale - Other,Bottle 750ml,"€ 13,27 per litre"
Van Eecke Poperings Hommelbier,"€ 2,35",Belgium,3.45,Leroy Breweries,7.5%,Belgian Strong Golden Ale,330ml,"€ 7,12 per litre"
Zomerblond,"€ 9,95",Netherlands,3.41,Mister Hop,7%,Blonde / Golden Ale - Other,Bottle 750ml,"€ 13,27 per litre"
Cornet Smoked,"€ 2,95",Belgium,3.37,Brouwerij De Hoorn,8.5%,Smoked Beer,330ml,"€ 8,94 per litre"
Bier Met De Letter N,"€ 3,95",Netherlands,3.30,Mister Hop,5.5%,Blonde / Golden Ale - Other,330ml,"€ 11,97 per litre"
Bier Met De Letter O,"€ 3,95",Netherlands,3.30,Mister Hop,5.5%,Blonde / Golden Ale - Other,330ml,"€ 11,97 per litre"
Bottle Logic Superstratum 2023,"€ 35,95",United States,4.32,Bottle Logic Brewing,12.5%,Stout - Imperial / Double Pastry,500ml,"€ 71,90 per litre"
Bottle Logic x Weathered Souls Form Five 2023,"€ 35,95",United States,4.31,Bottle Logic Brewing,14.3%,Stout - Imperial / Double,500ml,"€ 71,90 per litre"
Siren Maiden 2023,"€ 13,68",England,4.17,Siren Craft Brew,10%,Barleywine - English,Bottle 375ml,"€ 36,48 per litre"
Siren Four Companions,"€ 14,41",England,4.06,Siren Craft Brew,12.5%,Belgian Quadrupel,Bottle 375ml,"€ 38,43 per litre"
Siren Black Mirror,"€ 5,71",England,4.03,Siren Craft Brew,8%,Stout - Imperial / Double Pastry,Can 440ml,"€ 12,98 per litre"
Siren Burst Into Song,"€ 7,91",England,3.87,Siren Craft Brew,8.4%,Sour - Other,Bottle 375ml,"€ 21,09 per litre"
Siren The Night Market,"€ 4,79",England,3.76,Siren Craft Brew,6%,Porter - Other,Can 440ml,"€ 10,89 per litre"
Siren Sunlight Shapes,"€ 4,29",England,3.71,Siren Craft Brew,6.5%,Lager - Helles,Can 440ml,"€ 9,75 per litre"
Siren Guess The Hop: B,"€ 4,75",England,3.64,Siren Craft Brew,5.5%,IPA - New England / Hazy,Can 440ml,"€ 10,80 per litre"
Siren Times Eleven,"€ 4,47",England,3.60,Siren Craft Brew,5.2%,Lager - Helles,Can 440ml,"€ 10,16 per litre"
À l'arrière des berlines BA,"€ 8,00",France,4.21,Hoppy Road,13%,Barleywine - English,330ml,"€ 24,24 per litre"
Soyez ma muse BA,"€ 8,00",France,4.16,Hoppy Road,11.5%,Barleywine - English,330ml,"€ 24,24 per litre"
Sakuya,"€ 14,50",France,4.10,Hoppy Road,7%,Wild Ale - Other,Bottle 750ml,"€ 19,33 per litre"
Kodu Baltic Porter,"€ 6,60",Estonia,3.96,Põhjala,10.6%,Porter - Imperial / Double Baltic,330ml,"€ 20,00 per litre"
Õhtu Porter,"€ 4,30",Estonia,3.55,Põhjala,5.5%,Porter - American,330ml,"€ 13,03 per litre"
Udune Witbier,"€ 4,90",Estonia,3.49,Põhjala,4.5%,Wheat Beer - Witbier / Blanche,Can 440ml,"€ 11,14 per litre"
St. Louis Premium Pêche,"€ 1,85",Belgium,3.45,Kasteel Brouwerij Vanhonsebrouck,2.6%,Lambic - Fruit,Bottle 250ml,"€ 7,40 per litre"
One Claw Pale Ale,"€ 4,30",United States,3.76,Westbrook Brewing Co.,5.5%,Pale Ale - American,350ml,"€ 12,29 per litre"
Huppendorfer Urtyp Hell,"€ 2,10",Germany,3.59,Brauerei Gasthof Grasser,5.2%,Lager - Helles,500ml,"€ 4,20 per litre"
"Girardin, Framboise","€ 9,10",Belgium,3.74,Brouwerij Girardin,5%,Lambic - Framboise,Bottle 370ml,"€ 24,59 per litre"
"Twice Berry Blood Blackcurrant, Raspberry & Mango","€ 4,50",Ukraine,3.89,Ten Men Brewery,6.8%,Sour - Fruited,330ml,"€ 13,64 per litre"
Power Bar Blacksmith,"€ 7,20",Netherlands,4.19,Moersleutel Craft Brewery,13%,Stout - Imperial / Double Pastry,Can 440ml,"€ 16,36 per litre"
Bean Butcher,"€ 6,60",Netherlands,4.18,Moersleutel Craft Brewery,11%,Stout - Imperial / Double Pastry,Can 440ml,"€ 15,00 per litre"
Simula,"€ 5,99",Spain,3.98,Gross,6.5%,IPA - New England / Hazy,Can 440ml,"€ 13,61 per litre"
Kiwipa,"€ 5,99",Spain,3.95,Gross,6%,IPA - New Zealand,Can 440ml,"€ 13,61 per litre"
CYCT: Thrust,"€ 5,60",Netherlands,3.93,Moersleutel Craft Brewery,8%,IPA - Imperial / Double,Can 440ml,"€ 12,73 per litre"
Crank The Spring,"€ 4,99",Netherlands,3.85,Moersleutel Craft Brewery,6%,IPA - New England / Hazy,Can 440ml,"€ 11,34 per litre"
Mexicake Firefighter Imperial Stout,"€ 8,40",Netherlands,3.97,Moersleutel Craft Brewery,12%,Stout - Russian Imperial,Can 440ml,"€ 19,09 per litre"
Fresh ‘n Fast Never Trust A Clown Belgian IPA,"€ 6,10",Netherlands,3.59,Uiltje Brewing Company,6.9%,IPA - Belgian,Can 440ml,"€ 13,86 per litre"
Westmalle Trappist Extra,"€ 2,00",Belgium,3.46,Brouwerij der Trappisten van Westmalle,4.8%,Belgian Enkel / Patersbier,330ml,"€ 6,06 per litre"
Gouden Carolus Whisky Infused,"€ 10,50",Belgium,4.00,Brouwerij Het Anker,11.7%,Belgian Strong Dark Ale,Bottle 750ml,"€ 14,00 per litre"
Gueuze Mariage Parfait 2020,"€ 5,83",Belgium,3.93,Brouwerij Boon,8%,Lambic - Gueuze,Bottle 375ml,"€ 15,55 per litre"
Kriek Mariage Parfait 2021,"€ 7,92",Belgium,3.81,Brouwerij Boon,8%,Lambic - Kriek,Bottle 375ml,"€ 21,12 per litre"
Oude Geuze Black Label B8,"€ 12,12",Belgium,3.79,Brouwerij Boon,7%,Lambic - Gueuze,Bottle 750ml,"€ 16,16 per litre"
Jandrain-Jandrenouille III Gravity,"€ 2,25",Belgium,3.52,Brasserie de Jandrain-Jandrenouille,7.5%,Belgian Strong Golden Ale,330ml,"€ 6,82 per litre"
Fireside Brewing Tripel Sizzle,"€ 4,18",Netherlands,3.49,Mister Hop,5%,Belgian Tripel,330ml,"€ 12,67 per litre"
Maple Plumber Maple Pecan Coffee Stout,"€ 8,10",Netherlands,4.20,Moersleutel Craft Brewery,11%,Stout - Imperial / Double Pastry,Can 440ml,"€ 18,41 per litre"
Twenty Six (XXVI),"€ 44,95",United States,4.36,Central Waters Brewing Company,14.1%,Stout - Imperial / Double,Bottle 650ml,"€ 69,15 per litre"
Bottle Logic Superstratum (2023),"€ 40,95",United States,4.32,Bottle Logic Brewing,12.5%,Stout - Imperial / Double Pastry,500ml,"€ 81,90 per litre"
Bottle Logic Cephalophilosophy (2023),"€ 40,95",United States,4.29,Bottle Logic Brewing,14.9%,Stout - Imperial / Double Pastry,500ml,"€ 81,90 per litre"
Bottle Logic Stronger Than Fiction (2024),"€ 37,95",United States,4.20,Bottle Logic Brewing,13%,Strong Ale - Other,500ml,"€ 75,90 per litre"
Boskeun 2024,"€ 5,90",Belgium,3.87,Brouwerij De Dolle Brouwers,9%,Belgian Strong Golden Ale,330ml,"€ 17,88 per litre"
Blaufrei Alkoholfreies Lager,"€ 3,39",Germany,3.66,Mashsee Brauerei,0.4%,Non-Alcoholic - Other,330ml,"€ 10,27 per litre"
6 Dubbel,"€ 2,35",Belgium,3.71,Abbaye Notre-Dame de Saint-Rémy,7.5%,Belgian Dubbel,330ml,"€ 7,12 per litre"
Zodiak,"€ 4,69",Sweden,3.76,Omnipollo,6.2%,IPA - American,Can 330ml,"€ 14,21 per litre"
Wingman Pale Ale,"€ 2,29",Scotland,3.37,BrewDog,4.2%,Pale Ale - American,330ml,"€ 6,94 per litre"
Alexander,"€ 12,95",Belgium,3.95,Brouwerij Rodenbach,5.6%,Sour - Flanders Red Ale,Bottle 750ml,"€ 17,27 per litre"
Brewdog Triple Hazy Jane,"€ 4,35",Scotland,3.83,BrewDog,9.5%,IPA - Triple New England / Hazy,Can 440ml,"€ 9,89 per litre"
Samba,"€ 14,43",Italy,3.96,Siemàn,6.2%,Wild Ale - Other,Bottle 750ml,"€ 19,24 per litre"
Lervig Rackhouse Defunked,"€ 24,99",Norway,3.95,LERVIG,6.5%,Wild Ale - Other,Bottle 750ml,"€ 33,32 per litre"
Rag-Kaggen Agitator Stormakts Porter 2022,"€ 19,95",Sweden,4.27,Närke Kulturbryggeri,12.1%,Stout - Imperial / Double,Bottle 250ml,"€ 79,80 per litre"
Piccola Saison,"€ 12,15",Italy,4.05,Siemàn,4.5%,Farmhouse Ale - Bière de Coupage,Bottle 750ml,"€ 16,20 per litre"
Rive Rosse,"€ 17,95",Italy,4.03,Siemàn,7.8%,Lambic - Fruit,Bottle 750ml,"€ 23,93 per litre"
Berry Hills,"€ 10,11",Italy,4.01,Siemàn,5.9%,Sour - Fruited,Bottle 375ml,"€ 26,96 per litre"
Samba,"€ 8,77",Italy,3.96,Siemàn,6.2%,Wild Ale - Other,Bottle 375ml,"€ 23,39 per litre"
8 (Blauwe band ),"€ 6,05",Belgium,4.18,Brouwerij De Sint-Sixtusabdij van Westvleteren,8%,Belgian Dubbel,330ml,"€ 18,33 per litre"
Blauwe Bessen Mede Port BA,"€ 33,50",Netherlands,4.25,De Noordelijke Mederij,14%,Mead - Melomel,500ml,"€ 67,00 per litre"
The Serpent (Pale Ale – New Zealand),"€ 3,80",Ireland,3.21,The White Hag Irish Brewing Company,4.5%,Pale Ale - New Zealand,330ml,"€ 11,52 per litre"
It's a Sin,"€ 4,50",Netherlands,3.95,Brouwerij Kees,13.8%,Stout - Imperial / Double,330ml,"€ 13,64 per litre"
Paradigm Shift,"€ 5,39",Scotland,3.81,Fierce Beer,7.2%,IPA - Imperial / Double,Can 440ml,"€ 12,25 per litre"
Canon Event,"€ 4,95",Scotland,3.66,Fierce Beer,6%,IPA - Other,Can 440ml,"€ 11,25 per litre"
Forest Ranger,"€ 4,35",Scotland,3.71,Fierce Beer,6%,IPA - American,Can 440ml,"€ 9,89 per litre"
Chanceke,"€ 2,60",Belgium,3.55,Rond'hoecke,8.5%,Belgian Tripel,330ml,"€ 7,88 per litre"
Konjaks-Kaggen Stormaktsporter (2022),"€ 19,25",Sweden,4.32,Närke Kulturbryggeri,13.4%,Stout - Imperial / Double,Bottle 250ml,"€ 77,00 per litre"
Big Sxxxy (2022),"€ 40,45",United States,4.36,3 Sons Brewing Co.,14.6%,Barleywine - English,Bottle 375ml,"€ 107,87 per litre"
The Global Screw Extravaganza,"€ 9,45",Greece,4.29,P.i.g.s. Brewery,13%,Stout - Imperial / Double Pastry,330ml,"€ 28,64 per litre"
7th Anniversary BA Imperial Stout,"€ 29,25",Germany,4.27,FrauGruber Brewing,14.8%,Stout - Imperial / Double,500ml,"€ 58,50 per litre"
FRAMBOISE / VANILLE (2023),"€ 17,95",France,4.27,Popihn Sauvages,7%,Wild Ale - Other,Bottle 750ml,"€ 23,93 per litre"
Church Whip,"€ 22,49",Sweden,4.25,Omnipollo,12%,Stout - Imperial / Double Pastry,Bottle 375ml,"€ 59,97 per litre"
Chasselas 2023,"€ 22,75",Switzerland,4.20,À tue-tête,7.2%,Sour - Fruited,Bottle 750ml,"€ 30,33 per litre"
Brewer's Reserve Bourbon Barrel Stout (2023),"€ 9,00",United States,4.19,Central Waters Brewing Company,10.5%,Stout - Imperial / Double,355ml,"€ 25,35 per litre"
Rhineland Harmonie 2021,"€ 26,99",Denmark,4.19,Insight Cellars,8.5%,Wild Ale - Other,Bottle 750ml,"€ 35,99 per litre"
V-CAKE,"€ 9,95",Romania,4.18,Blackout Brewing,12%,Stout - Imperial / Double Pastry,330ml,"€ 30,15 per litre"
Prunus Persica - Pêche Jaune 2022,"€ 26,50",Switzerland,4.16,Brasserie L'Apaisée,6%,Sour - Fruited,Bottle 750ml,"€ 35,33 per litre"
Risfactor Coffee & Vanilla,"€ 6,76",Poland,4.08,Browar PINTA,10%,Stout - Imperial / Double,330ml,"€ 20,48 per litre"
Risfactor Cocoa Nibs & Roasted Peanuts,"€ 6,76",Poland,4.07,Browar PINTA,10%,Stout - Imperial / Double,330ml,"€ 20,48 per litre"
Fruit Smoothie 17,"€ 7,59",Czech Republic,4.01,Rodinný Pivovar Zichovec,7.5%,Sour - Smoothie / Pastry,500ml,"€ 15,18 per litre"
Vin Santo Sour By Rackhouse,"€ 21,90",Norway,4.01,LERVIG,9.5%,Wild Ale - Other,Bottle 750ml,"€ 29,20 per litre"
Danish Berry Pudding RØDGRØD MED FLØDE,"€ 9,45",Scotland,4.00,Vault City Brewing,6.4%,Sour - Smoothie / Pastry,Can 440ml,"€ 21,48 per litre"
Väga Suur,"€ 8,65",Bulgaria,3.99,Sofia Electric Brewing,12.5%,Barleywine - Other,330ml,"€ 26,21 per litre"
Gold Lines (blue Edition),"€ 12,95",Germany,3.99,Blech.Brut,11.5%,Stout - Russian Imperial,Can 440ml,"€ 29,43 per litre"
Black To the Bones 4 Elements Pchelin Edition /honey and bourbon,"€ 9,44",Bulgaria,3.98,Cohones Brewery,14.4%,Stout - Imperial / Double Milk,330ml,"€ 28,61 per litre"
Starhammer,"€ 7,62",Scotland,3.98,Holy Goat Brewing,6%,Sour - Fruited,Bottle 375ml,"€ 20,32 per litre"
Brewing the Storm,"€ 9,22",Germany,3.97,FrauGruber Brewing,13.8%,Stout - Imperial / Double,Can 440ml,"€ 20,95 per litre"
Black To the Bones 4 Elements Chilli Hills Edition,"€ 9,44",Bulgaria,3.97,Cohones Brewery,13.5%,Stout - Imperial / Double Milk,330ml,"€ 28,61 per litre"
Gold Lines (green edition),"€ 12,95",Germany,3.95,Blech.Brut,11.5%,Stout - Russian Imperial,Can 440ml,"€ 29,43 per litre"
Defunked By Rackhouse,"€ 19,71",Norway,3.95,LERVIG,6.5%,Wild Ale - Other,Bottle 750ml,"€ 26,28 per litre"
BARLEY W. - Whisky Tourbé BA 16 Mois,"€ 8,25",France,3.85,Popihn,10%,Barleywine - Other,330ml,"€ 25,00 per litre"
Fiery Ginger Iron Brew,"€ 8,66",Scotland,3.84,Vault City Brewing,6.4%,Sour - Other,Can 440ml,"€ 19,68 per litre"
Violets,"€ 7,70",Scotland,3.84,Vault City Brewing,6.5%,Sour - Fruited,Can 440ml,"€ 17,50 per litre"
Don't Stop Me Now,"€ 5,06",Netherlands,3.77,Brouwerij Frontaal,10%,Wheat Beer - Wheat Wine,330ml,"€ 15,33 per litre"
Barley Wine Special Edition 2024 Maple Syrup,"€ 4,50",Netherlands,3.75,Muifelbrouwerij,11.5%,Barleywine - Other,330ml,"€ 13,64 per litre"
Drink And Stay Sober Ø,"€ 3,20",Czech Republic,3.59,Rodinný Pivovar Zichovec,0.5%,Non-Alcoholic - IPA,500ml,"€ 6,40 per litre"
Ghost,"€ 3,00",Scotland,3.56,Fierce Beer,0.5%,Non-Alcoholic - Pale Ale,Can 440ml,"€ 6,82 per litre"
Stronger Than Fiction (2024),"€ 29,99",United States,4.20,Bottle Logic Brewing,13%,Strong Ale - Other,500ml,"€ 59,98 per litre"
Intervalle,"€ 20,99",Switzerland,4.19,Brasserie L'Apaisée,6.3%,Farmhouse Ale - Saison,500ml,"€ 59,98 per litre"
Mes Anges,"€ 21,99",Switzerland,4.14,Brasserie L'Apaisée,6.2%,Wild Ale - Other,500ml,"€ 59,98 per litre"
Au Pays Parfumé Que Le Soleil Caresse,"€ 19,99",Switzerland,4.14,Brasserie L'Apaisée,6.5%,Sour - Fruited,500ml,"€ 59,98 per litre"
Foudrement Shiso,"€ 19,99",Switzerland,4.12,Brasserie L'Apaisée,6.1%,Spiced / Herbed Beer,500ml,"€ 59,98 per litre"
"Cidre Extra Brut, BBA","€ 24,99",Switzerland,4.04,Brasserie L'Apaisée,9.3%,Cider - Dry,500ml,"€ 59,98 per litre"
Maracuja 2022,"€ 20,99",Switzerland,4.03,Brasserie L'Apaisée,3.5%,Sour - Fruited,500ml,"€ 59,98 per litre"
Peche Jaune 2022,"€ 20,99",Switzerland,4.16,Brasserie L'Apaisée,6%,Sour - Fruited,Bottle 750ml,"€ 27,99 per litre"
Grande Duchesse 2022,"€ 19,99",Switzerland,4.16,Brasserie L'Apaisée,6.5%,Sour - Other,Bottle 750ml,"€ 27,99 per litre"
Cassis 2022,"€ 23,99",Switzerland,4.13,Brasserie L'Apaisée,7.5%,Wild Ale - Other,Bottle 750ml,"€ 27,99 per litre"
Devillé Oude Geuze,"€ 6,80",Belgium,3.97,Den Herberg,6.7%,Lambic - Gueuze,Bottle 375ml,"€ 18,13 per litre"
QDH Galaxy x Nelson x Mosaic Cryo TIPA,"€ 7,35",Latvia,3.98,Ārpus Brewing Co.,9.5%,IPA - Triple New England / Hazy,Can 440ml,"€ 16,70 per litre"
GIRARDIN Geuze Black Label,"€ 8,50",Belgium,4.00,Brouwerij Girardin,5%,Lambic - Gueuze,Bottle 370ml,"€ 22,97 per litre"
Jamie's – Irish Red Ale,"€ 3,45",Germany,3.41,Braukollektiv,4.6%,Red Ale - Irish,330ml,"€ 10,45 per litre"
Brokilde Blonde,"€ 79,80",Denmark,3.38,To Øl,6%,Blonde / Golden Ale - Other,24-pack,"Total price: € 79,80"
Braupakt Blonde Ale,"€ 2,10",Germany,3.65,Bayerische Staatsbrauerei Weihenstephan,6.5%,Blonde / Golden Ale - Other,330ml,"€ 6,36 per litre"
Zwarte Ziel 2024 Woodford Bourbon Barrel Aged Imperial Smoked Porter,"€ 6,75",Netherlands,3.96,Jopen,10.2%,Porter - Imperial / Double,330ml,"€ 20,45 per litre"
Double Espresso Iced Stout,"€ 6,75",Netherlands,3.95,Brouwerij Emelisse,14.2%,Freeze-Distilled Beer,330ml,"€ 20,45 per litre"
Polar Pint Winterbier,"€ 2,75",Netherlands,3.53,Brouwerij Klein Duimpje,8.4%,Winter Ale,330ml,"€ 8,33 per litre"
Vink Heerlijk Glutenvrij IPA,"€ 3,65",Netherlands,3.48,Bird Brewery,6.2%,IPA - American,Can 330ml,"€ 11,06 per litre"
Mint To Be Saison Chapter 03/12 2024,"€ 3,65",Netherlands,2.99,Jopen,6%,Farmhouse Ale - Saison,Can 330ml,"€ 11,06 per litre"
Black & Tan Barleywine,"€ 3,70",Netherlands,3.84,Brouwerij de Molen,10.5%,Black & Tan,330ml,"€ 11,21 per litre"
Imperial Iced Dark Ale,"€ 6,75",Netherlands,3.90,Brouwerij Emelisse,15.7%,Freeze-Distilled Beer,330ml,"€ 20,45 per litre"
WILD#24 Table Beer Peach Apricot Raspberry,"€ 8,20",Poland,4.12,Browar Stu Mostów,5%,Wild Ale - Other,Bottle 375ml,"€ 21,87 per litre"
Nut Brown Ale,"€ 3,60",England,3.60,Samuel Smith,5%,Brown Ale - English,355ml,"€ 10,14 per litre"
Andreas,"€ 3,23",Netherlands,3.59,Brouwerij Frontaal,8.5%,Belgian Tripel,330ml,"€ 9,79 per litre"
Blonde Simmie,"€ 3,04",Netherlands,3.37,Brouwerij Frontaal,5%,Belgian Blonde,330ml,"€ 9,21 per litre"
Frontaal / Zout & Citroen Don't Stop Me Now,"€ 5,13",Netherlands,3.85,Brouwerij Frontaal,10%,Barleywine - Other,Can 440ml,"€ 11,66 per litre"
For The Love Of Hops Cyan,"€ 4,70",Netherlands,3.66,Brouwerij Frontaal,5.5%,IPA - New England / Hazy,Can 440ml,"€ 10,68 per litre"
Macération Mirabelles,"€ 15,50",France,4.16,Levain,7%,Sour - Fruited,Bottle 750ml,"€ 20,67 per litre"
Lervig Rackhouse Silent Exchange,"€ 20,99",Norway,4.36,LERVIG,15.8%,Stout - Imperial / Double,Bottle 375ml,"€ 55,97 per litre"
Bottle Logic Scatter Signal (2022),"€ 39,90",United States,4.35,Bottle Logic Brewing,12%,Stout - Imperial / Double Pastry,Bottle 500ml,"€ 79,80 per litre"
Bottle Logic Stronger Than Fiction (2022),"€ 39,90",United States,4.32,Bottle Logic Brewing,13.5%,Strong Ale - American,Bottle 500ml,"€ 79,80 per litre"
Bottle Logic x Weathered Souls Form Five (2023),"€ 39,90",United States,4.31,Bottle Logic Brewing,14.3%,Stout - Imperial / Double,Bottle 500ml,"€ 79,80 per litre"
Black Friday,"€ 23,40",United States,4.20,Hoppin' Frog Brewery,17.5%,Barleywine - Other,Can 473ml,"€ 49,47 per litre"
Snowdrop (BBE 23/11/24),"€ 6,00",United States,3.96,Tilted Barn Brewery,6%,IPA - White / Wheat,Can 473ml,"€ 12,68 per litre"
Dr. Juice,"€ 6,40",United States,3.90,Parish Brewing Co.,6%,IPA - New England / Hazy,Can 355ml,"€ 18,03 per litre"
Age of Exploration V4: Southern Cross & Kohia Nelson Double NEIPA,"€ 8,09",Romania,4.07,Hop Hooligans,8%,IPA - Imperial / Double New England / Hazy,500ml,"€ 16,18 per litre"
Barrel Project Quadrupel 2024,"€ 6,99",Netherlands,3.44,Brouwerij Kees,9.9%,Belgian Quadrupel,330ml,"€ 21,18 per litre"
Aufsesser Zwickl,"€ 1,90",Germany,3.34,Privatbrauerei Rothenbach,4.8%,Kellerbier / Zwickelbier,500ml,"€ 3,80 per litre"
Genèse,"€ 16,74",Belgium,3.91,La Source Beer Co.,6.4%,Cider - Graff,Bottle 750ml,"€ 22,32 per litre"
Calaca,"€ 16,74",Belgium,3.76,La Source Beer Co.,5.4%,Historical Beer - Gruit / Ancient Herbed Ale,Bottle 750ml,"€ 22,32 per litre"
Blonde - Fruity Basil,"€ 4,75",Netherlands,3.41,FYB Beer,5%,Blonde / Golden Ale - Other,330ml,"€ 14,39 per litre"
Kompaan Lefgozer,"€ 3,40",Netherlands,3.38,KOMPAAN Dutch Craft Beer Company,6%,Wheat Beer - Witbier / Blanche,330ml,"€ 10,30 per litre"
Brandy Cerberus,"€ 27,95",England,4.31,Tartarus Beers,15%,Stout - Imperial / Double,Bottle 750ml,"€ 37,27 per litre"
Dreams 2023,"€ 17,95",Austria,4.39,Brauhaus Bevog,19.6%,Freeze-Distilled Beer,330ml,"€ 54,39 per litre"
Arpus x Adroit Theory Port Wine Barrel Aged Vanilla x Earl Grey Wheatwine,"€ 9,95",Latvia,4.01,Ārpus Brewing Co.,12%,Wheat Beer - Wheat Wine,Can 440ml,"€ 22,61 per litre"
Slenderman,"€ 6,71",England,4.00,Tartarus Beers,11%,Stout - Imperial / Double Pastry,Can 440ml,"€ 15,25 per litre"
Brewing _ Vintage Nectar 2020,"€ 27,95",United States,4.32,3 Sons Brewing Co.,14.5%,Stout - Imperial / Double,Bottle 375ml,"€ 74,53 per litre"
"Vault City | Lemon Grapefruit Pineapple Radler | 3,4%","€ 6,60",Scotland,3.68,Vault City Brewing,3.4%,Shandy / Radler,Can 440ml,"€ 15,00 per litre"
Kasteel Trignac XII 2022,"€ 24,95",Belgium,4.08,Kasteel Brouwerij Vanhonsebrouck,12%,Belgian Tripel,Bottle 750ml,"€ 33,27 per litre"
MC Farmer,"€ 3,00",Poland,3.47,ReCraft,6%,IPA - American,Bottle 500ml,"€ 6,00 per litre"
Organic Cherry Fruit Beer,"€ 4,20",England,3.71,Melbourn Bros’ All Saints Brewery,5.1%,Fruit Beer,Bottle 355ml,"€ 11,83 per litre"
Kriek Boon,"€ 4,19",Belgium,3.53,Brouwerij Boon,4%,Lambic - Kriek,Bottle 375ml,"€ 11,17 per litre"
Macération Coings,"€ 15,50",France,4.02,Levain,5%,Sour - Fruited,Bottle 750ml,"€ 20,67 per litre"
Öö X,"€ 6,99",Estonia,4.13,Põhjala,13%,Porter - Imperial / Double Baltic,330ml,"€ 21,18 per litre"
Oude Geuze Dekoninck,"€ 9,95",Belgium,3.76,Brouwerij Boon,7%,Lambic - Gueuze,Bottle 750ml,"€ 13,27 per litre"
Blue Pool,"€ 6,60",Northern Ireland,3.74,Lacada Brewery,6.4%,IPA - New England / Hazy,Can 440ml,"€ 15,00 per litre"
Do You Wanna Funk?,"€ 6,60",Northern Ireland,3.68,Our Brewery,6.5%,IPA - New England / Hazy,Can 440ml,"€ 15,00 per litre"
Don't Stop Me Now,"€ 4,35",Netherlands,3.77,Brouwerij Frontaal,10%,Wheat Beer - Wheat Wine,330ml,"€ 13,18 per litre"
Witzige Weizen,"€ 2,39",Netherlands,3.42,vandeStreek bier,5.5%,Wheat Beer - Other,330ml,"€ 7,24 per litre"
Scream Egg Chocolate Caramel Egg With Creamy Orange Filling,"€ 5,49",Norway,3.61,Amundsen Brewery,7%,Stout - Pastry,Can 440ml,"€ 12,48 per litre"
Veltins Pilsener,"€ 1,10",Germany,3.18,Brauerei VELTINS,4.8%,Pilsner - German,330ml,"€ 3,33 per litre"
Moersleutel Power Bar Blacksmith,"€ 7,25",Netherlands,4.19,Moersleutel Craft Brewery,13%,Stout - Imperial / Double Pastry,Can 440ml,"€ 16,48 per litre"
Moersleutel Bean Butcher,"€ 7,25",Netherlands,4.18,Moersleutel Craft Brewery,11%,Stout - Imperial / Double Pastry,Can 440ml,"€ 16,48 per litre"
Petit Café,"€ 4,95",Netherlands,3.81,Dutch Bargain,11.7%,Stout - Imperial / Double Coffee,330ml,"€ 15,00 per litre"
Tesselaar Eilandbier,"€ 3,10",Netherlands,3.28,Tesselaar Familiebrouwerij Diks,5%,Pilsner - Other,330ml,"€ 9,39 per litre"
Bottle Logic Red Eye November 2023,"€ 26,99",United States,4.36,Bottle Logic Brewing,15.3%,Stout - Imperial / Double Coffee,500ml,"€ 53,98 per litre"
Nankendorfer Weizenbier,"€ 2,00",Germany,3.48,Schroll Bräu Nankendorf,5.5%,Wheat Beer - Hefeweizen,500ml,"€ 4,00 per litre"
De Molen Calvados Edition '24 BA Belgian Strong Ale,"€ 14,49",Netherlands,3.89,Brouwerij de Molen,12.4%,Belgian Strong Dark Ale,330ml,"€ 43,91 per litre"
De Molen Hel & Verdoemenis Imperial Stout,"€ 5,89",Netherlands,3.85,Brouwerij de Molen,10%,Stout - Russian Imperial,330ml,"€ 17,85 per litre"
St. Louis Premium Framboise,"€ 3,59",Belgium,3.73,Kasteel Brouwerij Vanhonsebrouck,2.8%,Lambic - Framboise,Bottle 250ml,"€ 14,36 per litre"
De Molen Heen & Weer Belgian Triple,"€ 5,19",Netherlands,3.54,Brouwerij de Molen,9%,Belgian Tripel,330ml,"€ 15,73 per litre"
Blond Ale,"€ 4,99",Netherlands,3.44,Uiltje Brewing Company,2.6%,Sour - Other,330ml,"€ 15,12 per litre"
Heimathafen Jack Pale Ale,"€ 2,79",Germany,3.32,Heimathafen - Erfurter Braumanufaktur,5.1%,Pale Ale - English,330ml,"€ 8,45 per litre"
De Molen Roos & Blad NEIPA,"€ 4,33",Netherlands,3.31,Brouwerij de Molen,7.5%,IPA - New England / Hazy,330ml,"€ 13,12 per litre"
Heimathafen Erfurter Urbier Brown Ale,"€ 3,14",Germany,?,Heimathafen - Erfurter Braumanufaktur,5.5%,Historical Beer - Other,330ml,"€ 9,52 per litre"
Rainbow,"€ 6,29",France,3.94,Prizm Brewing Co.,8%,IPA - Imperial / Double,Can 440ml,"€ 14,30 per litre"
Mango No.5,"€ 5,59",Spain,3.63,Basqueland Brewing,6%,Sour - Fruited,Can 440ml,"€ 12,70 per litre"
Beyond Void,"€ 4,99",Estonia,4.00,Pühaste Brewery,11.5%,Porter - Imperial / Double,330ml,"€ 15,12 per litre"
Queen Size Choco Jambo,"€ 7,49",Finland,3.81,CoolHead Brew,10%,Stout - Imperial / Double Pastry,330ml,"€ 15,12 per litre"
Cavern Gluten Free Lager,"€ 3,90",England,3.46,Buxton Brewery,4.2%,Lager - Helles,Can 440ml,"€ 8,86 per litre"
Spinning Around Stegny,"€ 5,50",Poland,3.83,Browar Nepomucen,6%,IPA - New England / Hazy,500ml,"€ 11,00 per litre"
Hugs & Kisses,"€ 4,99",Romania,3.74,Hop Hooligans,10%,Wheat Beer - Wheat Wine,330ml,"€ 15,12 per litre"
"Smoothie Bowl Banana, Pineapple, Vanille, Coconut","€ 5,99",Poland,4.20,Browar Nepomucen,6.9%,Sour - Smoothie / Pastry,500ml,"€ 11,98 per litre"
Smoothie Bowl White Fruits,"€ 5,99",Poland,4.03,Browar Nepomucen,5.6%,Sour - Smoothie / Pastry,500ml,"€ 11,98 per litre"
Hopollo,"€ 3,60",Poland,3.39,Browar NOOK/ Browar Nepomucen,0.5%,Non-Alcoholic - IPA,500ml,"€ 7,20 per litre"
A Hazy shade of Summer,"€ 3,99",Netherlands,3.53,X-brewing,4.5%,IPA - New England / Hazy,Can 440ml,"€ 9,07 per litre"
Bio Bock,"€ 2,90",Germany,3.69,orca brau,7%,Bock - Single / Traditional,330ml,"€ 8,79 per litre"
Cuvée Vendange Cassis 2021,"€ 26,00",France,4.32,Ammonite,6.5%,Fruit Beer,Bottle 750ml,"€ 34,67 per litre"
Vinifera V Pinot Noir,"€ 26,00",France,4.10,Ammonite,6.5%,Fruit Beer,Bottle 750ml,"€ 34,67 per litre"
Cuvée Vendange Groseille 2021,"€ 26,00",France,4.03,Ammonite,6%,Fruit Beer,Bottle 750ml,"€ 34,67 per litre"
Stolen Art,"€ 14,40",Scotland,4.31,Sinnister Brew,11.2%,Stout - Imperial / Double Pastry,Can 440ml,"€ 32,73 per litre"
Pastore Nashville,"€ 7,50",England,4.04,Pastore Brewing and Blending,5.6%,Farmhouse Ale - Saison,Bottle 375ml,"€ 20,00 per litre"
Zuidwester,"€ 3,20",Netherlands,3.48,Dutch Bargain,8.5%,Belgian Tripel,330ml,"€ 9,70 per litre"
Averbode,"€ 3,10",Belgium,3.57,Huisbrouwerij Averbode,7.5%,Belgian Strong Golden Ale,330ml,"€ 9,39 per litre"
Geboortebier,"€ 3,70",Netherlands,2.93,Brouwerij Stijl,5.5%,Spiced / Herbed Beer,330ml,"€ 11,21 per litre"
Zeeuwse Babbelaar Stout,"€ 3,60",Netherlands,3.25,Dutch Bargain,6.5%,Stout - Milk / Sweet,330ml,"€ 10,91 per litre"
Bottle Brew #2,"€ 30,00",Netherlands,4.20,Brouwerij Kees,15.2%,Stout - Russian Imperial,Bottle 750ml,"€ 40,00 per litre"
Anniversary #09,"€ 9,40",Netherlands,3.80,Brouwerij Kees,9.99%,Stout - Imperial / Double,Can 440ml,"€ 21,36 per litre"
Kees x Pomona Island Barrel Project Quadrupel 2024,"€ 8,40",Netherlands,3.44,Brouwerij Kees,9.9%,Belgian Quadrupel,Can 330ml,"€ 25,45 per litre"
Apocrypha: Rum BA Cinnamon,"€ 11,50",Romania,4.08,Hop Hooligans,15.5%,Stout - Imperial / Double,Bottle 375ml,"€ 30,67 per litre"
Raspberry Morning,"€ 4,99",Ukraine,3.87,Yablo,5.3%,Cider - Other Fruit,330ml,"€ 15,12 per litre"
Sinister and Sweet,"€ 6,38",Bulgaria,3.74,Metalhead,6.5%,Stout - Pastry,Can 440ml,"€ 14,50 per litre"
Mindless Philosopher,"€ 12,30",England,4.17,Emperor's Brewery,12%,Porter - Imperial / Double,Can 330ml,"€ 37,27 per litre"
BRLO Splash Grapefruit Radler,"€ 2,29",United States,3.60,Conquest Brewing Company,5.3%,Pale Ale - American,330ml,"€ 6,94 per litre"
Massive Highland 2021,"€ 17,50",United States,4.19,Gigantic Brewing Company,14.3%,Barleywine - English,500ml,"€ 35,00 per litre"
Massive Islay 2021,"€ 21,99",United States,4.17,Gigantic Brewing Company,14.3%,Barleywine - English,500ml,"€ 43,98 per litre"
Gold Medal Cider,"€ 6,55",Wales,3.59,Gwynt y Ddraig,7%,Cider - Traditional / Apfelwein,500ml,"€ 13,10 per litre"
Black Dragon Cider,"€ 6,35",Wales,3.54,Gwynt y Ddraig,7.2%,Cider - Traditional / Apfelwein,500ml,"€ 12,70 per litre"
Hoppin Frog Barrel Aged Outta Kilter Bourbon VINTAGE 2014,"€ 17,99",United States,3.92,Hoppin' Frog Brewery,8.2%,Scotch Ale / Wee Heavy,Bottle 650ml,"€ 27,68 per litre"
Torenwachter,"€ 7,35",Netherlands,3.91,vandeStreek bier,10.3%,Belgian Quadrupel,330ml,"€ 22,27 per litre"
Mango No. 5,"€ 4,79",Spain,3.63,Basqueland Brewing,6%,Sour - Fruited,Can 440ml,"€ 10,89 per litre"
Preutse Paulien,"€ 4,40",Netherlands,3.65,Brouwerij Barelds & Sabel,10%,Porter - Imperial / Double,330ml,"€ 13,33 per litre"
Charmante Chantal,"€ 4,10",Netherlands,3.59,Brouwerij Barelds & Sabel,9.5%,Belgian Quadrupel,330ml,"€ 12,42 per litre"
Porno Blond,"€ 3,75",Netherlands,3.48,Brouwerij De Werf,6%,Belgian Blonde,330ml,"€ 11,36 per litre"
Pale Ale,"€ 2,20",Germany,3.56,Brauerei Gebr. Maisel,5.2%,Pale Ale - American,330ml,"€ 6,67 per litre"
Sigma,"€ 3,05",Belgium,3.74,Brouwerij Alvinne,8%,Sour - Other,330ml,"€ 9,24 per litre"
Cuvée Theo,"€ 4,52",Belgium,3.67,Brouwerij Alvinne,9%,Farmhouse Ale - Saison,330ml,"€ 13,70 per litre"
Ruby,"€ 2,25",Belgium,3.19,Abbaye de Leffe,5%,Fruit Beer,330ml,"€ 6,82 per litre"
Morpheus Druif,"€ 7,91",Belgium,3.80,Brouwerij Alvinne,5.5%,Grape Ale - Other,500ml,"€ 15,82 per litre"
Superstratum (2023),"€ 32,50",United States,4.32,Bottle Logic Brewing,12.5%,Stout - Imperial / Double Pastry,500ml,"€ 65,00 per litre"
Form Five (2023),"€ 32,99",United States,4.31,Bottle Logic Brewing,14.3%,Stout - Imperial / Double,500ml,"€ 65,98 per litre"
Cephalophilosophy (2023),"€ 32,50",United States,4.29,Bottle Logic Brewing,14.9%,Stout - Imperial / Double Pastry,500ml,"€ 65,00 per litre"
Cold Fusion,"€ 9,50",United States,4.27,Spyglass Brewing Company,8.2%,IPA - Imperial / Double,473ml,"€ 20,08 per litre"
Anatomic Palace,"€ 9,00",United States,4.23,Celestial Beerworks,10%,IPA - Triple New England / Hazy,473ml,"€ 19,03 per litre"
Stronger Than Fiction (2024),"€ 32,00",United States,4.20,Bottle Logic Brewing,13%,Strong Ale - Other,500ml,"€ 64,00 per litre"
Jerzy,"€ 6,75",United States,3.75,Celestial Beerworks,5%,Lager - Pale,473ml,"€ 14,27 per litre"
Los Tabernacos – Mangue,"€ 7,99",Canada,4.24,Brasserie du Bas-Canada,6.5%,IPA - Milkshake,473ml,"€ 16,89 per litre"
Jour & Nuit (Ethiopie),"€ 11,50",Canada,4.06,Brasserie du Bas-Canada,7.5%,Stout - Coffee,473ml,"€ 24,31 per litre"
WILD#23 Raspberry Mixed Fermentation Ale,"€ 8,20",Poland,4.03,Browar Stu Mostów,7.1%,Wild Ale - Other,Bottle 375ml,"€ 21,87 per litre"
WILD#22 Blackberry Mixed Fermentation Ale,"€ 8,20",Poland,4.03,Browar Stu Mostów,5.7%,Farmhouse Ale - Saison,Bottle 375ml,"€ 21,87 per litre"
Holy Beans,"€ 4,80",Poland,4.01,Browar Stu Mostów,9%,Porter - Imperial / Double Baltic,Bottle 330ml,"€ 14,55 per litre"
Huppendorfer Vollbier,"€ 1,90",Germany,3.55,Brauerei Gasthof Grasser,5%,Kellerbier / Zwickelbier,500ml,"€ 3,80 per litre"
Pils,"€ 1,90",Germany,3.28,Privatbrauerei Reh,4.9%,Pilsner - German,500ml,"€ 3,80 per litre"
Blueberry Maple Syrup Pancake,"€ 5,39",Netherlands,3.72,KOMPAAN Dutch Craft Beer Company,11%,Stout - Pastry,Can 440ml,"€ 12,25 per litre"
Asterion,"€ 4,72",Croatia,3.78,Pulfer Brewery,6.1%,IPA - New England / Hazy,500ml,"€ 9,44 per litre"
Spirit of Pulfque,"€ 5,39",Croatia,3.73,Pulfer Brewery,6.6%,IPA - American,500ml,"€ 10,78 per litre"
De la Senne Bruxellensis,"€ 3,23",Belgium,3.32,Brasserie de la Senne,6.5%,Brett Beer,Bottle 330ml,"€ 9,79 per litre"
Macération Pinot Noir,"€ 15,50",France,4.04,Levain,6%,Sour - Other,Bottle 750ml,"€ 20,67 per litre"
Bock – Bio  Bock,"€ 2,95",Germany,3.69,orca brau,7%,Bock - Single / Traditional,330ml,"€ 8,94 per litre"
Chaiwala,"€ 7,26",Hungary,3.75,Mad Scientist,11.3%,Stout - Imperial / Double Milk,330ml,"€ 22,00 per litre"
St. Bernardus Wit,"€ 5,95",Belgium,3.58,Brouwerij St.Bernardus,5.5%,Wheat Beer - Witbier / Blanche,Bottle 750ml,"€ 7,93 per litre"
Cuvée Vendange Abricot 2021,"€ 26,00",France,4.00,Ammonite,5.5%,Sour - Other,Bottle 750ml,"€ 34,67 per litre"
Cuvée des Jacobins Rouge,"€ 2,85",Belgium,3.92,Omer Vander Ghinste,5.5%,Sour - Flanders Red Ale,330ml,"€ 8,64 per litre"
Kemker Kultuur Dots,"€ 9,99",Germany,3.86,Kemker Kultuur (Brauerei J. Kemker),6%,Farmhouse Ale - Other,Bottle 375ml,"€ 26,64 per litre"
Pauwel - Kwak,"€ 5,40",Belgium,3.76,Brouwerij Bosteels,8.4%,Pale Ale - Belgian,330ml,"€ 16,36 per litre"
Malvasia de Sicus,"€ 10,00",Spain,3.90,Cyclic Beer Farm,5.5%,Wild Ale - Other,Bottle 750ml,"€ 13,33 per litre"
Steelyard Pale Ale,"€ 3,89",Germany,3.52,Buddelship Brauerei,5.6%,Pale Ale - English,330ml,"€ 11,79 per litre"
The Algorithm Pt.II,"€ 6,40",Netherlands,4.14,Uiltje Brewing Company,15.2%,Stout - Imperial / Double,330ml,"€ 19,39 per litre"
dC/dt,"€ 10,10",United States,4.25,Equilibrium Brewery,8%,IPA - Imperial / Double,4730ml,"€ 2,14 per litre"
Canadian Gose,"€ 3,95",Germany,3.72,orca brau,5.4%,Sour - Fruited Gose,330ml,"€ 11,97 per litre"
Barrel Aged Lunar Lycan (2024),"€ 18,60",Sweden,4.32,Omnipollo,14.3%,Stout - Imperial / Double Milk,330ml,"€ 56,36 per litre"
Tropicalismo Imperial Island Milk Stout,"€ 10,60",Sweden,4.19,Omnipollo,11%,Stout - Imperial / Double Milk,330ml,"€ 32,12 per litre"
Pleroma Dragon Fruit Crème Brûlée Sour,"€ 6,20",Sweden,3.75,Omnipollo,6%,Sour - Smoothie / Pastry,330ml,"€ 18,79 per litre"
Bae,"€ 5,10",Poland,3.64,COYPU,5.1%,Pilsner - New Zealand,500ml,"€ 10,20 per litre"
Campagnol,"€ 3,99",Belgium,3.49,La Source Beer Co.,4.9%,Pilsner - Other,Can 330ml,"€ 12,09 per litre"
Dappersveld-Woestijn Marc de Pinot Noir,"€ 20,25",Belgium,3.85,Dappersveld-woestijn,12%,Lambic - Other,350ml,"€ 57,86 per litre"
Timmermans Faro,"€ 1,96",Belgium,3.45,Brewery John Martin & Brewery Timmermans,4%,Lambic - Faro,330ml,"€ 5,94 per litre"
Saison Lambic Fruit Des Bois,"€ 17,95",Belgium,4.12,L'Ermitage,7.5%,Lambic - Fruit,Bottle 750ml,"€ 23,93 per litre"
"Krug Hell 0,33 L","€ 1,80",Germany,3.47,Krug-Bräu,4.8%,Lager - Helles,330ml,"€ 5,45 per litre"
Ohtu,"€ 2,75",Estonia,3.55,Põhjala,5.5%,Porter - American,330ml,"€ 8,33 per litre"
Orange Gose,"€ 2,95",Estonia,3.42,Põhjala,5.5%,Sour - Fruited Gose,330ml,"€ 8,94 per litre"
Must Kuld Chai Latte,"€ 3,60",Estonia,3.38,Põhjala,7.8%,Porter - Other,330ml,"€ 10,91 per litre"
Drunk Tongue,"€ 6,23",Germany,3.81,FrauGruber Brewing,9.3%,IPA - Triple New England / Hazy,Can 440ml,"€ 14,16 per litre"
Mantle,"€ 6,60",England,3.66,Indie Rabble,4.5%,Pale Ale - New England / Hazy,Can 440ml,"€ 15,00 per litre"
Tilquin Oude Mourvèdre,"€ 14,26",Belgium,4.21,Gueuzerie Tilquin,7.7%,Lambic - Fruit,Bottle 750ml,"€ 19,01 per litre"
Tilquin Oude Viognier,"€ 14,46",Belgium,4.20,Gueuzerie Tilquin,8%,Lambic - Fruit,Bottle 750ml,"€ 19,28 per litre"
Tilquin Oude Syrah à l'Ancienne,"€ 14,26",Belgium,4.18,Gueuzerie Tilquin,8%,Lambic - Fruit,Bottle 750ml,"€ 19,01 per litre"
Oude Geuze Barrel Selection Oude Pijpen 2023,"€ 7,37",Belgium,4.07,Oud Beersel,6.5%,Lambic - Gueuze,Bottle 375ml,"€ 19,65 per litre"
Schaarbeekse Oude Kriek,"€ 8,70",Belgium,3.87,Brouwerij Eylenbosch,6.2%,Lambic - Kriek,Bottle 375ml,"€ 23,20 per litre"
Rozenlambiek,"€ 29,39",Belgium,3.68,Oud Beersel,6.8%,Lambic - Other,3100ml,"€ 9,48 per litre"
Hansla,"€ 1,90",Germany,2.80,"Schlenkerla (""Heller-Bräu"" Trum)",0.9%,Rauchbier,500ml,"€ 3,80 per litre"
Noa Pecan Mud Cake,"€ 8,79",Sweden,4.19,Omnipollo,11%,Stout - Imperial / Double Pastry,330ml,"€ 26,64 per litre"
Smuling IPA,"€ 3,35",Netherlands,3.47,Brouwerij Poesiat & Kater,6.5%,IPA - American,330ml,"€ 10,15 per litre"
Kaintz Tripel,"€ 3,60",Netherlands,3.46,Brouwerij Poesiat & Kater,8%,Belgian Tripel,330ml,"€ 10,91 per litre"
Startschot,"€ 3,60",Netherlands,3.40,Brouwerij Vals Plat,6.4%,Pale Ale - American,330ml,"€ 10,91 per litre"
Frau Gruber 7th Anniversary BA Imperial Stout,"€ 32,95",Germany,4.27,FrauGruber Brewing,14.8%,Stout - Imperial / Double,500ml,"€ 65,90 per litre"
IR#09 - Farmhouse Ale Dryhopped,"€ 6,25",France,3.63,Noiseless,6.3%,Farmhouse Ale - Saison,Can 440ml,"€ 14,20 per litre"
Oude Gueuze Tilquin à l'Ancienne - Cuvée Paul 2022,"€ 19,50",Belgium,4.21,Gueuzerie Tilquin,7%,Lambic - Gueuze,Bottle 750ml,"€ 26,00 per litre"
Oude Pêche Jaune à l'ancienne 2023,"€ 25,00",Belgium,4.13,Gueuzerie Tilquin,7%,Lambic - Fruit,Bottle 750ml,"€ 33,33 per litre"
Gold Line Blue Edition,"€ 12,99",Germany,3.77,Blech.Brut,11.8%,Barleywine - English,Can 440ml,"€ 29,52 per litre"
Gold Line Green Edition,"€ 12,99",Germany,3.77,Blech.Brut,11.8%,Barleywine - English,Can 440ml,"€ 29,52 per litre"
Schorschweizen Eisbock 30% – Steinoptik,"€ 39,95",Germany,?,Schorschbräu,30%,Bock - Eisbock,330ml,"€ 121,06 per litre"
Merrain Extra,"€ 19,60",Canada,4.22,Brasserie Dunham,6.5%,Farmhouse Ale - Saison,Bottle 750ml,"€ 26,13 per litre"
Omer VanderGhinste Traditional Blond,"€ 8,50",Belgium,3.60,Omer Vander Ghinste,8%,Belgian Blonde,Bottle 750ml,"€ 11,33 per litre"
Crux,"€ 3,50",Netherlands,3.49,Brouwerij Vals Plat,6.2%,IPA - American,330ml,"€ 10,61 per litre"
Messner,"€ 3,40",Belgium,3.45,Rimor Brewery,6.2%,IPA - American,330ml,"€ 10,30 per litre"
Barrel-Aged Speedway Stout 2023,"€ 16,00",United States,4.22,AleSmith Brewing Company,13.3%,Stout - Imperial / Double Coffee,473ml,"€ 33,83 per litre"
Assemblage 9,"€ 20,50",France,4.26,Popihn Sauvages,7%,Wild Ale - Other,Bottle 750ml,"€ 27,33 per litre"
Oude Kriek 2021,"€ 11,50",Belgium,4.20,Het Boerenerf Eylenbosch,7%,Lambic - Kriek,Bottle 375ml,"€ 30,67 per litre"
Cuvée Courson 2022,"€ 10,50",France,3.91,Sacrilège,5.6%,Farmhouse Ale - Bière de Coupage,Bottle 750ml,"€ 14,00 per litre"
Bivouac,"€ 7,80",France,3.80,Sacrilège,7%,Farmhouse Ale - Saison,Bottle 750ml,"€ 10,40 per litre"
Halte,"€ 7,50",France,3.76,Sacrilège,4.2%,Farmhouse Ale - Grisette,Bottle 750ml,"€ 10,00 per litre"
Barrel-Aged Narwhal,"€ 9,00",United States,4.18,Sierra Nevada Brewing Co.,11.9%,Stout - Imperial / Double,473ml,"€ 19,03 per litre"
3 Bean Stout,"€ 6,90",Norway,4.09,LERVIG/ Way Beer,12%,Stout - Imperial / Double,330ml,"€ 20,91 per litre"
Coeur de Cuvée (Blend #9),"€ 49,95",United States,4.18,Side Project Brewing,7%,Farmhouse Ale - Saison,330ml,"€ 20,91 per litre"
Rochefort 6,"€ 2,40",Belgium,3.71,Abbaye Notre-Dame de Saint-Rémy,7.5%,Belgian Dubbel,330ml,"€ 7,27 per litre"
La Cambre Blond,"€ 2,30",Belgium,3.37,Brouwerij Het Anker,6.3%,Belgian Blonde,330ml,"€ 6,97 per litre"
Brewer's Desire Grape Ale,"€ 15,43",Belgium,3.71,Brewery John Martin & Brewery Timmermans,7.5%,Brett Beer,Bottle 750ml,"€ 20,57 per litre"
Timmermans Lambicus Framboise Hibiscus,"€ 1,96",Belgium,3.56,Brewery John Martin & Brewery Timmermans,4%,Lambic - Framboise,330ml,"€ 5,94 per litre"
Timmermans Lambicus Kriek Black Pepper,"€ 1,96",Belgium,3.54,Brewery John Martin & Brewery Timmermans,4%,Lambic - Kriek,330ml,"€ 5,94 per litre"
Timmermans Lambicus Blanche,"€ 1,96",Belgium,3.47,Brewery John Martin & Brewery Timmermans,4.5%,Lambic - Traditional,330ml,"€ 5,94 per litre"
Timmermans Kriek Retro,"€ 1,96",Belgium,3.42,Brewery John Martin & Brewery Timmermans,4.5%,Lambic - Kriek,330ml,"€ 5,94 per litre"
Karel,"€ 3,00",Netherlands,3.41,Kaapse Brouwers,4.5%,IPA - Session,330ml,"€ 9,09 per litre"
Carrot Factory,"€ 5,30",Hungary,3.59,Fehér Nyúl,6.5%,Sour - Smoothie / Pastry,330ml,"€ 16,06 per litre"
Heading Up,"€ 4,50",Netherlands,3.36,Two Chefs Brewing,7.1%,IPA - Red,330ml,"€ 13,64 per litre"
Tak Pale Ale,"€ 4,70",Austria,3.55,Brauhaus Bevog,5.5%,Pale Ale - American,330ml,"€ 14,24 per litre"
Boskeun Belgian Tripel 2024,"€ 7,60",Belgium,3.70,Brouwerij De Dolle Brouwers,9%,Belgian Strong Golden Ale,330ml,"€ 23,03 per litre"
Påskebryg Bock,"€ 3,40",Denmark,3.21,Ebeltoft Gårdbryggeri,6%,Bock - Hell / Maibock / Lentebock,330ml,"€ 10,30 per litre"
Double Dip BA 2023,"€ 10,80",Denmark,4.29,To Øl,13.5%,Stout - Imperial / Double Pastry,Bottle 330ml,"€ 32,73 per litre"
Mash Test Yummies BA 2023,"€ 8,70",Denmark,4.22,To Øl,11.8%,Stout - Imperial / Double Pastry,Bottle 330ml,"€ 26,36 per litre"
Framboise,"€ 3,49",Belgium,3.54,Brouwerij Boon,5%,Lambic - Framboise,Bottle 250ml,"€ 13,96 per litre"
Draught Stout,"€ 2,30",Ireland,3.77,Guinness,4.2%,Stout - Irish Dry,Can 330ml,"€ 6,97 per litre"
Handlanger Double IPA Blik SB,"€ 3,10",Netherlands,3.61,KOMPAAN Dutch Craft Beer Company,8.2%,IPA - Imperial / Double,330ml,"€ 9,39 per litre"
Hazy Jane AF Alcohol Free NEIPA,"€ 2,30",Scotland,3.06,BrewDog,0.5%,Non-Alcoholic - IPA,Can 330ml,"€ 6,97 per litre"
Punk AF Alcohol Free IPA Blik SB,"€ 2,15",Scotland,2.88,BrewDog,0.5%,Non-Alcoholic - IPA,330ml,"€ 6,52 per litre"
Schneider Weisse tap 7 Unser Original,"€ 4,80",Germany,3.66,Schneider Weisse G. Schneider & Sohn,5.4%,Wheat Beer - Hefeweizen,Bottle 500ml,"€ 9,60 per litre"
DIPA v16,"€ 9,75",England,4.01,Cloudwater Brew Co.,8%,IPA - Imperial / Double New England / Hazy,Can 440ml,"€ 22,16 per litre"
Gold Lines: Blue Edition,"€ 10,25",Germany,3.99,Blech.Brut,11.5%,Stout - Russian Imperial,Can 440ml,"€ 23,30 per litre"
Gold Lines: Green Edition,"€ 10,25",Germany,3.95,Blech.Brut,11.5%,Stout - Russian Imperial,Can 440ml,"€ 23,30 per litre"
Fruit World Famous Raspberry Pie Sour,"€ 5,80",Sweden,3.77,Omnipollo,6%,Sour - Fruited,330ml,"€ 17,58 per litre"
Framboise,"€ 2,51",Belgium,3.77,Brouwerij Lindemans,2.5%,Lambic - Framboise,Bottle 250ml,"€ 10,04 per litre"
Tripel LeFort,"€ 2,90",Belgium,3.72,Omer Vander Ghinste,8.8%,Belgian Tripel,330ml,"€ 8,79 per litre"
Tongerlo LUX,"€ 2,70",Belgium,3.51,Brouwerij Haacht Brasserie,6%,Belgian Blonde,330ml,"€ 8,18 per litre"
Oude Geuze Magnum,"€ 44,26",Belgium,4.06,Brouwerij 3 Fonteinen,6%,Lambic - Gueuze,Bottle 1500ml,"€ 29,51 per litre"
De Poes,"€ 2,30",Netherlands,3.14,Brouwerij de Molen/ Hofje van Wijs,8%,IPA - American,330ml,"€ 6,97 per litre"
Koschei BA: Feteasca Neagra,"€ 8,99",Romania,4.00,Hop Hooligans,11%,Stout - Russian Imperial,Can 330ml,"€ 27,24 per litre"
Tripick 8,"€ 2,45",Belgium,3.55,Tripick,8%,Belgian Tripel,330ml,"€ 7,42 per litre"
Gold Lines (blue Edition),"€ 13,75",Germany,3.99,Blech.Brut,11.5%,Stout - Russian Imperial,Can 440ml,"€ 31,25 per litre"
DIPA V16,"€ 7,99",England,4.01,Cloudwater Brew Co.,8%,IPA - Imperial / Double New England / Hazy,Can 440ml,"€ 18,16 per litre"
Holy Beans,"€ 6,55",Poland,4.01,Browar Stu Mostów,9%,Porter - Imperial / Double Baltic,330ml,"€ 19,85 per litre"
Sherry Shadow Baltic Porter DBA,"€ 10,97",Poland,3.88,Browar Stu Mostów,11%,Porter - Imperial / Double Baltic,330ml,"€ 33,24 per litre"
Strawberry  VINTAGE 2015,"€ 25,19",United States,3.76,Cascade Brewing,7.1%,Sour - Fruited,Bottle 750ml,"€ 33,59 per litre"
PaasIJ 2024,"€ 2,95",Netherlands,3.55,Brouwerij 't IJ,7%,Bock - Hell / Maibock / Lentebock,330ml,"€ 8,94 per litre"
Blonde Simmie Blond,"€ 3,65",Netherlands,3.37,Brouwerij Frontaal,5%,Belgian Blonde,Can 330ml,"€ 11,06 per litre"
Brewing Centaur Army,"€ 9,95",England,4.40,Neon Raptor Brewing Co.,13%,Stout - Imperial / Double Pastry,Can 330ml,"€ 11,06 per litre"
Moersleutel It Takes Two,"€ 6,99",Netherlands,4.07,Moersleutel Craft Brewery,12%,Stout - Imperial / Double,Can 440ml,"€ 15,89 per litre"
Maple Plumber,"€ 7,99",Netherlands,4.20,Moersleutel Craft Brewery,11%,Stout - Imperial / Double Pastry,Can 440ml,"€ 18,16 per litre"
Queen Size Choco Jambo,"€ 7,25",Finland,3.81,CoolHead Brew,10%,Stout - Imperial / Double Pastry,Can 440ml,"€ 16,48 per litre"
Mint To Be,"€ 3,99",Netherlands,2.99,Jopen,6%,Farmhouse Ale - Saison,330ml,"€ 12,09 per litre"
Nostalgia Collection #14 - Het Kolenfront (Limited Edition),"€ 3,61",Belgium,3.71,Brouwerij Kompel,9.5%,Belgian Strong Golden Ale,330ml,"€ 10,94 per litre"
Duvel Tripel Hop Cashmere,"€ 3,13",Belgium,3.61,Duvel Moortgat,9.5%,IPA - Belgian,330ml,"€ 9,48 per litre"
Pils,"€ 2,22",Belgium,3.15,Brouwerij Kompel,4.1%,Pilsner - Other,330ml,"€ 6,73 per litre"
Kriek,"€ 2,55",Belgium,2.99,Brouwerij Kompel,3.5%,Fruit Beer,330ml,"€ 7,73 per litre"
Poperings Hommelbier,"€ 5,50",Belgium,3.45,Leroy Breweries,7.5%,Belgian Strong Golden Ale,Bottle 750ml,"€ 7,33 per litre"
Gouden Carolus Cuvée Van De Keizer Imperial Dark,"€ 9,95",Belgium,4.05,Brouwerij Het Anker,11%,Belgian Strong Dark Ale,Bottle 750ml,"€ 13,27 per litre"
Blond,"€ 2,35",Belgium,3.52,Abbaye de Maredsous,6%,Belgian Blonde,330ml,"€ 7,12 per litre"
Barbar,"€ 2,49",Belgium,3.49,Brasserie Lefebvre,8%,Honey Beer,330ml,"€ 7,55 per litre"
Brasserie Du Bocq Blanche De Namur,"€ 1,80",Belgium,3.40,Brasserie du Bocq,4.5%,Wheat Beer - Witbier / Blanche,Bottle 250ml,"€ 7,20 per litre"
Grand Assemblage 2022,"€ 16,00",France,4.24,Popihn Sauvages,6%,Wild Ale - Other,Bottle 750ml,"€ 21,33 per litre"
Rhubarbe 2022,"€ 17,00",France,4.14,Popihn Sauvages,7%,Wild Ale - Other,Bottle 750ml,"€ 22,67 per litre"
Shiso Vert 2023,"€ 16,00",France,4.07,Popihn Sauvages,7%,Wild Ale - Other,Bottle 750ml,"€ 21,33 per litre"
IS hot sauce Avery Island BA,"€ 8,00",France,4.06,Popihn,12%,Stout - Imperial / Double Coffee,330ml,"€ 24,24 per litre"
Macabre Imperial Stout x Salikatt,"€ 8,60",Denmark,4.08,Amager Bryghus,14.2%,Stout - Imperial / Double,Can 440ml,"€ 19,55 per litre"
Eclipse Elixir,"€ 9,00",Poland,4.36,Browar Stu Mostów,13.5%,Stout - Imperial / Double Pastry,Bottle 330ml,"€ 27,27 per litre"
Hesbania TRPL,"€ 3,46",Belgium,3.54,Hesbania Bier,10%,Belgian Tripel,330ml,"€ 10,48 per litre"
Fjaðrárgljúfur,"€ 3,05",Belgium,3.39,Puffin Brewery,8.5%,Sour - Other,330ml,"€ 9,24 per litre"
Hesbania DNKR,"€ 2,76",Belgium,3.27,Hesbania Bier,8%,Belgian Strong Dark Ale,330ml,"€ 8,36 per litre"
Struise Tsjeeses Reserva Vintage Port BA,"€ 5,30",Belgium,3.88,De Struise Brouwers,10%,Belgian Strong Golden Ale,330ml,"€ 16,06 per litre"
Mercator,"€ 3,30",Belgium,3.46,Rimor Brewery,8%,Belgian Tripel,330ml,"€ 10,00 per litre"
Meinel Naturradler Grapefruit,"€ 1,90",Germany,3.53,Meinel Bräu,2.4%,Shandy / Radler,330ml,"€ 5,76 per litre"
Weiherer / Fat Head's - Hopferla,"€ 4,50",Germany,3.33,Brauerei Kundmüller/ Fat Head's Brewery,7.5%,IPA - American,500ml,"€ 9,00 per litre"
St-Bernardus Abt 12,"€ 2,55",Belgium,4.00,Brouwerij St.Bernardus,10%,Belgian Quadrupel,330ml,"€ 7,73 per litre"
Oude Geuze,"€ 4,55",Belgium,3.77,Oud Beersel,6%,Lambic - Gueuze,Bottle 375ml,"€ 12,13 per litre"
Achel Dubbel,"€ 2,30",Belgium,3.67,Brouwerij der Sint-Benedictusabdij De Achelse Kluis,8%,Belgian Dubbel,330ml,"€ 6,97 per litre"
LeFort,"€ 2,10",Belgium,3.62,Omer Vander Ghinste,9%,Belgian Strong Dark Ale,330ml,"€ 6,36 per litre"
Adriaen Brouwer Oaked,"€ 2,60",Belgium,3.61,Brouwerij Roman,10%,Belgian Strong Dark Ale,330ml,"€ 7,88 per litre"
Cuvee Clarisse,"€ 2,30",Belgium,3.60,Brouwerij Wilderen,9.2%,Belgian Strong Dark Ale,330ml,"€ 6,97 per litre"
Boerinneken,"€ 2,90",Belgium,3.49,Den Ouden Advokaat,9.5%,Belgian Strong Golden Ale,330ml,"€ 8,79 per litre"
Boerken,"€ 2,90",Belgium,3.44,Den Ouden Advokaat,9.5%,Belgian Strong Dark Ale,330ml,"€ 8,79 per litre"
Calvados Edition 2024 Belgian Strong Ale,"€ 6,50",Netherlands,3.89,Brouwerij de Molen,12.4%,Belgian Strong Dark Ale,330ml,"€ 19,70 per litre"
DS24 Infused Dry Stout,"€ 4,30",Netherlands,3.61,Berging Brouwerij,9.5%,Stout - Irish Dry,330ml,"€ 13,03 per litre"
Mint To Be,"€ 3,99",Netherlands,2.99,Jopen,6%,Farmhouse Ale - Saison,330ml,"€ 12,09 per litre"
BW24 Cognac Infused,"€ 4,30",Netherlands,3.51,Berging Brouwerij,8.4%,Barleywine - Other,330ml,"€ 13,03 per litre"
Black Is Beautiful Vol. 2 IPA,"€ 7,59",Sweden,4.02,Omnipollo,7.5%,IPA - New England / Hazy,Can 440ml,"€ 17,25 per litre"
Vin Santo Sour By Rackhouse,"€ 21,25",Norway,4.01,LERVIG,9.5%,Wild Ale - Other,Bottle 750ml,"€ 28,33 per litre"
Fruit Works – Raspberry + Blackberry + Blueberry,"€ 6,79",Hungary,4.01,Brew Your Mind,5.5%,Sour - Fruited,Can 440ml,"€ 15,43 per litre"
Fruit Works – Mango + Passion Fruit + Strawberry,"€ 6,79",Hungary,4.00,Brew Your Mind,6%,Sour - Fruited,Can 440ml,"€ 15,43 per litre"
Yellow Haze,"€ 4,49",Hungary,3.82,Brew Your Mind,5.5%,Pale Ale - New England / Hazy,Can 440ml,"€ 10,20 per litre"
Get Comfortable,"€ 6,48",Wales,3.73,Polly's Brew Co.,5.6%,Stout - Oatmeal,Can 440ml,"€ 14,73 per litre"
Harvey Walnut Banger,"€ 8,90",England,4.13,Bang The Elephant Brewing Co,14.7%,Stout - Pastry,Can 440ml,"€ 20,23 per litre"
You You Pangu,"€ 3,99",Norway,3.74,LERVIG,8.2%,IPA - Imperial / Double New England / Hazy,330ml,"€ 12,09 per litre"
Lagerbier,"€ 2,95",Sweden,3.35,Apex Brewing Company,5.6%,Kellerbier / Zwickelbier,Can 440ml,"€ 6,70 per litre"
Cuivre (2015),"€ 31,90",United States,4.28,The Bruery,16.2%,Old / Stock Ale,Bottle 750ml,"€ 42,53 per litre"
Rueuze (2021),"€ 19,90",United States,4.15,The Bruery Terreux,6.3%,Lambic - Traditional,Bottle 375ml,"€ 53,07 per litre"
Quad Kisses (2020),"€ 31,90",United States,3.97,The Bruery,13.1%,Belgian Quadrupel,Bottle 750ml,"€ 42,53 per litre"
Eclipse - Elijah Craig (2023),"€ 28,99",United States,4.31,FiftyFifty Brewing Co.,12.9%,Stout - Imperial / Double,Bottle 750ml,"€ 42,53 per litre"
Eclipse - Old Trestle (2023),"€ 28,99",United States,4.28,FiftyFifty Brewing Co.,12%,Stout - Imperial / Double,Bottle 750ml,"€ 42,53 per litre"
Single Barrel Eclipse - Garrison Brothers (2023),"€ 28,99",United States,4.28,FiftyFifty Brewing Co.,9.5%,Stout - Imperial / Double,Bottle 750ml,"€ 42,53 per litre"
Eclipse - Frey Ranch (2023),"€ 28,99",United States,4.25,FiftyFifty Brewing Co.,12.3%,Stout - Imperial / Double,Bottle 750ml,"€ 42,53 per litre"
Eclipse - Laws (2023),"€ 28,99",United States,4.23,FiftyFifty Brewing Co.,12.3%,Stout - Imperial / Double,Bottle 750ml,"€ 42,53 per litre"
Eclipse - Honycomb (2023),"€ 33,49",United States,4.12,FiftyFifty Brewing Co.,11.2%,Stout - Imperial / Double,Bottle 750ml,"€ 42,53 per litre"
Eclipse - Old Fashioned (2023),"€ 33,69",United States,4.03,FiftyFifty Brewing Co.,11.6%,Stout - Imperial / Double,Bottle 750ml,"€ 42,53 per litre"
Gulle Tinus Editie 2022 Barrel Aged,"€ 6,45",Netherlands,?,Gulpener Bierbrouwerij,6.5%,Lager - Dortmunder / Export,330ml,"€ 19,55 per litre"
Aecht Schlenkerla Rauchbier – Weizen  -  THT/BBE 10/24,"€ 2,30",Germany,3.55,"Schlenkerla (""Heller-Bräu"" Trum)",5.2%,Rauchbier,500ml,"€ 4,60 per litre"
Helles Schlenkerla Lagerbier  -  THT/BBE 10/24,"€ 2,10",Germany,3.48,"Schlenkerla (""Heller-Bräu"" Trum)",4.3%,Lager - Helles,500ml,"€ 4,20 per litre"
Aecht Schlenkerla Rauchbier – Märzen  -  THT/BBE 10/24,"€ 2,40",Germany,3.48,"Schlenkerla (""Heller-Bräu"" Trum)",5.1%,Rauchbier,500ml,"€ 4,80 per litre"
Barrel Aged Up In The Early,"€ 54,99",United States,4.28,Wax Wings Brewing Company,15%,Stout - Imperial / Double Milk,500ml,"€ 4,80 per litre"
Oude,"€ 29,99",Netherlands,4.26,Tommie Sjef,6.7%,Lambic - Gueuze,Bottle 750ml,"€ 39,99 per litre"
Lucky Tonka Winter Edition Walnut Carrot Cake Imperial Stout,"€ 8,10",Netherlands,3.99,Moersleutel Craft Brewery,12%,Stout - Imperial / Double Pastry,Can 440ml,"€ 18,41 per litre"
Transatlantique Kriek / Oud Beersel,"€ 20,69",Belgium,4.00,Brouwerij Boon/ New Belgium Brewing Company/ Oud Beersel,6.2%,Lambic - Kriek,Bottle 375ml,"€ 55,17 per litre"
Siren Broken Dream Can,"€ 3,30",England,3.69,Siren Craft Brew,6.5%,Stout - Oatmeal,330ml,"€ 10,00 per litre"
Helles,"€ 4,00",England,3.57,Lost and Grounded Brewers,4.4%,Lager - Helles,Can 440ml,"€ 9,09 per litre"
Onzen Bennie BA,"€ 6,50",Netherlands,3.47,Bourgondische Broeders,9%,Belgian Tripel,330ml,"€ 19,70 per litre"
Tonka Stout,"€ 5,20",Netherlands,3.35,Brouwerij Durs,6%,Stout - Irish Dry,330ml,"€ 15,76 per litre"
Bollenhette Weizen,"€ 3,40",Netherlands,3.34,Bourgondische Broeders,10%,Wheat Beer - Hefeweizen,330ml,"€ 10,30 per litre"
Nem Toch Blond,"€ 3,60",Netherlands,3.33,Bourgondische Broeders,10%,Belgian Blonde,330ml,"€ 10,91 per litre"
Paperfolds,"€ 10,99",United States,4.04,Phase Three Brewing,7.8%,IPA - Imperial / Double New England / Hazy,Can 470ml,"€ 23,38 per litre"
Church Whip Imperial Stout x Horus Aged Ales,"€ 26,70",Sweden,4.25,Omnipollo,12%,Stout - Imperial / Double Pastry,Bottle 375ml,"€ 71,20 per litre"
Pleroma Dragon Fruit Créme Brulée Sour,"€ 7,30",Sweden,3.75,Omnipollo,6%,Sour - Smoothie / Pastry,330ml,"€ 22,12 per litre"
Disco Volante,"€ 3,89",Netherlands,3.44,Vet & Lazy,6.5%,Stout - Milk / Sweet,330ml,"€ 11,79 per litre"
Synwede,"€ 4,75",Netherlands,3.62,Wentersch,7.5%,IPA - Cold,Can 440ml,"€ 10,80 per litre"
Fruitcake,"€ 3,60",Netherlands,3.53,Mannenpap,7%,IPA - American,330ml,"€ 10,91 per litre"
Harvey Walnut Banger,"€ 9,85",England,4.13,Bang The Elephant Brewing Co,14.7%,Stout - Pastry,Can 440ml,"€ 22,39 per litre"
Phat Boi,"€ 6,29",Hungary,4.04,Mad Scientist,11.5%,Stout - Imperial / Double,330ml,"€ 19,06 per litre"
IMPERIAL STOUT – Barrel Aged Blend #2,"€ 8,15",France,4.20,Popihn,12%,Stout - Imperial / Double,330ml,"€ 24,70 per litre"
BARLEY W. – Whisky Tourbé BA 16 Mois,"€ 8,15",France,3.85,Popihn,10%,Barleywine - Other,330ml,"€ 24,70 per litre"
Witte Was,"€ 3,29",Netherlands,3.40,KOMPAAN Dutch Craft Beer Company,5%,Wheat Beer - Witbier / Blanche,330ml,"€ 24,70 per litre"
Black Gold 2023,"€ 48,99",United States,4.41,Central Waters Brewing Company,14%,Stout - Imperial / Double,Bottle 650ml,"€ 75,37 per litre"
Pét 2022,"€ 10,58",Hungary,?,BudaPrés Cider,6.7%,Cider - Dry,Bottle 750ml,"€ 14,11 per litre"
Felhős 2020,"€ 13,18",Hungary,?,BudaPrés Cider,8.2%,Cider - Dry,Bottle 750ml,"€ 17,57 per litre"
Bigfoot 2024,"€ 6,64",United States,3.87,Sierra Nevada Brewing Co.,9.6%,Barleywine - American,355ml,"€ 18,70 per litre"
Bad Baby No Squeezie,"€ 12,50",United States,4.27,Spanish Marie Brewery,5%,Sour - Smoothie / Pastry,473ml,"€ 26,43 per litre"
Barrel Aged Narwhal,"€ 11,01",United States,4.18,Sierra Nevada Brewing Co.,11.9%,Stout - Imperial / Double,473ml,"€ 23,28 per litre"
Cocobänger,"€ 9,03",Estonia,4.12,Põhjala,12.5%,Stout - Imperial / Double Coffee,330ml,"€ 27,36 per litre"
Fractional BA Cacophony,"€ 36,99",United States,4.39,3 Sons Brewing Co.,13.4%,Stout - Imperial / Double Pastry,500ml,"€ 73,98 per litre"
Iced Series 24 - Imperial Iced Dark Ale,"€ 6,99",Netherlands,3.42,Brouwerij Emelisse,15.7%,Farmhouse Ale - Saison,500ml,"€ 73,98 per litre"
Epochal White Smoke,"€ 9,00",Scotland,3.78,Epochal Barrel Fermented Ales,5.5%,Grodziskie / Grätzer,Bottle 375ml,"€ 24,00 per litre"
De La Senne Super Crisse! (BBE 05/12/24),"€ 4,20",Belgium,3.71,Brasserie de la Senne,7.5%,Belgian Tripel,Bottle 330ml,"€ 12,73 per litre"
De La Senne Brussels Calling (2024),"€ 5,40",Belgium,3.69,Brasserie de la Senne,6.5%,IPA - Belgian,Bottle 330ml,"€ 16,36 per litre"
De La Senne Zinnebir,"€ 4,20",Belgium,3.40,Brasserie de la Senne,5.8%,Pale Ale - Belgian,Bottle 330ml,"€ 12,73 per litre"
De La Senne Bruxellensis,"€ 5,10",Belgium,3.32,Brasserie de la Senne,6.5%,Brett Beer,Bottle 330ml,"€ 15,45 per litre"
Deya Living In And Out Of Tune,"€ 8,40",England,3.30,DEYA Brewing Company,7%,Lager - Other,Can 500ml,"€ 16,80 per litre"
Sonoma,"€ 5,40",England,3.75,Track Brewing Company,3.8%,Pale Ale - New England / Hazy,Can 440ml,"€ 12,27 per litre"
WILD #21 Forest Blueberry Basil,"€ 16,80",Poland,4.03,Browar Stu Mostów,7%,Wild Ale - Other,Bottle 750ml,"€ 22,40 per litre"
Sherry Shadow,"€ 11,80",Poland,3.88,Browar Stu Mostów,11%,Porter - Imperial / Double Baltic,330ml,"€ 35,76 per litre"
Cuvée Delphine 2020,"€ 4,60",Belgium,4.13,De Struise Brouwers,13%,Stout - Russian Imperial,330ml,"€ 13,94 per litre"
Blauwe Tram Tripel Glutenvrij,"€ 2,85",Netherlands,3.53,Brouwerij Klein Duimpje,8%,Gluten-Free,330ml,"€ 8,64 per litre"
Erik De Noorman Barleywine Glutenvrij,"€ 2,90",Netherlands,3.51,Brouwerij Klein Duimpje,9%,Winter Ale,330ml,"€ 8,79 per litre"
Caramel Fudge Stout Wild Turkey BA,"€ 5,27",Netherlands,4.12,Brouwerij Kees,11%,Stout - Imperial / Double Pastry,330ml,"€ 15,97 per litre"
Celestial Floods,"€ 5,49",Ireland,3.90,Galway Bay Brewery,8%,IPA - Imperial / Double New England / Hazy,500ml,"€ 10,98 per litre"
The 4 Elements: Water,"€ 6,29",Netherlands,3.97,Moersleutel Craft Brewery,12%,Barleywine - Other,Can 440ml,"€ 14,30 per litre"
Barrel Project Quadrupel 2024,"€ 4,25",Netherlands,3.44,Brouwerij Kees,9.9%,Belgian Quadrupel,330ml,"€ 12,88 per litre"
Black Is Beautiful Vol. 2,"€ 7,50",Sweden,4.02,Omnipollo,7.5%,IPA - New England / Hazy,Can 440ml,"€ 17,05 per litre"
Schorschweizen Ice Tonflasche,"€ 21,90",Germany,3.93,Schorschbräu,20%,Bock - Eisbock,330ml,"€ 66,36 per litre"
Schorschweizen,"€ 16,90",Germany,3.89,Schorschbräu,15%,Bock - Weizendoppelbock,330ml,"€ 51,21 per litre"
Schorsch Blonde,"€ 16,90",Germany,3.79,Schorschbräu,14%,Blonde / Golden Ale - Other,330ml,"€ 51,21 per litre"
Schorsch Kriek,"€ 12,90",Germany,3.27,Schorschbräu,15.16%,Lambic - Kriek,330ml,"€ 39,09 per litre"
Schorschbock Oak,"€ 16,90",Germany,2.50,Schorschbräu,15%,Bock - Eisbock,330ml,"€ 51,21 per litre"
Abbaye des Rocs Triple Impériale Cognac BA,"€ 12,93",Belgium,3.66,Brasserie de l'Abbaye des Rocs,10.5%,Belgian Strong Dark Ale,500ml,"€ 25,86 per litre"
Vault City | Verre Lawrence,"€ 7,90",Scotland,3.95,Vault City Brewing,5%,Sour - Fruited,500ml,"€ 25,86 per litre"
Never Never Gonnagetit Gonnagetit,"€ 12,90",United States,4.36,The Veil Brewing Co.,5.1%,Sour - Fruited Gose,473ml,"€ 27,27 per litre"
Orange Chocolate Creme Savers Swirl,"€ 10,50",United States,4.17,Mortalis Brewing Company,7%,Sour - Smoothie / Pastry,473ml,"€ 22,20 per litre"
Ten Acres: Coffee,"€ 7,99",United States,4.11,The Drowned Lands Brewery,9%,Stout - Coffee,473ml,"€ 16,89 per litre"
Green Yield,"€ 6,79",United States,4.07,The Drowned Lands Brewery,7.2%,IPA - New England / Hazy,473ml,"€ 14,36 per litre"
Argentum,"€ 2,45",Belgium,3.60,Delirium - Huyghe Brewery,7%,IPA - Belgian,330ml,"€ 7,42 per litre"
Drink'in the Sun Non-Alcohol Wheat Ale,"€ 3,80",Denmark,3.24,Mikkeller,0.3%,Non-Alcoholic - Wheat,330ml,"€ 11,52 per litre"
Zundert Trappist 10 Quadrupel,"€ 3,35",Netherlands,3.74,Trappistenbrouwerij de Kievit B.V.,10%,Belgian Quadrupel,330ml,"€ 10,15 per litre"
Mc Chouffe brune Scotch Ale,"€ 2,90",Belgium,3.64,Brasserie d'Achouffe,8%,Belgian Strong Dark Ale,330ml,"€ 8,79 per litre"
Adelaar Oude Geuze (2023),"€ 12,00",Belgium,3.85,Brouwerij-Stokerij Sako,8%,Lambic - Gueuze,Bottle 750ml,"€ 16,00 per litre"
Geuze Adelaar Spiced (2022),"€ 13,00",Belgium,3.54,Brouwerij-Stokerij Sako,8%,Lambic - Gueuze,Bottle 750ml,"€ 17,33 per litre"
Geuze Adelaar Elderflower (2022),"€ 13,60",Belgium,3.33,Brouwerij-Stokerij Sako,8%,Lambic - Gueuze,Bottle 750ml,"€ 18,13 per litre"
Black Gold (2023),"€ 40,79",United States,4.41,Central Waters Brewing Company,14%,Stout - Imperial / Double,Bottle 650ml,"€ 62,75 per litre"
Fractional BA Cacophony,"€ 36,55",United States,4.39,3 Sons Brewing Co.,13.4%,Stout - Imperial / Double Pastry,500ml,"€ 73,10 per litre"
Broward County Brand Stout Maple Walnut Sundae (2023),"€ 39,95",United States,4.37,3 Sons Brewing Co.,14.5%,Stout - Imperial / Double Pastry,500ml,"€ 79,90 per litre"
1953,"€ 42,49",United States,4.36,3 Sons Brewing Co.,15%,Barleywine - English,500ml,"€ 84,98 per litre"
Cellar of Shadows,"€ 7,45",Netherlands,4.02,Folkingebrew,12%,Stout - Imperial / Double,Can 440ml,"€ 16,93 per litre"
Salamandre,"€ 8,35",France,4.09,Les Intenables - Craft Beer -,12.5%,Stout - Imperial / Double,330ml,"€ 25,30 per litre"
Roses,"€ 8,35",France,4.06,Les Intenables - Craft Beer -,12.5%,Barleywine - Other,330ml,"€ 25,30 per litre"
"Och, Zimo, Kiedy Się Skonczysz?","€ 12,00",England,4.01,Cloudwater Brew Co.,10%,Porter - Imperial / Double Baltic,Can 440ml,"€ 27,27 per litre"
Maple Stout,"€ 37,99",United States,4.35,Central Waters Brewing Company,10.5%,Stout - Imperial / Double,Bottle 650ml,"€ 58,45 per litre"
Snickerdoodle Vanilla Noir,"€ 17,50",United States,4.22,Prairie Artisan Ales,14.4%,Stout - Imperial / Double Pastry,355ml,"€ 49,30 per litre"
Dark Apparition,"€ 19,99",United States,4.10,Jackie O's Brewery,13.8%,Stout - Russian Imperial,Bottle 375ml,"€ 53,31 per litre"
Queen Of The Deep,"€ 9,50",England,4.02,Siren Craft Brew,11%,Porter - Imperial / Double Baltic,330ml,"€ 28,79 per litre"
Is This The Way,"€ 4,99",Spain,4.01,Freddo Fox/ J. Wakefield Brewing,9.5%,Stout - Pastry,330ml,"€ 15,12 per litre"
Tirol,"€ 4,99",Netherlands,3.84,Big Belly Brewing Company,10.5%,Stout - Imperial / Double,330ml,"€ 15,12 per litre"
Alma Del Arrumbador 2021,"€ 26,85",Denmark,3.98,Insight Cellars,7.3%,Wild Ale - Other,Bottle 750ml,"€ 35,80 per litre"
Maturation: Bocoy 2021,"€ 26,85",Denmark,3.97,Insight Cellars,7.2%,Wild Ale - Other,Bottle 750ml,"€ 35,80 per litre"
Acid Valley,"€ 8,91",Spain,3.82,La Calavera,6.8%,Farmhouse Ale - Saison,Bottle 375ml,"€ 23,76 per litre"
Tante uit Amerika,"€ 3,75",Netherlands,3.53,Brouwerij Allema,7.4%,IPA - American,330ml,"€ 11,36 per litre"
Nakomertje,"€ 3,50",Netherlands,3.17,Brouwerij Allema,3.8%,IPA - Session,330ml,"€ 10,61 per litre"
Troubadour Magma Neipa,"€ 2,75",Belgium,3.68,Brouwerij The Musketeers,9%,IPA - Belgian,330ml,"€ 10,61 per litre"
Omer. Traditional Blond,"€ 8,75",Belgium,3.60,Omer Vander Ghinste,8%,Belgian Blonde,Bottle 750ml,"€ 11,67 per litre"
Othmar Rauch,"€ 2,00",Netherlands,3.09,Ootmarsummer Bierbrouwerij Heupink & Co,6.2%,Rauchbier,330ml,"€ 6,06 per litre"
Barrel Aged Series Leann Folláin Edition10 Double Barrel Aged Extra Irish Stout,"€ 9,95",Ireland,3.85,O'Hara's Brewery,9.2%,Stout - Foreign / Export,Bottle 375ml,"€ 26,53 per litre"
d-TONACJA 8th Edition Imperial Stout,"€ 7,49",Poland,4.04,Browar Nepomucen,11%,Stout - Imperial / Double,500ml,"€ 14,98 per litre"
L'Effet Flamand -Saison- 2023,"€ 6,40",France,3.67,Effet Papillon,7%,Farmhouse Ale - Saison,500ml,"€ 14,98 per litre"
Rhum And Bourbon Stout,"€ 7,40",Sweden,4.15,Poppels Bryggeri,12.5%,Stout - Imperial / Double,330ml,"€ 22,42 per litre"
Barrel Aged Barley Wine Marsala And Muscatel,"€ 6,90",Sweden,3.99,Poppels Bryggeri,12.4%,Barleywine - Other,330ml,"€ 20,91 per litre"
Dessert Station: Intangible,"€ 12,50",United States,4.29,Corporate Ladder Brewing Company,6.5%,Gluten-Free,473ml,"€ 26,43 per litre"
Mango Habanero Margarita,"€ 10,00",United States,4.27,Corporate Ladder Brewing Company,6.5%,Gluten-Free,473ml,"€ 21,14 per litre"
Velvet Rush (2021),"€ 5,30",United States,4.06,Founders Brewing Co.,11.1%,Brown Ale - Imperial / Double,355ml,"€ 14,93 per litre"
Peach Overtime,"€ 12,50",United States,4.06,Corporate Ladder Brewing Company,6.5%,Gluten-Free,473ml,"€ 26,43 per litre"
Mighty Oak,"€ 27,99",United States,4.00,Tree House Brewing Company,9.7%,Barleywine - American,473ml,"€ 26,43 per litre"
Mighty,"€ 27,99",United States,3.93,Tree House Brewing Company,9.7%,Barleywine - American,473ml,"€ 26,43 per litre"
Puissance 4 Bio,"€ 4,50",France,3.77,Effet Papillon,6%,IPA - Milkshake,,
Defunked By Rackhouse,"€ 17,50",Norway,3.95,LERVIG,6.5%,Wild Ale - Other,Bottle 750ml,"€ 23,33 per litre"
Oo,"€ 4,29",Estonia,3.93,Põhjala,10.5%,Porter - Imperial / Double Baltic,330ml,"€ 13,00 per litre"
Rochefort 8,"€ 2,99",Belgium,3.85,Abbaye Notre-Dame de Saint-Rémy,9.2%,Belgian Strong Dark Ale,330ml,"€ 9,06 per litre"
Oude Geuze,"€ 7,41",Belgium,3.74,Brouwerij Eylenbosch,5.8%,Lambic - Gueuze,Bottle 375ml,"€ 19,76 per litre"
DOK Brett Sheeran,"€ 26,13",Belgium,3.81,Dok Brewing Company,7.5%,Wild Ale - Other,Bottle 750ml,"€ 34,84 per litre"
DOK / Druug Druugdok 2023,"€ 17,67",Belgium,3.70,Dok Brewing Company,6.2%,Cider - Graff,Bottle 750ml,"€ 23,56 per litre"
DOK Rebel,"€ 3,39",Belgium,3.35,Dok Brewing Company,4.8%,Kölsch,330ml,"€ 10,27 per litre"
Solera 01 Riesling,"€ 8,99",Netherlands,3.86,Brouwerij Halve Tamme,6%,Sour - Other,Bottle 23000ml,"€ 0,39 per litre"
La Belle Fleur Pineapple & Mango (Brett Beer),"€ 26,99",United States,4.27,Side Project Brewing,6%,Brett Beer,Bottle 375ml,"€ 71,97 per litre"
Single Thread 2023,"€ 63,99",United States,4.27,Side Project Brewing,7%,Farmhouse Ale - Saison,Bottle 750ml,"€ 85,32 per litre"
Saison du Blé 10 year,"€ 32,99",United States,4.26,Side Project Brewing,6%,Farmhouse Ale - Saison,Bottle 750ml,"€ 43,99 per litre"
Rosé du Blé Blend #2,"€ 37,99",United States,4.26,Side Project Brewing,6%,Farmhouse Ale - Saison,Bottle 750ml,"€ 50,65 per litre"
Biere du Pays 10 year,"€ 33,99",United States,4.23,Side Project Brewing,4%,Farmhouse Ale - Saison,Bottle 750ml,"€ 45,32 per litre"
Tete de Cuvee 2022,"€ 68,99",United States,4.41,Side Project Brewing,7%,Farmhouse Ale - Saison,Bottle 750ml,"€ 91,99 per litre"
Sunrises,"€ 56,99",United States,4.34,Side Project Brewing,6%,Farmhouse Ale - Saison,Bottle 750ml,"€ 75,99 per litre"
Fermier Vintage 2023,"€ 56,99",United States,4.33,Side Project Brewing,7%,Farmhouse Ale - Saison,Bottle 750ml,"€ 75,99 per litre"
Längst Blend #2 (Adambier),"€ 75,00",United States,4.30,Side Project Brewing,11%,Historical Beer - Adambier,Bottle 750ml,"€ 100,00 per litre"
La Ruche 10 year,"€ 38,99",United States,4.22,Side Project Brewing,5%,Farmhouse Ale - Saison,Bottle 750ml,"€ 51,99 per litre"
Maturation: Bocoy 2021,"€ 32,99",Denmark,3.97,Insight Cellars,7.2%,Wild Ale - Other,Bottle 750ml,"€ 43,99 per litre"
Wee Wee Wee Bio,"€ 4,30",France,3.73,Effet Papillon,7.5%,Scotch Ale / Wee Heavy,,
Deerhunter 2021 – Russian Imperial Stout,"€ 5,75",Netherlands,3.93,Brouwerij Frontaal,13.4%,Stout - Russian Imperial,330ml,"€ 17,42 per litre"
Spirit Animal  – Farmhouse Ale – MHD 15.11.2024,"€ 27,50",Croatia,3.65,Lab Split/ Mad Scientist,5.6%,IPA - Sour,Bottle 750ml,"€ 36,67 per litre"
No Tenim Rei – Belgian Quadrupel Aged in Wisky Barrels,"€ 7,95",Spain,3.57,La Calavera/ Poch's Cervesa Artesana,13%,Belgian Quadrupel,Bottle 375ml,"€ 21,20 per litre"
Charrot Charmer – Farmhouse Ale,"€ 27,50",Hungary,3.48,MadX,5%,Farmhouse Ale - Other,Bottle 750ml,"€ 36,67 per litre"
Sunsmasher,"€ 6,99",Scotland,3.95,Holy Goat Brewing,5.8%,Sour - Fruited,Bottle 375ml,"€ 18,64 per litre"
Hazelnut 2022,"€ 25,00",United States,4.18,Cycle Brewing Company,11.5%,Stout - Imperial / Double,Bottle 650ml,"€ 38,46 per litre"
White Label Coconut Stout Single Malt Highland Whisky BA 2023,"€ 6,50",Netherlands,3.96,Brouwerij Emelisse,12.2%,Stout - Other,330ml,"€ 19,70 per litre"
Hoenir BA,"€ 4,99",Netherlands,3.88,Big Belly Brewing Company,11%,Stout - Foreign / Export,330ml,"€ 15,12 per litre"
10th Birthday Cake Celebration Vault City,"€ 8,15",Norway,3.79,Amundsen Brewery,6.5%,Sour - Smoothie / Pastry,Can 440ml,"€ 18,52 per litre"
10th Birthday Cake Celebration Pastore,"€ 6,99",Norway,3.73,Amundsen Brewery,6%,Sour - Smoothie / Pastry,Can 440ml,"€ 15,89 per litre"
Woudwolf Belgian Raw Ale,"€ 3,59",Belgium,3.61,Vrijstaat Vanmol Brewing,8%,Sour - Other,330ml,"€ 10,88 per litre"
Not For Breakfast Strawberry Cheesecake,"€ 4,50",Ukraine,3.98,Ten Men Brewery,6.3%,Sour - Smoothie / Pastry,330ml,"€ 13,64 per litre"
Not For Breakfast Banana & Nutella,"€ 4,50",Ukraine,3.84,Ten Men Brewery,6.3%,Sour - Smoothie / Pastry,330ml,"€ 13,64 per litre"
Classic Gueuze (2022),"€ 11,45",Belgium,4.20,Brasserie Cantillon,5.5%,Lambic - Gueuze,Bottle 375ml,"€ 30,53 per litre"
Rosé de Gambrinus (2018),"€ 14,95",Belgium,4.36,Brasserie Cantillon,5%,Lambic - Framboise,Bottle 375ml,"€ 39,87 per litre"
Rosé de Gambrinus (2020),"€ 13,95",Belgium,4.32,Brasserie Cantillon,5%,Lambic - Framboise,Bottle 375ml,"€ 37,20 per litre"
Classic Gueuze (2021),"€ 11,45",Belgium,4.30,Brasserie Cantillon,5.5%,Lambic - Gueuze,Bottle 375ml,"€ 30,53 per litre"
Rosé de Gambrinus (2021),"€ 12,95",Belgium,4.29,Brasserie Cantillon,5%,Lambic - Framboise,Bottle 375ml,"€ 34,53 per litre"
Rosé de Gambrinus (2023),"€ 12,95",Belgium,4.29,Brasserie Cantillon,5%,Lambic - Framboise,Bottle 375ml,"€ 34,53 per litre"
Rosé de Gambrinus (2022),"€ 12,95",Belgium,4.27,Brasserie Cantillon,5%,Lambic - Framboise,Bottle 375ml,"€ 34,53 per litre"
Gueuze 100% Lambic Bio (2020),"€ 11,45",Belgium,4.26,Brasserie Cantillon,5.5%,Lambic - Gueuze,Bottle 375ml,"€ 30,53 per litre"
Gueuze 100% Lambic Bio (2019),"€ 11,45",Belgium,4.25,Brasserie Cantillon,5.5%,Lambic - Gueuze,Bottle 375ml,"€ 30,53 per litre"
Defunked By Rackhouse,"€ 19,95",Norway,3.95,LERVIG,6.5%,Wild Ale - Other,Bottle 750ml,"€ 26,60 per litre"
Caramel Madness,"€ 7,45",Netherlands,3.95,Moersleutel Craft Brewery,10%,Barleywine - Other,Can 440ml,"€ 16,93 per litre"
Rest Easy,"€ 5,64",Germany,3.95,Sudden Death Brewing Co.,9.5%,IPA - Imperial / Double,Can 440ml,"€ 12,82 per litre"
Kodu,"€ 5,25",Estonia,3.96,Põhjala,10.6%,Porter - Imperial / Double Baltic,330ml,"€ 15,91 per litre"
Hop Cloud,"€ 4,23",United States,3.74,Mike Hess Brewing,7%,IPA - New England / Hazy,330ml,"€ 15,91 per litre"
Omega Kriek Framboos,"€ 4,80",Belgium,3.97,Brouwerij Alvinne,6%,Sour - Fruited,330ml,"€ 14,55 per litre"
Moment of Clarity,"€ 21,95",United States,4.46,Tree House Brewing Company,7.7%,Stout - Milk / Sweet,330ml,"€ 14,55 per litre"
Double Shot,"€ 21,95",United States,4.38,Tree House Brewing Company,8.6%,Stout - Coffee,330ml,"€ 14,55 per litre"
Basketcase,"€ 9,40",Germany,4.03,Sudden Death Brewing Co.,7.5%,Sour - Fruited,Can 440ml,"€ 21,36 per litre"
Single Shot: Ivan Montoya,"€ 15,95",United States,4.23,Tree House Brewing Company,6.4%,Stout - Milk / Sweet,Can 440ml,"€ 21,36 per litre"
Anniversary no. 09 Imperial Stout,"€ 5,90",Netherlands,3.80,Brouwerij Kees,9.99%,Stout - Imperial / Double,Can 440ml,"€ 13,41 per litre"
Here Comes the Sun Triple IPA,"€ 6,10",Netherlands,3.72,Brouwerij Kees,9.2%,IPA - Triple,Can 440ml,"€ 13,86 per litre"
Assortiment  Ammonite Vinifera,"€ 76,00",France,4.16,Ammonite,6.2%,Wild Ale - Other,Bottle 750ml,"€ 101,33 per litre"
Assortiment  Ammonite Cuvée...,"€ 76,00",France,3.93,Ammonite,4.8%,Sour - Other,Bottle 750ml,"€ 101,33 per litre"
Assortiment Raretés...,"€ 86,00",France,3.93,Ammonite,4.8%,Sour - Other,Bottle 750ml,"€ 101,33 per litre"
Le Serpent qui Danse BIO,"€ 4,20",France,3.88,Effet Papillon,8%,Porter - Baltic,Bottle 750ml,"€ 101,33 per litre"
Un Peu Beaucoup BIO,"€ 4,10",France,3.74,Effet Papillon,6%,IPA - New England / Hazy,Bottle 750ml,"€ 101,33 per litre"
Sweet Memories BIO,"€ 4,20",France,3.68,Effet Papillon,5%,Porter - Coffee,,
Bier Met De Letter B,"€ 3,95",Netherlands,3.30,Mister Hop,5.5%,Blonde / Golden Ale - Other,330ml,"€ 11,97 per litre"
Pleroma Karpologi,"€ 7,70",Sweden,3.86,Omnipollo,6%,Sour - Smoothie / Pastry,330ml,"€ 23,33 per litre"
Kriek (2015) (Subscriber only),"€ 16,00",Belgium,4.50,Brasserie Cantillon,5%,Lambic - Kriek,Bottle 375ml,"€ 42,67 per litre"
Kriek (2018) (subscriber only),"€ 14,70",Belgium,4.39,Brasserie Cantillon,6%,Lambic - Kriek,Bottle 375ml,"€ 39,20 per litre"
Kriek (2022),"€ 12,00",Belgium,4.28,Brasserie Cantillon,6%,Lambic - Kriek,Bottle 375ml,"€ 32,00 per litre"
DDH Hops x Art #20 New England IPA,"€ 6,20",Latvia,3.96,Ārpus Brewing Co.,6.5%,IPA - New England / Hazy,Can 440ml,"€ 14,09 per litre"
Barrel Project Quadrupel 2024 Barrel Aged Quadrupel,"€ 5,65",Netherlands,3.44,Brouwerij Kees,9.9%,Belgian Quadrupel,Can 330ml,"€ 17,12 per litre"
Octopus Blond,"€ 2,35",Netherlands,3.37,Stadshaven Brouwerij,6%,Blonde / Golden Ale - Other,Can 330ml,"€ 7,12 per litre"
Sam's Brown Ale Alcohol Free,"€ 2,75",England,3.15,Samuel Smith,0.4%,Non-Alcoholic - Other,355ml,"€ 7,75 per litre"
Aethelstan Peated Imperial Stout,"€ 4,90",Netherlands,3.77,Big Belly Brewing Company,10%,Stout - Imperial / Double,Can 330ml,"€ 14,85 per litre"
Eilandje New England IPA,"€ 3,55",Belgium,3.57,Antwerpse Brouw Compagnie,6.4%,IPA - New England / Hazy,330ml,"€ 10,76 per litre"
Biermeisje Barrels Four,"€ 9,50",Netherlands,4.07,Brouwerij 't Meuleneind,10.2%,Barleywine - Other,Bottle 375ml,"€ 25,33 per litre"
Dry Hopped Hefeweizen,"€ 3,40",Denmark,3.48,To Øl,5.5%,Wheat Beer - Hefeweizen,Can 440ml,"€ 7,73 per litre"
Noa Basil Hayden BA,"€ 23,10",Sweden,4.36,Omnipollo,14%,Stout - Imperial / Double Pastry,330ml,"€ 70,00 per litre"
Lunar Lycan BA,"€ 23,70",Sweden,4.32,Omnipollo,14.3%,Stout - Imperial / Double Milk,330ml,"€ 71,82 per litre"
Rudolf (Cellar Series),"€ 9,50",Estonia,4.16,Põhjala,12%,Rye Wine,330ml,"€ 28,79 per litre"
India Pale Ale,"€ 4,51",Norway,3.70,Nøgne Ø,5%,IPA - American,330ml,"€ 13,67 per litre"
Walhalla Daemon #21 Draugr,"€ 4,90",Netherlands,3.70,Walhalla Brouwerij & Proeflokaal,8%,Brown Ale - Imperial / Double,330ml,"€ 14,85 per litre"
Cold Gold,"€ 1,90",Ethiopia,3.09,Habesha Breweries,5%,Lager - Pale,Can 330ml,"€ 5,76 per litre"
Bush de Noël,"€ 2,43",Belgium,3.72,Brasserie Dubuisson,12%,Winter Ale,330ml,"€ 7,36 per litre"
Wintervrund,"€ 1,80",Netherlands,3.34,Gulpener Bierbrouwerij,8.5%,Winter Ale,300ml,"€ 6,00 per litre"
Ossuary Imperial Stout,"€ 12,00",United States,4.13,Adroit Theory,12%,Stout - Russian Imperial,473ml,"€ 25,37 per litre"
Organic Pale Ale Biologisch,"€ 4,25",England,3.45,Samuel Smith,5%,Pale Ale - English,550ml,"€ 7,73 per litre"
Weiherer - Imperial IPA,"€ 4,60",Germany,3.47,Brauerei Kundmüller/ Fat Head's Brewery,9%,IPA - Imperial / Double,500ml,"€ 9,20 per litre"
Brotzeitseidla,"€ 2,10",Germany,3.19,Brauerei Göller,4.3%,Lager - Helles,500ml,"€ 4,20 per litre"
Gold Lines (Green Edition) BA Bourbon & Scotch Imperial Stout,"€ 13,99",Germany,3.95,Blech.Brut,11.5%,Stout - Russian Imperial,Can 440ml,"€ 31,80 per litre"
Mooie Madam Dubbel,"€ 3,79",Netherlands,3.52,Brouwerij Maallust,7%,Brown Ale - Other,330ml,"€ 11,48 per litre"
Lervig x Nevel Defunked,"€ 22,95",Norway,3.95,LERVIG,6.5%,Wild Ale - Other,Bottle 750ml,"€ 30,60 per litre"
Black Tuesday (2020),"€ 44,95",United States,4.42,The Bruery,19.3%,Stout - Imperial / Double,Bottle 750ml,"€ 59,93 per litre"
Barrel Aged Dessert Eagle (Fluffer),"€ 29,95",United States,4.25,Arkane Aleworks,12%,Stout - Russian Imperial,500ml,"€ 59,90 per litre"
Flute Loop – Imperial IPA,"€ 5,65",Germany,3.84,FrauGruber Brewing,8.2%,IPA - Imperial / Double New England / Hazy,Can 440ml,"€ 12,84 per litre"
7th Anniversary – Double Barrel Aged Imperial Stout,"€ 27,95",Germany,4.27,FrauGruber Brewing,14.8%,Stout - Imperial / Double,500ml,"€ 55,90 per litre"
Infused no. 1,"€ 9,40",Poland,4.04,Lubrow Brett & Barrel,11%,Stout - Imperial / Double,Can 330ml,"€ 28,48 per litre"
Strawberry Sundae,"€ 3,85",Scotland,3.95,Vault City Brewing,5%,Sour - Fruited,330ml,"€ 11,67 per litre"
Brett-Elle Oude Geuze,"€ 6,40",Belgium,3.87,Lambiek Fabriek,6%,Lambic - Gueuze,Bottle 375ml,"€ 17,07 per litre"
Martha Sexy Blond,"€ 2,20",Belgium,3.51,The Brew Society,8%,Belgian Strong Golden Ale,330ml,"€ 6,67 per litre"
Boer Willem Blond,"€ 2,50",Belgium,3.47,FoxTown Beer Crew,6.9%,Belgian Tripel,330ml,"€ 7,58 per litre"
Boer Willem Bruin,"€ 2,50",Belgium,3.47,FoxTown Beer Crew,7.5%,Belgian Tripel,330ml,"€ 7,58 per litre"
Boer Willem Tripel,"€ 2,50",Belgium,3.47,FoxTown Beer Crew,7.5%,Belgian Tripel,330ml,"€ 7,58 per litre"
Imperial Porter,"€ 4,35",Netherlands,3.60,Brouwerij Pronck,11%,Porter - Imperial / Double,330ml,"€ 13,18 per litre"
Vitamin Sea x Trillium Mettle Kettle,"€ 9,95",United States,4.07,Vitamin Sea Brewing,8%,IPA - Imperial / Double New England / Hazy,473ml,"€ 21,04 per litre"
Wing Walker,"€ 4,75",Netherlands,3.74,Two Chefs Brewing,8%,IPA - Imperial / Double New England / Hazy,330ml,"€ 14,39 per litre"
Anniversary 09,"€ 5,90",Netherlands,3.80,Brouwerij Kees,9.99%,Stout - Imperial / Double,Can 440ml,"€ 13,41 per litre"
Antwerp,"€ 3,60",Canada,3.97,Dageraad Brewing,14%,Belgian Tripel,330ml,"€ 10,91 per litre"
Slijkvisser Blond,"€ 2,50",Belgium,3.61,Brouwerij Vandijck,11%,Belgian Tripel,330ml,"€ 7,58 per litre"
Bersalis Tripel,"€ 2,20",Belgium,3.59,Oud Beersel,9.5%,Belgian Tripel,330ml,"€ 6,67 per litre"
Rose Of Cimarron Bourbon BA Imperial Baltic Porter,"€ 22,70",Denmark,4.04,Amager Bryghus,15.6%,Porter - Imperial / Double Baltic,Bottle 750ml,"€ 30,27 per litre"
Burt Alvord Rye Whiskey BA Tripel,"€ 22,70",Denmark,4.01,Amager Bryghus,15.4%,Belgian Tripel,Bottle 750ml,"€ 30,27 per litre"
Classic Organic Vienna Lager,"€ 6,40",Denmark,3.37,Bad Seed Brewing,5%,Lager - Vienna,Can 440ml,"€ 14,55 per litre"
Alkoholfrei,"€ 2,10",Germany,2.53,Kulmbacher Brauerei,5%,Non-Alcoholic - Lager,500ml,"€ 4,20 per litre"
Klaar Hanna Noir Eistee,"€ 3,49",Germany,3.97,klaar - fruchtfermente,4.5%,Cider - Herbed / Spiced / Hopped,330ml,"€ 10,58 per litre"
Klaar Pet Nat Cider,"€ 3,99",Germany,3.50,klaar - fruchtfermente,6%,Cider - Dry,330ml,"€ 12,09 per litre"
Grand Cru,"€ 3,35",Belgium,3.71,Brasserie St-Feuillien,9.5%,Belgian Strong Golden Ale,330ml,"€ 10,15 per litre"
Grand Cru MAGNUM,"€ 24,95",Belgium,3.71,Brasserie St-Feuillien,9.5%,Belgian Strong Golden Ale,Bottle 1500ml,"€ 16,63 per litre"
Tripel Kruik,"€ 8,25",Netherlands,3.64,Hertog Jan,8.5%,Belgian Tripel,500ml,"€ 16,50 per litre"
Oesterstout Belgisch Stout,"€ 3,20",Belgium,3.49,Scheldebrouwerij,8.5%,Stout - Oyster,330ml,"€ 9,70 per litre"
Punk Gluten Free IPA,"€ 2,65",Scotland,3.43,BrewDog,5.2%,IPA - American,Can 330ml,"€ 8,03 per litre"
Black Tuesday Tequila BA 2022,"€ 27,95",United States,4.12,The Bruery,18.7%,Stout - Imperial / Double,Bottle 375ml,"€ 74,53 per litre"
Suffer,"€ 89,95",United States,4.66,Anchorage Brewing Company,15%,Barleywine - Other,Bottle 375ml,"€ 239,87 per litre"
Kill The King,"€ 74,95",United States,4.64,Anchorage Brewing Company,15%,Strong Ale - American,Bottle 375ml,"€ 199,87 per litre"
No Answer,"€ 74,95",United States,4.50,Anchorage Brewing Company,15%,Strong Ale - American,Bottle 375ml,"€ 199,87 per litre"
Anchorage A Deal With The Devil,"€ 139,95",United States,4.49,Anchorage Brewing Company,18.53%,Barleywine - Other,Bottle 375ml,"€ 373,20 per litre"
Sako Oude Gueuze Adelaar 2023,"€ 13,25",Belgium,3.85,Brouwerij-Stokerij Sako,6.5%,Lambic - Gueuze,Bottle 750ml,"€ 17,67 per litre"
Gulden Draak Brewmaster,"€ 2,65",Belgium,3.83,Brouwerij Van Steenberge,10.5%,Belgian Strong Golden Ale,330ml,"€ 8,03 per litre"
Val-Dieu Grand Cru,"€ 3,50",Belgium,3.78,Brasserie de l'Abbaye du Val-Dieu,10.5%,Belgian Quadrupel,330ml,"€ 10,61 per litre"
Fourchette,"€ 7,95",Belgium,3.68,Brouwerij Van Steenberge,7.5%,Belgian Tripel,Bottle 750ml,"€ 10,60 per litre"
Sancti Adalberti Egmondse Tripel,"€ 3,30",Netherlands,3.54,Brouwerij Egmond,7.5%,Belgian Tripel,330ml,"€ 10,00 per litre"
Val-Dieu Cuvée 800,"€ 2,60",Belgium,3.51,Brasserie de l'Abbaye du Val-Dieu,5.5%,Pale Ale - Belgian,330ml,"€ 7,88 per litre"
La Goudale Blonde a l'Ancienne,"€ 2,30",France,3.44,Brasserie Goudale - Les Brasseurs de Gayant,7.2%,Farmhouse Ale - Bière de Garde,330ml,"€ 6,97 per litre"
Sloeber,"€ 3,05",Belgium,3.41,Brouwerij Roman,7.5%,Belgian Strong Golden Ale,330ml,"€ 9,24 per litre"
Jever Fun,"€ 1,44",Germany,2.57,Friesisches Brauhaus zu Jever,10%,Non-Alcoholic - Lager,330ml,"€ 4,36 per litre"
Mexicake Firefighter,"€ 6,99",Netherlands,3.97,Moersleutel Craft Brewery,12%,Stout - Russian Imperial,Can 440ml,"€ 15,89 per litre"
Could You Calculate the Gravitate,"€ 4,99",Netherlands,3.92,Moersleutel Craft Brewery,7%,IPA - New England / Hazy,Can 440ml,"€ 11,34 per litre"
Could You Calculate the Modulus,"€ 5,99",Netherlands,3.91,Moersleutel Craft Brewery,8%,IPA - Imperial / Double New England / Hazy,Can 440ml,"€ 13,61 per litre"
New Moon,"€ 6,60",Denmark,3.50,To Øl,5.5%,Porter - American,Can 440ml,"€ 13,61 per litre"
The Caramel On The Cake,"€ 7,30",France,3.90,Les Intenables - Craft Beer -,12.4%,Stout - Imperial / Double,Can 440ml,"€ 16,59 per litre"
10th Anniversary,"€ 37,99",United States,4.47,Fremont Brewing,11.1%,Stout - Imperial / Double,Bottle 650ml,"€ 58,45 per litre"
11th Anniversary,"€ 37,99",United States,4.41,Fremont Brewing,12.2%,Stout - Imperial / Double,Bottle 750ml,"€ 50,65 per litre"
14th Anniversary,"€ 37,99",United States,4.41,Fremont Brewing,12.2%,Stout - Imperial / Double,Bottle 750ml,"€ 50,65 per litre"
B-Bomb 2023,"€ 32,69",United States,4.32,Fremont Brewing,14.7%,Winter Ale,,
12th Anniversary,"€ 37,99",United States,4.29,Fremont Brewing,11%,Stout - Imperial / Double,Bottle 650ml,"€ 58,45 per litre"
Melange - Barrel Aged Cuvee,"€ 8,99",United States,4.16,Fremont Brewing,10%,Strong Ale - Other,Bottle 650ml,"€ 58,45 per litre"
Winter Ale,"€ 6,29",United States,3.81,Fremont Brewing,8%,Winter Ale,Bottle 650ml,"€ 58,45 per litre"
Anchorage A Deal With The Devil - Triple Oaked (Batch 11 - 2023),"€ 174,50",United States,4.76,Anchorage Brewing Company,18.53%,Barleywine - Other,Bottle 375ml,"€ 465,33 per litre"
Black Gold (2023),"€ 49,50",United States,4.41,Central Waters Brewing Company,14%,Stout - Imperial / Double,Bottle 650ml,"€ 76,15 per litre"
Giotto,"€ 15,99",Italy,4.34,CRAK Brewery,13%,Stout - Imperial / Double Pastry,Bottle 375ml,"€ 42,64 per litre"
Broward County Brand Stout Blueberry Pie 2023,"€ 36,00",United States,4.30,3 Sons Brewing Co.,14.7%,Stout - Imperial / Double Pastry,500ml,"€ 72,00 per litre"
Bad Baby! No Squeezie!,"€ 9,50",United States,4.27,Spanish Marie Brewery,5%,Sour - Smoothie / Pastry,473ml,"€ 20,08 per litre"
Tootsee Roll,"€ 9,50",United States,4.06,Spanish Marie Brewery,5%,Sour - Smoothie / Pastry,473ml,"€ 20,08 per litre"
PC Cream Ale,"€ 6,99",United States,3.66,Prison City Pub & Brewery,5%,Cream Ale,473ml,"€ 14,78 per litre"
ART+68,"€ 6,60",Poland,3.81,Browar Stu Mostów/ Pühaste Brewery,10.5%,Brown Ale - Imperial / Double,330ml,"€ 20,00 per litre"
Eclipse Elixir,"€ 11,90",Poland,3.81,Browar Stu Mostów/ Pühaste Brewery,13.5%,Brown Ale - Imperial / Double,330ml,"€ 36,06 per litre"
Midnight Maple,"€ 11,90",Poland,3.81,Browar Stu Mostów/ Pühaste Brewery,13.5%,Brown Ale - Imperial / Double,330ml,"€ 36,06 per litre"
Flavus,"€ 3,60",Netherlands,3.35,De Grieze,5.1%,Belgian Blonde,330ml,"€ 10,91 per litre"
Gulden Draak 9000 Quadrupel,"€ 2,30",Belgium,3.82,Brouwerij Van Steenberge,10.5%,Belgian Quadrupel,330ml,"€ 6,97 per litre"
Anniversary 09,"€ 4,99",Netherlands,3.80,Brouwerij Kees,9.99%,Stout - Imperial / Double,Can 440ml,"€ 11,34 per litre"
Helles In Wonderland (Lager – Helles),"€ 3,89",Netherlands,3.45,Jopen,4.8%,Lager - Helles,330ml,"€ 11,79 per litre"
Popihn Sauvage Fleur de Sureau (2023),"€ 17,69",France,4.18,Popihn Sauvages,6.8%,Wild Ale - Other,Bottle 750ml,"€ 23,59 per litre"
Popihn Sauvage / Cyclic Collaboration,"€ 16,97",France,4.15,Popihn Sauvages,6.3%,Wild Ale - Other,Bottle 750ml,"€ 22,63 per litre"
Popihn Sauvage / L'Apaisée / La Montagnarde Collaboration,"€ 20,97",France,4.14,Popihn Sauvages,6.5%,Wild Ale - Other,Bottle 750ml,"€ 27,96 per litre"
Barley Wine + RIS Bourbon BA Blend,"€ 8,17",France,4.12,Popihn,12.5%,Strong Ale - Other,330ml,"€ 24,76 per litre"
Popihn Barley Wine - Whisky Tourbé BA 16 Mois,"€ 8,17",France,4.12,,10%,Barley Wine,330ml,"€ 24,76 per litre"
Vinifera Aligoté A. Normand,"€ 26,00",France,4.05,Ammonite,6%,Sour - Fruited,Bottle 750ml,"€ 34,67 per litre"
Muse 2021,"€ 23,00",France,3.94,Ammonite,5.5%,Sour - Other,Bottle 750ml,"€ 30,67 per litre"
Explore Volcano,"€ 6,30",Poland,4.00,Browar Stu Mostów,9.5%,Stout - Imperial / Double Pastry,Bottle 330ml,"€ 19,09 per litre"
Tiny Dragon,"€ 16,80",Denmark,3.25,To Øl,4%,Sour - Fruited,6-pack,"Total price: € 16,80"
Straffe Hendrik Quadrupel,"€ 3,14",Belgium,3.89,Brouwerij De Halve Maan,11%,Belgian Quadrupel,330ml,"€ 9,52 per litre"
23239 Trappist 8,"€ 2,90",Netherlands,3.65,Trappistenbrouwerij de Kievit B.V.,8%,Belgian Tripel,330ml,"€ 8,79 per litre"
Tiny Dragon,"€ 3,40",Denmark,3.25,To Øl,4%,Sour - Fruited,Can 440ml,"€ 7,73 per litre"
Oud Beersel: Oude Pijpen 2020,"€ 9,95",Belgium,4.05,Oud Beersel,6.5%,Lambic - Gueuze,Bottle 375ml,"€ 26,53 per litre"
Orval 2020,"€ 6,95",Belgium,3.96,Brasserie d'Orval,6%,Pale Ale - Belgian,330ml,"€ 21,06 per litre"
Orval 2021,"€ 5,95",Belgium,3.94,Brasserie d'Orval,6%,Pale Ale - Belgian,330ml,"€ 18,03 per litre"
Premiere,"€ 4,95",Belgium,3.72,Bières de Chimay,7%,Belgian Dubbel,Bottle 750ml,"€ 6,60 per litre"
Side Road,"€ 3,99",France,3.68,The Piggy Brewing Company,6%,IPA - Belgian,Can 440ml,"€ 9,07 per litre"
Mourvedre,"€ 24,00",Belgium,4.21,Gueuzerie Tilquin,7.7%,Lambic - Fruit,Bottle 750ml,"€ 32,00 per litre"
Viognier,"€ 24,40",Belgium,4.20,Gueuzerie Tilquin,8%,Lambic - Fruit,Bottle 750ml,"€ 32,53 per litre"
Peche Jaune,"€ 23,40",Belgium,4.13,Gueuzerie Tilquin,7%,Lambic - Fruit,Bottle 750ml,"€ 31,20 per litre"
Peche Jaune,"€ 13,50",Belgium,4.13,Gueuzerie Tilquin,7%,Lambic - Fruit,Bottle 375ml,"€ 36,00 per litre"
Rhubarbe,"€ 19,90",Belgium,4.08,Gueuzerie Tilquin,6.3%,Lambic - Other,Bottle 750ml,"€ 26,53 per litre"
Reinette Etoilee,"€ 20,80",Belgium,4.03,Gueuzerie Tilquin,6.8%,Lambic - Fruit,Bottle 750ml,"€ 27,73 per litre"
Pinot Meunier,"€ 20,80",Belgium,4.00,Gueuzerie Tilquin,5.6%,Lambic - Fruit,Bottle 750ml,"€ 27,73 per litre"
Sureau Rullquin,"€ 20,40",Belgium,3.94,Gueuzerie Tilquin,7.3%,Sour - Other,Bottle 750ml,"€ 27,20 per litre"
Solstice d'Hiver Bourbon,"€ 9,25",Canada,4.13,Brasserie Dieu du Ciel!,10.2%,Barleywine - American,Bottle 341ml,"€ 27,13 per litre"
Péché Mortel,"€ 7,50",Canada,4.10,Brasserie Dieu du Ciel!,9.5%,Stout - Imperial / Double Coffee,Bottle 341ml,"€ 21,99 per litre"
Still Life With Stout And Some Other Stuff,"€ 8,20",Portugal,4.05,Dois Corvos,10.5%,Stout - Imperial / Double,Can 440ml,"€ 18,64 per litre"
Golden Visa,"€ 7,90",Portugal,4.00,Dois Corvos,10.5%,Stout - Imperial / Double Pastry,330ml,"€ 23,94 per litre"
Blanche du Paradis,"€ 6,25",Canada,3.67,Brasserie Dieu du Ciel!,5.5%,Wheat Beer - Witbier / Blanche,473ml,"€ 13,21 per litre"
Finisterra Imperial Porter,"€ 4,75",Portugal,3.60,Dois Corvos,8.5%,Porter - Imperial / Double,330ml,"€ 14,39 per litre"
Tete de Cuvée (Vintage 2022),"€ 69,99",United States,4.41,Side Project Brewing,7%,Farmhouse Ale - Saison,Bottle 750ml,"€ 93,32 per litre"
Längst (Blend #4),"€ 119,99",United States,4.36,Side Project Brewing,11%,Historical Beer - Adambier,Bottle 750ml,"€ 86,65 per litre"
The Sisters Yellow Batch 10,"€ 6,70",Netherlands,3.93,The Sisters Brewery,10.5%,Stout - Imperial / Double Milk,330ml,"€ 20,30 per litre"
SchuppenBoer Grand Cru,"€ 8,50",Belgium,3.67,Brouwerij Het Nest,10%,Belgian Tripel,Bottle 750ml,"€ 11,33 per litre"
Eclaircie,"€ 5,10",France,3.64,Sacrilège,7%,Stout - Foreign / Export,330ml,"€ 15,45 per litre"
Tilquin: Oude Geuze 2022,"€ 14,95",Belgium,4.08,Gueuzerie Tilquin,7%,Lambic - Gueuze,Bottle 750ml,"€ 19,93 per litre"
Cold Gold,"€ 2,20",Ethiopia,3.09,Habesha Breweries,5%,Lager - Pale,330ml,"€ 6,67 per litre"
Dark Knight,"€ 2,75",Belgium,3.84,BramBrass,10%,Belgian Quadrupel,330ml,"€ 8,33 per litre"
Lervig Off the Rack Finnish Rye Whiskey  – Wisky Barrel Aged Imperial Stout,"€ 22,95",Norway,4.44,LERVIG,16.7%,Stout - Imperial / Double,Bottle 375ml,"€ 61,20 per litre"
Noa Pecan Mud Cake Basil Hayden – Bourbon Barrel Aged Imperial Stout,"€ 16,95",Sweden,4.36,Omnipollo,14%,Stout - Imperial / Double Pastry,330ml,"€ 51,36 per litre"
Church Whip – Imperial Stout,"€ 27,95",Sweden,4.25,Omnipollo,12%,Stout - Imperial / Double Pastry,Bottle 375ml,"€ 74,53 per litre"
Barrel Aged Baltic Porter Day 2022 – Cellar Serries,"€ 10,95",Estonia,4.10,Põhjala,10%,Porter - Imperial / Double Baltic,330ml,"€ 33,18 per litre"
Sakura Lambic,"€ 10,81",Belgium,3.75,OWA Brewery,6.2%,Lambic - Traditional,Bottle 375ml,"€ 28,83 per litre"
Shiso Lambic,"€ 10,81",Belgium,3.70,OWA Brewery,5.5%,Lambic - Fruit,Bottle 375ml,"€ 28,83 per litre"
Ume Lambic,"€ 16,67",Belgium,3.58,OWA Brewery,5.5%,Lambic - Fruit,Bottle 750ml,"€ 22,23 per litre"
Ume Lambic,"€ 10,81",Belgium,3.58,OWA Brewery,5.5%,Lambic - Fruit,Bottle 375ml,"€ 28,83 per litre"
Timmermans Lambicus Strawberry Thyme,"€ 4,08",Belgium,3.54,Brewery John Martin & Brewery Timmermans,4%,Lambic - Kriek,Bottle 330ml,"€ 12,36 per litre"
Lychee Lambic,"€ 16,67",Belgium,3.45,OWA Brewery,5.5%,Lambic - Fruit,Bottle 750ml,"€ 22,23 per litre"
Momo (Perzik) Lambic,"€ 16,67",Belgium,3.28,OWA Brewery,5.5%,Lambic - Fruit,Bottle 750ml,"€ 22,23 per litre"
Big Bad Baptist,"€ 7,69",United States,4.23,"Epic Brewing Co. (Utah, Colorado)",11.6%,Stout - Imperial / Double Coffee,Bottle 750ml,"€ 22,23 per litre"
Naked Big Bad Baptist,"€ 16,29",United States,4.13,"Epic Brewing Co. (Utah, Colorado)",12.3%,Stout - Imperial / Double,Bottle 750ml,"€ 22,23 per litre"
Big Bad Baptist Brewmasters Keep,"€ 19,49",United States,4.28,"Epic Brewing Co. (Utah, Colorado)",14.1%,Stout - Imperial / Double,Bottle 750ml,"€ 22,23 per litre"
Big Bad Baptist Coquito,"€ 16,29",United States,4.07,"Epic Brewing Co. (Utah, Colorado)",12.8%,Stout - Imperial / Double,Bottle 750ml,"€ 22,23 per litre"
Big Bad Baptist Blueberry Pie,"€ 16,29",United States,3.82,"Epic Brewing Co. (Utah, Colorado)",12%,Stout - Imperial / Double Pastry,Bottle 750ml,"€ 22,23 per litre"
Big Bad Baptist S'Mores,"€ 16,29",United States,3.78,"Epic Brewing Co. (Utah, Colorado)",12%,Stout - Imperial / Double Pastry,Bottle 750ml,"€ 22,23 per litre"
Baltic Porter Day 2024 – Imperial Porter,"€ 5,75",Estonia,4.04,Põhjala,10%,Porter - Imperial / Double Baltic,330ml,"€ 17,42 per litre"
Tongerlo LUX Blond,"€ 3,25",Belgium,3.51,Brouwerij Haacht Brasserie,6%,Belgian Blonde,330ml,"€ 9,85 per litre"
Rudolf -Rye Wisky Barrel Aged Barley Wine ( Cellar Series),"€ 10,95",Estonia,4.16,Põhjala,12%,Rye Wine,330ml,"€ 33,18 per litre"
Kodu – Imperial Porter,"€ 6,75",Estonia,3.96,Põhjala,10.6%,Porter - Imperial / Double Baltic,330ml,"€ 20,45 per litre"
Adelheid V2 Oaked Calvados Barley Wine,"€ 4,11",Belgium,3.76,Brouwerij de HopHemel,10.5%,Barleywine - American,330ml,"€ 12,45 per litre"
Brasvar Tripel,"€ 2,50",Belgium,3.41,Libidus - Let it Beer,7.5%,Belgian Tripel,330ml,"€ 7,58 per litre"
Chouffe Lite,"€ 1,72",Belgium,3.32,Brasserie d'Achouffe,4%,Pale Ale - Belgian,330ml,"€ 5,21 per litre"
Wieninger Teisendorfer Hell Alkoholfrei,"€ 1,67",Germany,2.77,Privatbrauerei M.C. Wieninger,0.5%,Non-Alcoholic - Lager,500ml,"€ 3,34 per litre"
Gouden Arend 125 Years (2023),"€ 9,65",Belgium,3.79,Brouwerij De Ryck,9%,Belgian Tripel,Bottle 750ml,"€ 12,87 per litre"
Saison Du Meyboom (2023),"€ 3,35",Belgium,3.54,Brasserie de la Senne,5.5%,Farmhouse Ale - Saison,330ml,"€ 10,15 per litre"
"Coffee Connaisseur, Moi? Winter 23/24","€ 3,50",Netherlands,3.93,Dutch Bargain,13%,Stout - Imperial / Double Coffee,330ml,"€ 10,61 per litre"
Sprøng – Blended Barrel Aged Wild Ale,"€ 34,95",Netherlands,4.26,Tommie Sjef,6.6%,Wild Ale - Other,Bottle 750ml,"€ 46,60 per litre"
Druif – Wild Ale,"€ 34,95",Netherlands,4.13,Tommie Sjef,8.1%,Wild Ale - Other,Bottle 750ml,"€ 46,60 per litre"
Saaz – Dry Hopped Wild Ale,"€ 32,95",Netherlands,4.12,Tommie Sjef,6.8%,Wild Ale - Other,Bottle 750ml,"€ 43,93 per litre"
Gold Lines Blue Edition – 24 Months Rum Barrel Aged Imperial Stout,"€ 13,95",Germany,3.99,Blech.Brut,11.5%,Stout - Russian Imperial,Can 440ml,"€ 31,70 per litre"
Gold Lines – Green Edition – 24 Months Barrel Aged Imperial Stout in Bourbon and Scotch Wisky Barrels,"€ 13,95",Germany,3.95,Blech.Brut,11.5%,Stout - Russian Imperial,Can 440ml,"€ 31,70 per litre"
Triporteur Nipple,"€ 2,30",Belgium,3.50,BOMBrewery,8.5%,Belgian Tripel,330ml,"€ 6,97 per litre"
Triporteur From Hell,"€ 2,30",Belgium,3.41,BOMBrewery,6.6%,Brown Ale - Belgian,330ml,"€ 6,97 per litre"
Pinot Gris,"€ 24,40",Belgium,4.30,Gueuzerie Tilquin,8.4%,Lambic - Fruit,Bottle 750ml,"€ 32,53 per litre"
Riesling,"€ 24,80",Belgium,4.29,Gueuzerie Tilquin,7.7%,Lambic - Fruit,Bottle 750ml,"€ 33,07 per litre"
Rhubarbe,"€ 10,70",Belgium,4.08,Gueuzerie Tilquin,6.3%,Lambic - Other,Bottle 375ml,"€ 28,53 per litre"
Rullquin,"€ 19,10",Belgium,3.84,Brasserie Artisanale de Rulles/ Gueuzerie Tilquin,7%,Sour - Other,Bottle 750ml,"€ 25,47 per litre"
Big Bourbon Barrel Aged Stout 2021,"€ 13,20",Sweden,4.12,Stigbergets Bryggeri,13.5%,Stout - Imperial / Double,Can 440ml,"€ 30,00 per litre"
Earth Guide For Aliens,"€ 9,60",Sweden,4.03,Elmeleven,8.2%,Sour - Smoothie / Pastry,Can 440ml,"€ 21,82 per litre"
Nerd Limited Connectivity,"€ 11,70",Sweden,4.02,Nerdbrewing,11.3%,Stout - Imperial / Double,Can 330ml,"€ 35,45 per litre"
Pastore Plum Sake Kasu Beer,"€ 19,20",England,3.63,Pastore Brewing and Blending,6%,Farmhouse Ale - Saison,Bottle 750ml,"€ 25,60 per litre"
Big Love,"€ 4,99",United States,3.89,Almanac Beer Company,9%,IPA - Imperial / Double New England / Hazy,Bottle 750ml,"€ 25,60 per litre"
Peach Sournova,"€ 8,99",United States,3.88,Almanac Beer Company,5.8%,Sour - Fruited,473ml,"€ 19,01 per litre"
Bunny Hill IPA,"€ 3,69",United States,3.83,Almanac Beer Company,6.1%,IPA - New England / Hazy,473ml,"€ 19,01 per litre"
Sunshine & Opportunity,"€ 8,49",United States,3.83,Almanac Beer Company,5.6%,Sour - Fruited,Can 473ml,"€ 17,95 per litre"
Double Secret Probation,"€ 7,29",United States,3.80,Almanac Beer Company,5.5%,Stout - Coffee,Can 473ml,"€ 17,95 per litre"
Cherry Sournova,"€ 8,49",United States,3.77,Almanac Beer Company,5.1%,Sour - Fruited,473ml,"€ 17,95 per litre"
Strawberry Sournova,"€ 8,49",United States,3.74,Almanac Beer Company,5.3%,Sour - Fruited,473ml,"€ 17,95 per litre"
Fruit Punch Sournova,"€ 8,49",United States,3.71,Almanac Beer Company,5.2%,Sour - Fruited,473ml,"€ 17,95 per litre"
Peach Cobbler,"€ 9,49",United States,3.71,Almanac Beer Company,5.7%,Sour - Fruited,473ml,"€ 17,95 per litre"
Flow,"€ 3,99",United States,3.69,Almanac Beer Company,5.5%,Pale Ale - American,473ml,"€ 17,95 per litre"
Sunshine Sherbet,"€ 9,49",United States,?,Almanac Beer Company,5.6%,Sour - Fruited,473ml,"€ 17,95 per litre"
Witte Rook,"€ 3,85",Netherlands,3.35,Jopen,7%,Smoked Beer,330ml,"€ 11,67 per litre"
Muifel Sebius Weizen Tripel,"€ 3,60",Netherlands,3.65,Muifelbrouwerij,8%,Wheat Beer - Other,330ml,"€ 10,91 per litre"
Walhalla Njord,"€ 3,50",Netherlands,3.51,Walhalla Brouwerij & Proeflokaal,4.4%,Pale Ale - New England / Hazy,Can 440ml,"€ 7,95 per litre"
Oude Geuze - 20/21 - Nr.60,"€ 13,65",Belgium,4.20,Brouwerij 3 Fonteinen,6.1%,Lambic - Gueuze,Bottle 750ml,"€ 18,20 per litre"
Bird of Prey,"€ 3,00",Netherlands,3.60,Uiltje Brewing Company,5.8%,IPA - American,330ml,"€ 9,09 per litre"
Juice Punch New England IPA,"€ 3,80",Netherlands,3.68,Brouwerij Frontaal,5.8%,IPA - New England / Hazy,Can 330ml,"€ 11,52 per litre"
Kirin Ichiban Pils,"€ 2,59",Netherlands,2.98,Kirin Brewery (Zhuhai) Co.,4.1%,Pilsner - Other,330ml,"€ 7,85 per litre"
Quad Particle Tawny Port BA,"€ 11,90",Estonia,4.06,Anderson's Craft Beer,9.7%,Belgian Quadrupel,330ml,"€ 36,06 per litre"
Zeby Nie Bylo Niczego,"€ 3,50",Poland,3.21,Browar Artezan,0.5%,Non-Alcoholic - IPA,500ml,"€ 7,00 per litre"
Nostalgia Schachtstuiker Sherry Oaked Infused,"€ 2,85",Belgium,3.55,Brouwerij Kompel,7.5%,Belgian Strong Golden Ale,330ml,"€ 8,64 per litre"
Nostalgia Mijnfiets,"€ 2,85",Belgium,3.48,Brouwerij Kompel,7%,Farmhouse Ale - Saison,330ml,"€ 8,64 per litre"
Anniversary 09,"€ 6,50",Netherlands,3.80,Brouwerij Kees,9.99%,Stout - Imperial / Double,Can 440ml,"€ 14,77 per litre"
Here Comes The Sun,"€ 6,30",Netherlands,3.72,Brouwerij Kees,9.2%,IPA - Triple,Can 440ml,"€ 14,32 per litre"
Boerenerf Oude Gueuze,"€ 4,90",Belgium,4.11,Het Boerenerf Eylenbosch,7%,Lambic - Gueuze,Bottle 375ml,"€ 13,07 per litre"
Barley Wine Special Edition 2024 Maple Syrup,"€ 4,65",Netherlands,3.75,Muifelbrouwerij,11.5%,Barleywine - Other,330ml,"€ 14,09 per litre"
Normand 2023,"€ 39,95",United States,4.38,Tree House Brewing Company,10%,Belgian Quadrupel,330ml,"€ 14,09 per litre"
Madera 2023 (PX Sherry),"€ 129,95",United States,4.25,New Image Brewing,16.89%,Barleywine - Other,330ml,"€ 14,09 per litre"
Old Hat,"€ 13,95",United States,3.88,Tree House Brewing Company,5.4%,Lager - American Amber / Red,330ml,"€ 14,09 per litre"
Wycinanki,"€ 14,95",United States,3.78,Tree House Brewing Company,4%,Grodziskie / Grätzer,330ml,"€ 14,09 per litre"
Straffe Hendrik Brugs Quadrupel Bier,"€ 3,60",Belgium,3.89,Brouwerij De Halve Maan,11%,Belgian Quadrupel,330ml,"€ 10,91 per litre"
Gouden Carolus Indulgence Batteliek,"€ 14,95",Belgium,3.64,Brouwerij Het Anker,7.3%,Belgian Blonde,Bottle 750ml,"€ 19,93 per litre"
Mooie Nel IPA,"€ 2,99",Netherlands,3.59,Jopen,6.5%,IPA - American,Can 330ml,"€ 9,06 per litre"
Moersleutel / Kees It Takes Two,"€ 7,25",Netherlands,4.07,Moersleutel Craft Brewery,12%,Stout - Imperial / Double,Can 440ml,"€ 16,48 per litre"
Moersleutel Nut Oil Rigger,"€ 7,20",Netherlands,4.02,Moersleutel Craft Brewery,11%,Stout - Imperial / Double,Can 440ml,"€ 16,36 per litre"
Moersleutel Mexicake Firefighter,"€ 6,95",Netherlands,3.97,Moersleutel Craft Brewery,12%,Stout - Russian Imperial,Can 440ml,"€ 15,80 per litre"
Second Date,"€ 3,99",Netherlands,3.72,Rock City Brewing,7.5%,IPA - Imperial / Double New England / Hazy,330ml,"€ 12,09 per litre"
Smulbock,"€ 3,40",Netherlands,3.61,Rock City Brewing,9%,Bock - Doppelbock,330ml,"€ 10,30 per litre"
Zibi Stardust,"€ 4,75",Netherlands,3.58,Dutch Bargain,7.8%,IPA - Imperial / Double,330ml,"€ 14,39 per litre"
Baron,"€ 3,30",Netherlands,3.40,Big Belly Brewing Company,5.5%,Historical Beer - Other,330ml,"€ 10,00 per litre"
Pannepot 2022 Vintage,"€ 3,20",Belgium,3.94,De Struise Brouwers,10%,Belgian Strong Dark Ale,330ml,"€ 9,70 per litre"
SuikerOhm BA Woodford & Weller Bourbon,"€ 5,25",Netherlands,3.49,100 Watt Brewery,11%,Barleywine - English,330ml,"€ 15,91 per litre"
Camba Imperial IPA,"€ 4,69",Germany,3.67,Camba Bavaria,8.9%,IPA - Imperial / Double,Can 440ml,"€ 10,66 per litre"
Quadrupel,"€ 2,75",Netherlands,3.91,Bierbrouwerij De Koningshoeven,10%,Belgian Quadrupel,330ml,"€ 8,33 per litre"
De Kolonist Weizen,"€ 2,65",Netherlands,3.45,Brouwerij Maallust,5%,Wheat Beer - Hefeweizen,300ml,"€ 8,83 per litre"
TROPIC VIBRANCE / TDH DIPA,"€ 5,49",Latvia,3.95,Hopalaa,8%,IPA - Imperial / Double,Can 440ml,"€ 12,48 per litre"
True Imperial Porter with Chocolate & Coconut,"€ 9,30",Sweden,3.97,Nerdbrewing,11.5%,Porter - Imperial / Double,330ml,"€ 28,18 per litre"
False Imperial Stout with Chocolate & Maple Syrup,"€ 9,30",Sweden,3.96,Nerdbrewing,12%,Stout - Imperial / Double,330ml,"€ 28,18 per litre"
Rivington X Alvinne  - Grisette,"€ 2,50",Belgium,3.80,Brouwerij Alvinne,5%,Sour - Other,330ml,"€ 7,58 per litre"
Rivington X Morpheus - farmhouse sour,"€ 2,50",Belgium,3.80,Brouwerij Alvinne,5%,Sour - Other,330ml,"€ 7,58 per litre"
Cuvée Theo Margaux BA,"€ 4,20",Belgium,3.65,Brouwerij Alvinne,9%,Farmhouse Ale - Saison,330ml,"€ 12,73 per litre"
Cuvée Andy,"€ 3,70",Belgium,3.54,Brouwerij Alvinne,6.5%,IPA - Sour,330ml,"€ 11,21 per litre"
Morpheus Wit,"€ 2,10",Belgium,3.26,Brouwerij Alvinne,5.5%,Wheat Beer - Witbier / Blanche,330ml,"€ 6,36 per litre"
St Feuillien Cuvée de Noel - VINTAGE 2018,"€ 4,24",Belgium,3.48,Brasserie St-Feuillien,9%,Winter Ale,330ml,"€ 12,85 per litre"
Rubbens Tripel,"€ 2,50",Belgium,3.49,Stokerij Brouwerij Rubbens,8.5%,Belgian Tripel,330ml,"€ 7,58 per litre"
Tuotsnav,"€ 4,75",Sweden,3.96,Brewski,11%,Stout - Russian Imperial,330ml,"€ 14,39 per litre"
Horizont Hazy Queen,"€ 4,10",Hungary,3.79,HORIZONT Brewing,6%,IPA - New England / Hazy,Can 330ml,"€ 12,42 per litre"
"Struise Cuvée Delphine ""Cuvée Oscar""","€ 69,95",Belgium,4.23,De Struise Brouwers,13%,Stout - Russian Imperial,Bottle 750ml,"€ 93,27 per litre"
Struise Black Albert Costa Rica Espresso Vintage 2015,"€ 69,95",Belgium,4.15,De Struise Brouwers,13%,Stout - Russian Imperial,Bottle 750ml,"€ 93,27 per litre"
Laager 0,"€ 3,79",Estonia,2.86,Põhjala,0.5%,Non-Alcoholic - Lager,Can 440ml,"€ 8,61 per litre"
Cardeña Quadrupel,"€ 3,75",Spain,3.60,Monasterio San Pedro de Cardeña,10%,Belgian Quadrupel,330ml,"€ 11,36 per litre"
La Chouffe,"€ 2,40",Belgium,3.82,Brasserie d'Achouffe,8%,Belgian Strong Golden Ale,330ml,"€ 7,27 per litre"
Houblon Chouffe,"€ 2,70",Belgium,3.67,Brasserie d'Achouffe,9%,IPA - Belgian,330ml,"€ 8,18 per litre"
Chouffe Soleil,"€ 2,20",Belgium,3.56,Brasserie d'Achouffe,6%,Belgian Blonde,330ml,"€ 6,67 per litre"
Cherry Chouffe,"€ 2,65",Belgium,3.50,Brasserie d'Achouffe,8%,Fruit Beer,330ml,"€ 8,03 per litre"
Tesselaar Strandstruner,"€ 3,10",Netherlands,3.47,Tesselaar Familiebrouwerij Diks,5.5%,Wheat Beer - Other,330ml,"€ 9,39 per litre"
Wildwuchs Schlankes BIO,"€ 3,29",Germany,3.30,Wildwuchs Brauwerk Hamburg,4.7%,Lager - Pale,330ml,"€ 9,97 per litre"
Framboise Boon,"€ 4,69",Belgium,3.54,Brouwerij Boon,5%,Lambic - Framboise,Bottle 250ml,"€ 18,76 per litre"
Kriek Boon,"€ 3,79",Belgium,3.53,Brouwerij Boon,4%,Lambic - Kriek,Bottle 250ml,"€ 15,16 per litre"
Oude Geuze Boon,"€ 3,89",Belgium,3.37,Brouwerij Boon,7%,Lambic - Gueuze,Bottle 250ml,"€ 15,56 per litre"
Faro Boon,"€ 3,79",Belgium,3.15,Brouwerij Boon,5%,Lambic - Faro,Bottle 250ml,"€ 15,16 per litre"
Kriek Retro Lambicus,"€ 3,05",Belgium,3.42,Brewery John Martin & Brewery Timmermans,4.5%,Lambic - Kriek,330ml,"€ 9,24 per litre"
Queen Junie 2023,"€ 43,20",United States,4.43,Transient Artisan Ales,15%,Stout - American,Bottle 500ml,"€ 86,40 per litre"
Beer Nerds,"€ 15,10",United States,4.35,Mortalis Brewing Company,6%,Sour - Smoothie / Pastry,Can 473ml,"€ 31,92 per litre"
Vanilla Kamigoye 2023,"€ 36,40",United States,4.32,Transient Artisan Ales,12.5%,Stout - Imperial / Double,Bottle 500ml,"€ 72,80 per litre"
Wet Hop Amarillo,"€ 30,20",United States,4.31,Barrique Brewing and Blending,6.1%,Wild Ale - American,Bottle 500ml,"€ 60,40 per litre"
We All Scream 2022,"€ 60,40",United States,4.30,The Bruery,15.3%,Stout - Imperial / Double,Bottle 750ml,"€ 80,53 per litre"
Vitis Cerevisiae,"€ 30,30",United States,4.30,Barrique Brewing and Blending,9%,Grape Ale - Other,Bottle 500ml,"€ 60,60 per litre"
Wet Hop Basique,"€ 30,20",United States,4.28,Barrique Brewing and Blending,6%,IPA - Sour,Bottle 500ml,"€ 60,40 per litre"
Life For a Puppy Shouldn't Be So Ruff 2023,"€ 37,30",United States,4.28,Transient Artisan Ales,13.5%,Stout - Imperial / Double,Bottle 500ml,"€ 74,60 per litre"
Yesternight Coconut & Hazelnut,"€ 34,80",United States,4.26,Belleflower Brewing,13.5%,Stout - Imperial / Double Pastry,Bottle 500ml,"€ 69,60 per litre"
Razzle Dazzle,"€ 26,70",United States,4.25,Prairie Artisan Ales,13%,Stout - Imperial / Double Pastry,Bottle 355ml,"€ 75,21 per litre"
Second Voyage,"€ 30,20",United States,4.22,Barrique Brewing and Blending,5.7%,Wild Ale - Other,Bottle 500ml,"€ 60,40 per litre"
Nectarine Tennespon,"€ 30,20",United States,4.15,Barrique Brewing and Blending,5.7%,Wild Ale - American,Bottle 500ml,"€ 60,40 per litre"
Strange Strange & Eternal Eternal,"€ 12,10",United States,4.14,The Veil Brewing Co.,6%,IPA - American,Can 473ml,"€ 25,58 per litre"
Peach Crumble,"€ 10,60",United States,4.11,Prairie Artisan Ales,5.6%,Sour - Fruited,Can 355ml,"€ 29,86 per litre"
Double Stuffed Chocolate Sandwich Cookie Hornswoggler,"€ 14,20",United States,3.94,The Veil Brewing Co.,7%,Stout - Milk / Sweet,Can 473ml,"€ 30,02 per litre"
Sewn,"€ 11,90",United States,3.93,The Veil Brewing Co.,8%,IPA - Imperial / Double New England / Hazy,Can 473ml,"€ 25,16 per litre"
Halcyon III,"€ 14,50",United States,3.92,Hudson Valley Brewery,6%,IPA - American,Can 473ml,"€ 30,66 per litre"
Applescotch Crisp 2023,"€ 56,70",United States,3.90,The Bruery,15.1%,Old / Stock Ale,Bottle 750ml,"€ 75,60 per litre"
Free Crazy,"€ 2,50",Poland,3.18,Funky Fluid,0.5%,Non-Alcoholic - IPA,500ml,"€ 5,00 per litre"
Cuvée Freddy,"€ 5,07",Belgium,3.90,Brouwerij Alvinne,10%,Sour - Flanders Oud Bruin,330ml,"€ 15,36 per litre"
Cellar Series Rudolf Finnish Rye Whisky Barrel Aged Rye Wine,"€ 9,85",Estonia,4.16,Põhjala,12%,Rye Wine,330ml,"€ 29,85 per litre"
Louise,"€ 3,29",Netherlands,3.39,Kaapse Brouwers,4.7%,Blonde / Golden Ale - Other,330ml,"€ 29,85 per litre"
Koffie & Toffee Baltic Porter,"€ 3,50",Netherlands,3.65,Brouwerij de Molen,8.5%,Porter - Baltic,330ml,"€ 10,61 per litre"
Barrel West-Fries Tripel-Zwaar,"€ 2,95",Netherlands,3.56,De Bierbroeders,10%,Belgian Tripel,330ml,"€ 8,94 per litre"
Grain Game Wheat Tripel,"€ 3,15",Netherlands,3.51,vandeStreek bier,7.5%,Belgian Tripel,Can 330ml,"€ 9,55 per litre"
Roos & Blad NEIPA,"€ 3,70",Netherlands,3.31,Brouwerij de Molen,7.5%,IPA - New England / Hazy,330ml,"€ 11,21 per litre"
Barrel West-Fries Tripel-Zwaar Barrel Aged,"€ 6,85",Netherlands,3.28,De Bierbroeders,10%,Belgian Tripel,330ml,"€ 20,76 per litre"
Camba Märzen,"€ 2,29",Germany,3.44,Camba Bavaria,5.8%,Märzen,500ml,"€ 4,58 per litre"
Camba Hell,"€ 2,19",Germany,3.42,Camba Bavaria,5.2%,Lager - Helles,500ml,"€ 4,38 per litre"
Wildwuchs Mucki Hop IPA BIO,"€ 3,19",Germany,3.40,Wildwuchs Brauwerk Hamburg,6.5%,IPA - American,330ml,"€ 9,67 per litre"
Wildwuchs Große Freiheit Bitter Ale alkoholfrei BIO,"€ 3,29",Germany,2.86,Wildwuchs Brauwerk Hamburg,0.29%,Non-Alcoholic - Other,330ml,"€ 9,97 per litre"
Duvel Tripel Hop Cashmere Belgian IPA,"€ 3,69",Belgium,3.61,Duvel Moortgat,9.5%,IPA - Belgian,330ml,"€ 11,18 per litre"
It Takes Two Chocolate Licorice Stout,"€ 8,10",Netherlands,4.07,Moersleutel Craft Brewery,12%,Stout - Imperial / Double,Can 440ml,"€ 18,41 per litre"
Nut Oil Rigger Imperial Nut Stout,"€ 8,10",Netherlands,4.02,Moersleutel Craft Brewery,11%,Stout - Imperial / Double,Can 440ml,"€ 18,41 per litre"
"Lucky Tonka – Tonka, Red Beet & Chocolate Imperial Stout","€ 8,10",Netherlands,3.83,Moersleutel Craft Brewery,12%,Stout - Imperial / Double Pastry,Can 440ml,"€ 18,41 per litre"
Oud Bruin,"€ 1,35",Netherlands,2.86,Gulpener Bierbrouwerij,3.5%,Lager - Dark,300ml,"€ 4,50 per litre"
Wild West Kriek-Framboos,"€ 5,19",Belgium,3.97,Brouwerij Alvinne,6%,Sour - Fruited,330ml,"€ 15,73 per litre"
Cuvée Jonny,"€ 5,69",Belgium,3.62,Brouwerij Alvinne,13.5%,Sour - Other,330ml,"€ 17,24 per litre"
Three Times Three / Omnipollo / Root+Branch / Fidens / Green Cheeck / WeldWerks / Vitamin Sea,"€ 5,49",United States,4.21,Equilibrium Brewery,10.5%,IPA - Triple,330ml,"€ 17,24 per litre"
Middletown Mud Pie,"€ 26,29",United States,4.16,Equilibrium Brewery,11%,Stout - Imperial / Double,330ml,"€ 17,24 per litre"
Ten Cubed,"€ 4,99",United States,4.12,Equilibrium Brewery,8.5%,IPA - Imperial / Double,473ml,"€ 10,55 per litre"
Gueuze Lambic Bio,"€ 9,80",Belgium,4.18,Brasserie Cantillon,5%,Lambic - Gueuze,473ml,"€ 10,55 per litre"
La Trappe Isid'or,"€ 6,95",Netherlands,3.75,Bierbrouwerij De Koningshoeven,7.5%,Belgian Strong Golden Ale,Bottle 750ml,"€ 9,27 per litre"
Dark Night,"€ 6,50",Netherlands,4.00,Moersleutel Craft Brewery,11%,Stout - Imperial / Double Coffee,Can 440ml,"€ 14,77 per litre"
Lucky Tonka Walnut Carrot Cake,"€ 7,20",Netherlands,3.99,Moersleutel Craft Brewery,12%,Stout - Imperial / Double Pastry,Can 440ml,"€ 16,36 per litre"
Relentless Optimism,"€ 13,95",United States,4.22,Tree House Brewing Company,8%,Stout - Milk / Sweet,,
Sunstead: White Peach 2023,"€ 34,99",Denmark,4.29,Insight Cellars,6.3%,Wild Ale - Other,Bottle 750ml,"€ 46,65 per litre"
Galway Bay / La Pirata Sixty Ships Down,"€ 8,95",Ireland,4.17,Galway Bay Brewery,12%,Stout - Imperial / Double,Can 440ml,"€ 20,34 per litre"
Dulle Teve,"€ 4,05",Belgium,3.74,Brouwerij De Dolle Brouwers,10%,Belgian Tripel,330ml,"€ 12,27 per litre"
Arabier,"€ 3,83",Belgium,3.47,Brouwerij De Dolle Brouwers,8%,Belgian Strong Golden Ale,330ml,"€ 11,61 per litre"
Gute Nacht Freunde,"€ 5,55",Netherlands,3.84,Van Moll,10%,Wheat Beer - Wheat Wine,330ml,"€ 16,82 per litre"
Vive la Fête,"€ 5,55",Netherlands,3.55,Van Moll,9.8%,IPA - Imperial / Double,330ml,"€ 16,82 per litre"
Wychwood Hobgoblin Gold,"€ 4,49",England,3.44,Marston's Brewery,4.2%,Blonde / Golden Ale - English,500ml,"€ 8,98 per litre"
Camba Wilderer Weisse,"€ 2,29",Germany,3.36,Camba Bavaria,5.6%,Wheat Beer - Dunkelweizen,500ml,"€ 4,58 per litre"
Kehrwieder Senatsbock Barrel Aged #2 Doppelbock,"€ 9,99",Germany,3.97,Kehrwieder Kreativbrauerei,12%,Bock - Doppelbock,330ml,"€ 30,27 per litre"
Pszeniczne,"€ 1,90",Poland,3.27,Browar Fortuna,4.6%,Wheat Beer - Witbier / Blanche,Bottle 500ml,"€ 3,80 per litre"
Never Too Latte,"€ 6,29",Romania,4.15,Hop Hooligans,12%,Stout - Imperial / Double Pastry,330ml,"€ 19,06 per litre"
It's Showtime,"€ 6,99",United States,4.07,Tripping Animals Brewing Co.,6%,Sour - Fruited Berliner Weisse,473ml,"€ 14,78 per litre"
Fusion Blueberry Mango Tangerine,"€ 5,00",United States,4.02,Woven Water Brewing,6.5%,Sour - Smoothie / Pastry,473ml,"€ 10,57 per litre"
Belhamel,"€ 1,95",Netherlands,3.57,Brouwerij In De Nacht,11%,Barleywine - Other,330ml,"€ 5,91 per litre"
Wet Musk of the Minotaur,"€ 9,50",United States,4.14,Hoof Hearted Brewing,7.2%,IPA - American,473ml,"€ 20,08 per litre"
Our Barley Aged,"€ 9,50",Scotland,4.02,Overtone Brewing Co,12.5%,Stout - Imperial / Double,Can 440ml,"€ 21,59 per litre"
BLVCK Celebration (Ghost BLVCK),"€ 8,75",United States,4.00,Adroit Theory,9.99%,Porter - Imperial / Double,473ml,"€ 18,50 per litre"
Are We Having Fun Yet?,"€ 7,90",United States,3.95,Hoof Hearted Brewing,6%,Pale Ale - American,473ml,"€ 16,70 per litre"
Rosemary,"€ 5,85",Spain,3.60,DÚA Sparkling Beer,4.2%,Farmhouse Ale - Grisette,Can 440ml,"€ 13,30 per litre"
KENIA,"€ 5,85",Spain,3.50,DÚA Sparkling Beer,4.2%,Farmhouse Ale - Grisette,Can 440ml,"€ 13,30 per litre"
Maisel's Weisse Original,"€ 2,09",Germany,3.60,Brauerei Gebr. Maisel,5.1%,Wheat Beer - Hefeweizen,500ml,"€ 4,18 per litre"
Maisel's Weisse Alkoholfrei,"€ 2,09",Germany,3.23,Brauerei Gebr. Maisel,5.1%,Non-Alcoholic - Wheat,500ml,"€ 4,18 per litre"
Kehrwieder Road Runner Coffee Stout alkoholfrei,"€ 3,49",Germany,3.16,Kehrwieder Kreativbrauerei,0.4%,Non-Alcoholic - Porter / Stout,330ml,"€ 10,58 per litre"
Sunstead: White Peach 2023 - SHOP ONLY,"€ 32,00",Denmark,4.29,Insight Cellars,6.3%,Wild Ale - Other,Bottle 750ml,"€ 42,67 per litre"
Existence: Syrah 2020 - SHOP ONLY,"€ 32,00",Denmark,4.28,Insight Cellars,10.9%,Wild Ale - Other,Bottle 750ml,"€ 42,67 per litre"
Rhineland Harmonie 2021 - SHOP ONLY,"€ 32,00",Denmark,4.19,Insight Cellars,8.5%,Wild Ale - Other,Bottle 750ml,"€ 42,67 per litre"
Gronckel Quadrupel,"€ 2,25",Belgium,3.65,Vrijstaat Vanmol Brewing,11%,Belgian Quadrupel,24-pack,"Total price: € 2,25"
Brouwkamer Royal Dark,"€ 3,25",Netherlands,3.55,De Brouwkamer,8%,Belgian Dubbel,330ml,"€ 9,85 per litre"
Hasseltse Stoute,"€ 2,50",Belgium,3.31,Microbrouwerij De Rechter,10%,Stout - Imperial / Double,330ml,"€ 7,58 per litre"
Right Willy?,"€ 2,50",Belgium,3.31,Microbrouwerij De Rechter,7%,Belgian Blonde,330ml,"€ 7,58 per litre"
Dracarys,"€ 2,50",Belgium,3.28,Microbrouwerij De Rechter,10%,Belgian Tripel,330ml,"€ 7,58 per litre"
Right Honey?!,"€ 2,50",Belgium,3.23,Microbrouwerij De Rechter,8%,Honey Beer,330ml,"€ 7,58 per litre"
Weissbier,"€ 2,39",Germany,3.43,Freie Brau Union Bremen,5.5%,Wheat Beer - Hefeweizen,500ml,"€ 4,78 per litre"
Freistil Pilsner alkoholfrei,"€ 2,39",Germany,2.83,Freie Brau Union Bremen,0.5%,Non-Alcoholic - Lager,330ml,"€ 7,24 per litre"
Melcher Street,"€ 10,25",United States,4.25,Trillium Brewing Company,7.2%,IPA - American,473ml,"€ 21,67 per litre"
Fort Point,"€ 10,99",United States,4.21,Trillium Brewing Company,6.6%,Pale Ale - American,473ml,"€ 23,23 per litre"
What Lies Beneath 2023,"€ 19,99",United States,4.06,Drekker Brewing Company,11.6%,Stout - Imperial / Double Coffee,500ml,"€ 39,98 per litre"
Bw24 - Infused Barley Wine- Cognac,"€ 4,25",Netherlands,3.81,Berging Brouwerij,8.4%,Barleywine - Other,330ml,"€ 12,88 per litre"
Qd24 - Infused Quadrupel- Rum,"€ 4,25",Netherlands,3.73,Berging Brouwerij,8.5%,Belgian Quadrupel,330ml,"€ 12,88 per litre"
Ds24 - Infused Dry Stout - Bourbon,"€ 4,25",Netherlands,3.61,Berging Brouwerij,7.9%,Stout - Irish Dry,330ml,"€ 12,88 per litre"
Bumper Non Alcoholic Blond,"€ 2,90",Netherlands,3.12,vandeStreek bier,0.5%,Non-Alcoholic - Pale Ale,Can 330ml,"€ 8,79 per litre"
Calvados Edition 2024 Barrel Aged Belgian Strong Ale,"€ 6,65",Netherlands,3.89,Brouwerij de Molen,12.4%,Belgian Strong Dark Ale,330ml,"€ 20,15 per litre"
Frostbite Fuel Coffee & Maple Milk Stout,"€ 3,85",Netherlands,3.43,Uiltje Brewing Company,6.8%,Stout - Milk / Sweet,Can 330ml,"€ 11,67 per litre"
Effet Papillon | India Pale Ale | 6%,"€ 2,90",France,3.59,Effet Papillon,6%,IPA - American,330ml,"€ 8,79 per litre"
"Effet Papillon | Double Belge | 7,5%","€ 3,90",France,3.57,Effet Papillon,7.5%,Belgian Dubbel,330ml,"€ 11,82 per litre"
Saaz,"€ 31,55",Netherlands,4.12,Tommie Sjef,6.8%,Wild Ale - Other,Bottle 750ml,"€ 42,07 per litre"
Nosferatu,"€ 6,25",Netherlands,3.82,Van Moll,11.5%,Bock - Doppelbock,330ml,"€ 18,94 per litre"
Weisse Unser Original TAP 7,"€ 2,45",Germany,3.66,Schneider Weisse G. Schneider & Sohn,5.4%,Wheat Beer - Hefeweizen,500ml,"€ 4,90 per litre"
Alexander,"€ 4,09",Belgium,3.95,Brouwerij Rodenbach,5.6%,Sour - Flanders Red Ale,330ml,"€ 12,39 per litre"
Framboise,"€ 8,29",Belgium,3.54,Brouwerij Boon,5%,Lambic - Framboise,Bottle 375ml,"€ 22,11 per litre"
Gueuze Lambic Beer,"€ 2,69",Belgium,3.41,Brouwerij Lindemans,5%,Lambic - Gueuze,Bottle 250ml,"€ 10,76 per litre"
BRLO x Kyrö Did You Finnish? Belgian Strong Ale,"€ 4,89",Germany,?,BRLO,5%,Festbier,330ml,"€ 14,82 per litre"
Solstice D'hiver Bourbon (2023),"€ 8,95",Canada,4.25,Brasserie Dieu du Ciel!,10.2%,Barleywine - Other,Bottle 341ml,"€ 26,25 per litre"
Aoltbeer (10-2022) Mirabelle,"€ 18,95",Germany,4.10,Kemker Kultuur (Brauerei J. Kemker),6%,Sour - Other,Bottle 750ml,"€ 25,27 per litre"
Aoltbeer (08-2022) Pinot Blanc,"€ 19,95",Germany,4.07,Kemker Kultuur (Brauerei J. Kemker),8%,Sour - Other,Bottle 750ml,"€ 26,60 per litre"
Dots,"€ 8,75",Germany,3.86,Kemker Kultuur (Brauerei J. Kemker),6%,Farmhouse Ale - Other,Bottle 375ml,"€ 23,33 per litre"
Fruston,"€ 8,50",Italy,3.93,Ca' del Brado,7.8%,Farmhouse Ale - Bière de Garde,Bottle 375ml,"€ 22,67 per litre"
Magaland,"€ 13,80",France,3.90,Brasserie La Malpolon,6.7%,Sour - Other,Bottle 750ml,"€ 18,40 per litre"
Chante-Loup 2022,"€ 13,70",France,3.76,Brasserie La Malpolon,7.1%,Farmhouse Ale - Other,Bottle 750ml,"€ 18,27 per litre"
Dubbel Leven,"€ 3,49",Netherlands,3.24,Hert Bier,6.5%,Belgian Dubbel,330ml,"€ 10,58 per litre"
Guavanaut,"€ 9,60",Scotland,3.94,Holy Goat Brewing,6.8%,Sour - Fruited,Bottle 375ml,"€ 25,60 per litre"
Oude Kriek,"€ 8,16",Belgium,3.97,Hanssens Artisanaal,6.5%,Lambic - Kriek,Bottle 750ml,"€ 10,88 per litre"
Vuurboetmeester 203,"€ 9,50",Netherlands,4.14,Bierbrouwerij De Magistraat,12.5%,Barleywine - English,330ml,"€ 28,79 per litre"
Kalefater 106,"€ 9,50",Netherlands,4.12,Bierbrouwerij De Magistraat,11.5%,Stout - Imperial / Double,330ml,"€ 28,79 per litre"
a la Table Blend #3,"€ 25,00",United States,4.03,Side Project Brewing,2.5%,Table Beer,Bottle 750ml,"€ 33,33 per litre"
Kalefater 105,"€ 9,50",Netherlands,3.91,Bierbrouwerij De Magistraat,11.5%,Stout - Imperial / Double,330ml,"€ 28,79 per litre"
It Takes Two,"€ 5,99",Netherlands,4.07,Moersleutel Craft Brewery,12%,Stout - Imperial / Double,Can 440ml,"€ 13,61 per litre"
Tripel,"€ 2,30",Belgium,3.51,Brouwerij Broeder Jacob,7.5%,Belgian Tripel,330ml,"€ 6,97 per litre"
Boerken,"€ 3,15",Belgium,3.44,Den Ouden Advokaat,9.5%,Belgian Strong Dark Ale,330ml,"€ 9,55 per litre"
Soetwater (Cambrian Series),"€ 2,69",Netherlands,3.45,De Kromme Haring,5%,Schwarzbier,330ml,"€ 8,15 per litre"
Twenty Hounds Hoppy Danish Golden Strong Ale,"€ 4,70",Denmark,3.45,Copenhagen Commons,8.5%,Belgian Strong Golden Ale,330ml,"€ 14,24 per litre"
QD24 Rum Infused,"€ 4,39",Netherlands,3.53,Berging Brouwerij,8.5%,Belgian Quadrupel,330ml,"€ 13,30 per litre"
Kriek (37.5cl),"€ 5,20",Belgium,3.53,Brouwerij Boon,4%,Lambic - Kriek,Bottle 375ml,"€ 13,87 per litre"
Oude Geuze,"€ 3,40",Belgium,3.37,Brouwerij Boon,7%,Lambic - Gueuze,Bottle 375ml,"€ 9,07 per litre"
Bobby Love,"€ 3,60",Netherlands,3.55,Big Belly Brewing Company,5.5%,IPA - New England / Hazy,330ml,"€ 10,91 per litre"
Hopkikker,"€ 3,95",Netherlands,3.52,Brouwerij D'n Draok,6%,IPA - American,330ml,"€ 11,97 per litre"
Octopus Blond,"€ 2,35",Netherlands,3.37,Stadshaven Brouwerij,6%,Blonde / Golden Ale - Other,330ml,"€ 7,12 per litre"
Collaboration-Sud Larger Than Life Imperial Stout,"€ 12,99",Germany,4.21,National Jürgens Brauerei Braunschweig,5.5%,Rye Beer,Can 440ml,"€ 29,52 per litre"
Caramel Fudge Stout,"€ 3,79",Netherlands,3.88,Brouwerij Kees,11.5%,Stout - Imperial / Double,330ml,"€ 11,48 per litre"
Coffee Cinnamon B-Bomb 2022,"€ 30,00",United States,4.34,Fremont Brewing,13.5%,Winter Ale,Bottle 650ml,"€ 46,15 per litre"
The Rusty Nail 2022,"€ 30,00",United States,4.26,Fremont Brewing,13.6%,Stout - Imperial / Double Oatmeal,Bottle 650ml,"€ 46,15 per litre"
Mélange Noir,"€ 34,99",United States,4.25,The Bruery,16.6%,Stout - Imperial / Double,Bottle 750ml,"€ 46,65 per litre"
Birmingham,"€ 39,99",United States,4.22,Aslin Beer Company,11%,Stout - Imperial / Double,500ml,"€ 79,98 per litre"
Moment In Time 2021,"€ 11,99",Hungary,4.22,Brew Your Mind,11%,Stout - Imperial / Double,Bottle 375ml,"€ 31,97 per litre"
So Happens It's Tuesday,"€ 34,99",United States,4.19,The Bruery,15.3%,Stout - Imperial / Double,Bottle 750ml,"€ 46,65 per litre"
Six Hundred Pounds Of Sin,"€ 27,50",United States,4.18,Transient Artisan Ales,14%,Stout - Imperial / Double,500ml,"€ 55,00 per litre"
Big Snail,"€ 20,00",United States,4.18,Jackie O's Brewery/ Our Mutual Friend Brewing Company,13.2%,Stout - Imperial / Double,355ml,"€ 56,34 per litre"
Apfelsap,"€ 34,99",United States,4.18,The Bruery,16.9%,Wheat Beer - Wheat Wine,Bottle 750ml,"€ 46,65 per litre"
Baked On The Bayou,"€ 34,99",United States,4.16,The Bruery,12.8%,Stout - Imperial / Double,Bottle 750ml,"€ 46,65 per litre"
Parley Porter,"€ 34,99",United States,4.09,The Bruery,11.4%,Porter - Imperial / Double,Bottle 750ml,"€ 46,65 per litre"
Omega,"€ 2,89",Belgium,3.66,Brouwerij Alvinne,6%,Sour - Other,Bottle 330ml,"€ 8,76 per litre"
De Stemmingsmaker,"€ 3,60",Netherlands,3.51,Brewery42,6.7%,Belgian Dubbel,330ml,"€ 10,91 per litre"
Alderbastend Bennie Bang,"€ 3,40",Netherlands,3.47,Alderbastend Bieren,6.9%,IPA - Other,330ml,"€ 10,30 per litre"
Alderbastend Frisse Vlegel,"€ 4,40",Netherlands,3.42,Alderbastend Bieren,5.8%,IPA - New England / Hazy,330ml,"€ 13,33 per litre"
Alderbastend Jolige Jopie,"€ 3,20",Netherlands,3.33,Alderbastend Bieren,6.4%,Blonde / Golden Ale - Other,330ml,"€ 9,70 per litre"
De Aftrapper,"€ 2,95",Netherlands,3.28,Brewery42,5.5%,Lager - Munich Dunkel,330ml,"€ 8,94 per litre"
Delirium Nocturnum,"€ 5,80",Belgium,3.76,Delirium - Huyghe Brewery,8.5%,Belgian Strong Dark Ale,Bottle 330ml,"€ 17,58 per litre"
St. Bernardus Prior 8,"€ 4,70",Belgium,3.70,Brouwerij St.Bernardus,8%,Belgian Dubbel,Bottle 330ml,"€ 14,24 per litre"
Fourchette,"€ 3,10",Belgium,3.71,Brouwerij Van Steenberge,7.5%,Belgian Tripel,330ml,"€ 9,39 per litre"
24736 Master Ipa,"€ 2,70",Belgium,3.61,Beerdevelopment Viven,7%,IPA - American,330ml,"€ 8,18 per litre"
Averbode Abdij,"€ 2,60",Belgium,3.57,Huisbrouwerij Averbode,7.5%,Belgian Strong Golden Ale,330ml,"€ 7,88 per litre"
Bon Secours Blonde Tradition,"€ 6,99",Belgium,3.42,Brasserie Caulier,8%,Belgian Strong Golden Ale,330ml,"€ 7,88 per litre"
Tilquin Oude Gueuze Tilquin Cuvée Jean-François 1759,"€ 15,68",Belgium,4.32,Gueuzerie Tilquin,7.3%,Lambic - Gueuze,Bottle 750ml,"€ 20,91 per litre"
Double Dive,"€ 4,98",Hungary,3.70,Fehér Nyúl,8.2%,IPA - Cold,330ml,"€ 15,09 per litre"
Papegaei,"€ 9,50",Belgium,3.60,Brouwerij Verstraete,8%,Belgian Strong Golden Ale,Bottle 750ml,"€ 12,67 per litre"
Haagsche Broeder Black Sour Marsala BA,"€ 14,95",Netherlands,3.87,Kloosterbrouwerij Haagsche Broeder,10%,Sour - Other,Bottle 750ml,"€ 19,93 per litre"
It Takes Two,"€ 5,99",Netherlands,4.07,Moersleutel Craft Brewery,12%,Stout - Imperial / Double,Can 440ml,"€ 13,61 per litre"
Tennessee Dice Roller,"€ 7,90",Hungary,4.05,Mad Scientist,12.5%,Stout - Imperial / Double,330ml,"€ 23,94 per litre"
Nut Oil Rigger,"€ 6,50",Netherlands,4.02,Moersleutel Craft Brewery,11%,Stout - Imperial / Double,Can 440ml,"€ 14,77 per litre"
CYCT Momentum,"€ 6,75",Netherlands,4.00,Moersleutel Craft Brewery,8%,IPA - Imperial / Double New England / Hazy,Can 440ml,"€ 15,34 per litre"
Abt 12 Quadrupel,"€ 8,15",Belgium,4.00,Brouwerij St.Bernardus,10%,Belgian Quadrupel,Bottle 750ml,"€ 10,87 per litre"
Triple Hazy Jane Imperial New England IPA,"€ 4,85",New Zealand,3.81,Urbanaut Brewing,14.9%,IPA - Triple New England / Hazy,Can 440ml,"€ 11,02 per litre"
Liberty Ale,"€ 2,95",United States,3.48,Anchor Brewing Company,5.9%,IPA - American,355ml,"€ 8,31 per litre"
Fun Alcoholvrij Lager,"€ 1,15",Germany,2.57,Friesisches Brauhaus zu Jever,0.3%,Non-Alcoholic - Lager,330ml,"€ 3,48 per litre"
Siluro Imperial Baltic Porter,"€ 5,99",Spain,3.88,Cierzo Brewing Co.,10%,Porter - Imperial / Double Baltic,330ml,"€ 18,15 per litre"
Back To Black Imperial Stout,"€ 6,99",Spain,3.83,Cierzo Brewing Co./ HomoSibaris,9%,Stout - Imperial / Double,Can 440ml,"€ 15,89 per litre"
Hof Ten Dormaal Lost Bunker,"€ 4,79",Belgium,3.68,Brouwerij Hof ten Dormaal,12%,Belgian Strong Golden Ale,330ml,"€ 14,52 per litre"
Juicy Drip NEIPA,"€ 4,40",Netherlands,3.63,Mister Hop,6.3%,IPA - New England / Hazy,330ml,"€ 13,33 per litre"
Verboden Blond,"€ 4,25",Netherlands,3.47,Mister Hop,5.5%,Belgian Blonde,330ml,"€ 12,88 per litre"
Aupa Tovarisch Armagnac BA,"€ 7,60",Spain,4.20,Laugar Brewery,12%,Stout - Imperial / Double,330ml,"€ 23,03 per litre"
AUPA TOVARISCH OLOROSO BARREL AGED,"€ 7,10",Spain,3.91,Laugar Brewery,12%,Stout - Russian Imperial,330ml,"€ 21,52 per litre"
LSB 2022,"€ 5,90",Spain,3.89,Laugar Brewery,10%,Barleywine - Other,330ml,"€ 17,88 per litre"
Olive & Scarlet (CD 30 Jan 24),"€ 14,95",United States,4.37,Fidens Brewing Co,7.9%,IPA - Imperial / Double New England / Hazy,330ml,"€ 17,88 per litre"
Black Aggie Mexican Cake,"€ 39,99",United States,4.28,Hidden Springs Ale Works,13%,Stout - Imperial / Double,500ml,"€ 79,98 per litre"
Lord Jim,"€ 47,99",United States,4.46,Schramm's Mead,14%,Mead - Metheglin,Bottle 375ml,"€ 127,97 per litre"
Vice,"€ 38,99",United States,4.41,Millpond Brewing,13%,Stout - Imperial / Double,500ml,"€ 77,98 per litre"
Devil's Heart Of Gold 2023,"€ 49,99",United States,4.38,Perennial Artisan Ales,14.4%,Wheat Beer - Wheat Wine,Bottle 750ml,"€ 66,65 per litre"
Flavortron,"€ 29,99",United States,4.37,Transient Artisan Ales,14.5%,Stout - Imperial / Double Pastry,500ml,"€ 59,98 per litre"
Blasphemy,"€ 24,99",Greece,4.37,Seven Island Brewery,12%,Stout - Imperial / Double,500ml,"€ 49,98 per litre"
Cham Towers,"€ 21,99",Brazil,4.37,Croma,12%,Stout - Imperial / Double Coffee,Bottle 375ml,"€ 58,64 per litre"
Ruins Of Tykal,"€ 22,99",Brazil,4.35,Croma,12%,Barleywine - Other,Bottle 375ml,"€ 61,31 per litre"
Stuf't,"€ 17,50",United States,4.34,Prairie Artisan Ales,14.8%,Stout - Imperial / Double Pastry,355ml,"€ 49,30 per litre"
Gemini Circle The Wagons,"€ 9,95",United States,4.34,Mortalis Brewing Company,7%,Sour - Smoothie / Pastry,473ml,"€ 21,04 per litre"
On The Table,"€ 22,99",Brazil,4.33,Croma,12%,Stout - Imperial / Double,Bottle 375ml,"€ 61,31 per litre"
Do It For The Graham 2022,"€ 35,99",United States,4.33,Hidden Springs Ale Works,12%,Stout - Imperial / Double Pastry,500ml,"€ 71,98 per litre"
Castles Of Gondar,"€ 22,99",Brazil,4.32,Croma,12%,Stout - Imperial / Double,Bottle 375ml,"€ 61,31 per litre"
Barrel Aged Then You Roast the Mallow 2023,"€ 49,99",United States,4.32,Perennial Artisan Ales,13.4%,Stout - Imperial / Double Pastry,Bottle 750ml,"€ 66,65 per litre"
Grey Monday 2021,"€ 38,99",United States,4.30,The Bruery,19%,Stout - Imperial / Double,Bottle 750ml,"€ 51,99 per litre"
In Between Dreams,"€ 35,99",United States,4.30,Hidden Springs Ale Works,12%,Stout - Imperial / Double,500ml,"€ 71,98 per litre"
Split Scrape and Pastry,"€ 27,50",United States,4.30,Transient Artisan Ales,14.5%,Stout - Imperial / Double,500ml,"€ 55,00 per litre"
Paragon 2022,"€ 18,99",Norway,4.30,LERVIG,14.4%,Barleywine - Other,Bottle 375ml,"€ 50,64 per litre"
Bomb!,"€ 12,00",United States,4.29,Prairie Artisan Ales,13%,Stout - Imperial / Double Coffee,355ml,"€ 33,80 per litre"
Tree of Knowledge,"€ 7,50",United States,4.29,Electric Brewing Company,10%,IPA - Triple New England / Hazy,473ml,"€ 15,86 per litre"
Soul of the World,"€ 7,50",United States,4.29,Electric Brewing Company,10%,IPA - Triple New England / Hazy,473ml,"€ 15,86 per litre"
Dessert Station: Intangible,"€ 9,95",United States,4.29,Corporate Ladder Brewing Company,6.5%,Gluten-Free,473ml,"€ 21,04 per litre"
"If Not Now, When?","€ 49,99",United States,4.28,Perennial Artisan Ales,13.9%,Stout - Imperial / Double,Bottle 750ml,"€ 66,65 per litre"
French Toast Brunch 2023,"€ 17,50",United States,4.28,Prairie Artisan Ales,12.6%,Stout - Imperial / Double Pastry,355ml,"€ 49,30 per litre"
Unglaciated,"€ 21,99",United States,4.28,Jackie O's Brewery,13.2%,Stout - Imperial / Double,355ml,"€ 61,94 per litre"
Mango Habanero Margarita,"€ 12,50",United States,4.27,Corporate Ladder Brewing Company,6.5%,Gluten-Free,473ml,"€ 26,43 per litre"
Vanilla Bean Abraxas 2023,"€ 28,00",United States,4.26,Perennial Artisan Ales,10.5%,Stout - Imperial / Double,Bottle 750ml,"€ 37,33 per litre"
Tiki Sour: Pina Colada,"€ 9,99",United States,4.26,Corporate Ladder Brewing Company,8.5%,Gluten-Free,473ml,"€ 21,12 per litre"
Yesternight Coconut And Hazelnut,"€ 19,99",United States,4.26,Belleflower Brewing,13.5%,Stout - Imperial / Double Pastry,500ml,"€ 39,98 per litre"
Espresso Marty,"€ 17,50",United States,4.26,Prairie Artisan Ales,15.2%,Stout - Imperial / Double Coffee,355ml,"€ 49,30 per litre"
Inflammable Means Flammable?!,"€ 26,50",United States,4.25,Transient Artisan Ales,12.5%,Stout - Imperial / Double,500ml,"€ 53,00 per litre"
Razzle Dazzle 2023,"€ 17,50",United States,4.25,Prairie Artisan Ales,13%,Stout - Imperial / Double Pastry,355ml,"€ 49,30 per litre"
Elementary Spirits,"€ 7,50",United States,4.24,Electric Brewing Company,8.5%,IPA - Imperial / Double New England / Hazy,473ml,"€ 15,86 per litre"
Vanilla Awn,"€ 38,99",United States,4.24,Millpond Brewing,12.7%,Barleywine - Other,500ml,"€ 77,98 per litre"
Potable Gold,"€ 7,50",United States,4.24,Electric Brewing Company,8.5%,IPA - Imperial / Double,473ml,"€ 15,86 per litre"
Indulge Me 2023,"€ 17,50",United States,4.23,Prairie Artisan Ales,14.9%,Stout - Imperial / Double Pastry,355ml,"€ 49,30 per litre"
BA Swiss Federal Stout 2023,"€ 8,99",Switzerland,4.22,Hoppy People,15.4%,Stout - Imperial / Double,330ml,"€ 27,24 per litre"
Cookies & Cream Pop,"€ 24,99",United States,4.21,Equilibrium Brewery,11%,Stout - Imperial / Double Pastry,500ml,"€ 49,98 per litre"
Peanut Butter Stay Puft 2022,"€ 22,50",United States,4.20,Barreled Souls Brewing Company,12%,Stout - Imperial / Double,500ml,"€ 45,00 per litre"
Ground Zero,"€ 23,99",United States,4.20,False Idol Brewing,13%,Stout - Imperial / Double,473ml,"€ 50,72 per litre"
Barrel Friends Forever,"€ 5,75",Netherlands,4.19,Brouwerij Frontaal,11%,Barleywine - American,330ml,"€ 17,42 per litre"
Nowhere To Be,"€ 25,99",United States,4.19,Civil Society Brewing,11%,Stout - Imperial / Double Pastry,500ml,"€ 51,98 per litre"
Wavy Dave's,"€ 22,50",United States,4.18,Barreled Souls Brewing Company,12.6%,Stout - Imperial / Double,500ml,"€ 45,00 per litre"
Krampus Brandy Barrel Aged,"€ 24,99",England,4.18,Tartarus Beers,12.2%,Porter - Imperial / Double,Bottle 750ml,"€ 33,32 per litre"
Gate No 5 2023,"€ 8,50",Poland,4.18,Maltgarden,10.5%,Stout - Imperial / Double,330ml,"€ 25,76 per litre"
Biermeisje Barrels Abonnement,"€ 38,00",Netherlands,4.18,Brouwerij 't Meuleneind,11%,Belgian Quadrupel,Bottle 375ml,"€ 101,33 per litre"
Elusive,"€ 8,00",United States,4.18,Vitamin Sea Brewing,6.8%,IPA - New England / Hazy,473ml,"€ 16,91 per litre"
Cincovery,"€ 16,99",Canada,4.17,Nano Cinco,11.5%,Stout - Imperial / Double,500ml,"€ 33,98 per litre"
Barrel Series 018,"€ 10,99",Sweden,4.17,Nerdbrewing,11%,Stout - Imperial / Double Milk,330ml,"€ 33,30 per litre"
Seven Deadly Sins Wrath,"€ 9,99",United States,4.17,Imprint Beer Co.,12%,Stout - Imperial / Double Pastry,473ml,"€ 21,12 per litre"
Deep Frozen Triple Gelato: Verde,"€ 13,99",Poland,4.16,Funky Fluid,13%,Freeze-Distilled Beer,330ml,"€ 42,39 per litre"
Sea The Lights,"€ 8,00",United States,4.16,Vitamin Sea Brewing,7.3%,IPA - New England / Hazy,473ml,"€ 16,91 per litre"
"Yesterday, Today and Tomorrow","€ 8,99",United States,4.16,Finback Brewery,8.5%,IPA - Imperial / Double New England / Hazy,473ml,"€ 19,01 per litre"
Whale Parking,"€ 8,00",United States,4.16,Finback Brewery,8.2%,IPA - Imperial / Double New England / Hazy,473ml,"€ 16,91 per litre"
Blackberry Jam Stay Puft 2022,"€ 22,50",United States,4.15,Barreled Souls Brewing Company,12%,Stout - Imperial / Double,500ml,"€ 45,00 per litre"
Pieces For Days,"€ 22,50",United States,4.15,Barreled Souls Brewing Company,12.8%,Stout - Imperial / Double,500ml,"€ 45,00 per litre"
"The Saviour of the Broken, the Beaten and the Damned","€ 8,50",England,4.15,Low Key Barrel Project,11%,Stout - Imperial / Double Pastry,Can 440ml,"€ 19,32 per litre"
Dark Seven,"€ 8,50",Romania,4.14,Bereta Brewing Co.,11.5%,Stout - Imperial / Double,330ml,"€ 25,76 per litre"
Raver Baker BA Wild Turkey,"€ 9,75",Romania,4.14,Blackout Brewing,11%,Stout - Imperial / Double Milk,330ml,"€ 29,55 per litre"
V For Vanilla Tahitian,"€ 22,50",United States,4.14,Barreled Souls Brewing Company,11%,Stout - Imperial / Double,500ml,"€ 45,00 per litre"
5th Anniversary,"€ 12,99",Poland,4.13,Funky Fluid,18%,Porter - Imperial / Double Baltic,330ml,"€ 39,36 per litre"
Port Inner Space,"€ 22,99",United States,4.13,Barreled Souls Brewing Company,13.1%,Stout - Imperial / Double,500ml,"€ 45,98 per litre"
The Other Side of Despair,"€ 25,00",United States,4.11,Imprint Beer Co.,14.5%,Strong Ale - American,500ml,"€ 50,00 per litre"
THE Beer,"€ 9,99",England,4.11,Buxton Brewery,11%,Stout - Imperial / Double Pastry,330ml,"€ 30,27 per litre"
Firestarter,"€ 5,75",Netherlands,4.11,Moersleutel Craft Brewery,11%,Stout - Imperial / Double Pastry,Can 440ml,"€ 13,07 per litre"
Barrel Aged Ice Scream,"€ 22,99",United States,4.11,False Idol Brewing,14%,Stout - Imperial / Double,473ml,"€ 48,60 per litre"
Lucky Tonka S'mores,"€ 5,99",Netherlands,4.10,Moersleutel Craft Brewery,11%,Stout - Imperial / Double Pastry,Can 440ml,"€ 13,61 per litre"
Seven Deadly Sins Pride,"€ 9,99",United States,4.09,Imprint Beer Co.,12%,Stout - Imperial / Double Pastry,473ml,"€ 21,12 per litre"
Halve Tamme / Klere Boght- Abellanis,"€ 8,99",Netherlands,4.09,Brouwerij Halve Tamme,9.4%,Porter - Baltic,Bottle 375ml,"€ 23,97 per litre"
Cosmic Wonder Bird,"€ 6,99",Netherlands,4.09,Moersleutel Craft Brewery,12%,Stout - Imperial / Double Pastry,Can 440ml,"€ 15,89 per litre"
Paracasa,"€ 8,99",Italy,4.08,CRAK Brewery,13%,Stout - Imperial / Double,Bottle 375ml,"€ 23,97 per litre"
Simulation,"€ 9,00",United States,4.08,Spyglass Brewing Company,7%,IPA - New England / Hazy,473ml,"€ 19,03 per litre"
Made By Human,"€ 7,99",Italy,4.08,Ritual Lab,12.5%,Barleywine - Other,330ml,"€ 24,21 per litre"
Choco Loco Nuts,"€ 9,25",Finland,4.07,Salama Brewing Company,11%,Stout - Imperial / Double Pastry,Can 440ml,"€ 21,02 per litre"
Gate No 4 2023,"€ 8,50",Poland,4.06,Maltgarden,10.5%,Stout - Imperial / Double Pastry,330ml,"€ 25,76 per litre"
Peach Overtime,"€ 9,50",United States,4.06,Corporate Ladder Brewing Company,6.5%,Gluten-Free,473ml,"€ 20,08 per litre"
Tiki Sour: Banana Pina Colada,"€ 12,50",United States,4.05,Corporate Ladder Brewing Company,8.5%,Gluten-Free,473ml,"€ 26,43 per litre"
Breakfast Time Is Relative,"€ 24,99",United States,4.05,Equilibrium Brewery,11%,Stout - Imperial / Double Coffee,500ml,"€ 49,98 per litre"
Piece of Cake BA #1,"€ 6,95",Netherlands,4.02,Brouwerij Frontaal,12%,Stout - Imperial / Double Pastry,330ml,"€ 21,06 per litre"
Caramel Fudge Stout BA Grape Brandy,"€ 4,50",Netherlands,4.01,Brouwerij Kees,11%,Stout - Imperial / Double Pastry,330ml,"€ 13,64 per litre"
Divination BA Midleton Very Rare,"€ 9,25",Romania,4.01,Blackout Brewing,11%,Barleywine - American,330ml,"€ 28,03 per litre"
Broward County Brand Barleywine,"€ 37,99",United States,4.01,3 Sons Brewing Co.,13.9%,Barleywine - English,Bottle 375ml,"€ 101,31 per litre"
Async,"€ 7,50",Sweden,4.00,Nerdbrewing,10%,Stout - Imperial / Double,330ml,"€ 22,73 per litre"
Blue Straggler,"€ 5,85",Spain,4.00,Garage Beer Co.,11%,Stout - Imperial / Double,Can 440ml,"€ 13,30 per litre"
Smoking Souls,"€ 24,99",United States,3.99,The Bruery,14.6%,Barleywine - American,Bottle 375ml,"€ 66,64 per litre"
Sticky Clouds,"€ 5,25",Poland,3.98,Funky Fluid,8.1%,IPA - Imperial / Double New England / Hazy,500ml,"€ 10,50 per litre"
Sacrilicious,"€ 26,50",United States,3.97,Transient Artisan Ales,12.5%,Stout - Imperial / Double,500ml,"€ 53,00 per litre"
True,"€ 7,50",Sweden,3.97,Nerdbrewing,11.5%,Porter - Imperial / Double,330ml,"€ 22,73 per litre"
False,"€ 7,50",Sweden,3.96,Nerdbrewing,12%,Stout - Imperial / Double,330ml,"€ 22,73 per litre"
Greatest Fear,"€ 6,99",France,3.94,Prizm Brewing Co.,11%,Stout - Imperial / Double,Can 440ml,"€ 15,89 per litre"
Jablko na Miodzie,"€ 25,99",Poland,3.92,Augustowska Miodosytnia,12%,Mead - Cyser,Bottle 750ml,"€ 34,65 per litre"
Maple Whip,"€ 19,99",United States,3.91,Equilibrium Brewery,11%,Stout - Imperial / Double Pastry,500ml,"€ 39,98 per litre"
Applescotch Crisp,"€ 36,99",United States,3.90,The Bruery,15.1%,Old / Stock Ale,Bottle 750ml,"€ 49,32 per litre"
Messy,"€ 4,25",Poland,3.88,Funky Fluid,6.3%,IPA - New England / Hazy,500ml,"€ 8,50 per litre"
Liquid Christmas 2YR BA,"€ 7,50",Netherlands,3.85,Big Belly Brewing Company,12.5%,Belgian Quadrupel,330ml,"€ 22,73 per litre"
Worth the Squeeze: Watermelon Lemonade,"€ 12,50",United States,3.79,Corporate Ladder Brewing Company,5%,Gluten-Free,473ml,"€ 26,43 per litre"
400 Volt Caol Ila,"€ 5,99",Netherlands,3.77,100 Watt Brewery,10%,Stout - Russian Imperial,330ml,"€ 18,15 per litre"
MMXXX,"€ 2,99",Scotland,3.75,BrewDog,10%,Barleywine - American,330ml,"€ 9,06 per litre"
Kessel Run,"€ 6,90",England,3.68,Emperor's Brewery,13.1%,Porter - Imperial / Double,330ml,"€ 20,91 per litre"
Cinnamon Roll,"€ 3,99",Netherlands,3.66,Brouwerij Kees,11.7%,Stout - Imperial / Double Pastry,330ml,"€ 12,09 per litre"
Death Swings a Scythe,"€ 7,50",United States,3.65,Electric Brewing Company,5%,Lager - Helles,473ml,"€ 15,86 per litre"
Nozem,"€ 16,00",Netherlands,3.59,Brouwerij de Eeuwige Jeugd,6.5%,IPA - American,473ml,"€ 15,86 per litre"
Koko Nuts,"€ 5,00",Spain,3.56,Basqueland Brewing,6.1%,Sour - Fruited,Can 440ml,"€ 11,36 per litre"
Grand Poisson,"€ 4,30",Netherlands,3.55,Dutch Bargain,4%,Pale Ale - New England / Hazy,330ml,"€ 13,03 per litre"
Biermeisje Barrels Three,"€ 9,50",Netherlands,3.52,Brouwerij Holevoort,10.9%,Belgian Tripel,Bottle 375ml,"€ 25,33 per litre"
Endeavour,"€ 4,15",Netherlands,3.51,Dutch Bargain,4.8%,IPA - English,330ml,"€ 12,58 per litre"
Non-Alc Hazy IPA,"€ 4,99",Canada,3.42,Harmon's Craft Brewing,0.5%,Non-Alcoholic - IPA,355ml,"€ 14,06 per litre"
Non-Alc Pale Ale,"€ 4,99",Canada,3.39,Harmon's Craft Brewing,0.5%,Non-Alcoholic - Pale Ale,355ml,"€ 14,06 per litre"
Balthazar (Old Ale),"€ 3,50",Netherlands,3.36,Beerze,7.5%,Old / Stock Ale,330ml,"€ 10,61 per litre"
Riesling Grapeale 2023,"€ 16,95",Germany,4.04,orca brau,6.5%,Grape Ale - Other,Bottle 750ml,"€ 22,60 per litre"
Tripel Karmeliet,"€ 2,90",Belgium,3.99,Brouwerij Bosteels,8.4%,Belgian Tripel,330ml,"€ 8,79 per litre"
Disko Imperial Stout,"€ 11,30",Estonia,4.11,Põhjala,12.5%,Stout - Imperial / Double,330ml,"€ 34,24 per litre"
Authentic Strawberry Lambic,"€ 29,37",Belgium,3.83,Bobbi Brewery,6.6%,Lambic - Fruit,Bottle 750ml,"€ 39,16 per litre"
Art Nouveau Geuze,"€ 22,89",Belgium,3.62,Bobbi Brewery,6.8%,Lambic - Gueuze,Bottle 750ml,"€ 30,52 per litre"
Huyghe Delirium Tremens Strong Blond,"€ 3,99",Belgium,3.85,Delirium - Huyghe Brewery,8.5%,Belgian Strong Golden Ale,330ml,"€ 12,09 per litre"
Maisel & Friends West Coast IPA,"€ 2,29",Germany,3.63,Brauerei Gebr. Maisel,6.6%,IPA - American,330ml,"€ 6,94 per litre"
Lauterbacher Brotzeit Bier Hell,"€ 2,19",Germany,3.49,Brauhaus Riegele,5.1%,Lager - Helles,500ml,"€ 4,38 per litre"
Superfreunde Hell,"€ 3,49",Germany,3.49,SUPERFREUNDE/ Welde Braumanufaktur,5.2%,Lager - Helles,500ml,"€ 6,98 per litre"
Bio IPA,"€ 3,49",Germany,3.16,Finne Brauerei,2.5%,Shandy / Radler,330ml,"€ 10,58 per litre"
Orca Brau Riesling Grapeale 2023,"€ 19,99",Germany,4.04,orca brau,6.5%,Grape Ale - Other,Bottle 750ml,"€ 26,65 per litre"
Orca Brau Regent Grapeale 2023,"€ 19,99",Germany,3.95,orca brau,6.5%,Grape Ale - Other,Bottle 750ml,"€ 26,65 per litre"
Sako Oude Geuze Adelaar,"€ 8,35",Belgium,3.85,Brouwerij-Stokerij Sako,6.5%,Lambic - Gueuze,Bottle 750ml,"€ 11,13 per litre"
Weissbier Dunkel,"€ 5,30",Germany,3.57,Erdinger Weissbräu,5.3%,Wheat Beer - Dunkelweizen,Bottle 500ml,"€ 10,60 per litre"
Schorschbock Ice 20,"€ 21,90",Germany,3.54,Schorschbräu,20%,Bock - Eisbock,330ml,"€ 66,36 per litre"
Cider Classic Apple,"€ 2,50",Germany,3.49,BRLO,4.5%,Cider - Traditional / Apfelwein,330ml,"€ 7,58 per litre"
Adler Bräu Tonkrug,"€ 9,90",Germany,3.47,Schwarzer Adler Bräu Stettfeld,5.2%,Lager - Vienna,500ml,"€ 19,80 per litre"
Klaus,"€ 5,90",Italy,3.43,Karma,8%,Winter Ale,330ml,"€ 17,88 per litre"
Muttis Sonnenschein Willibecher,"€ 2,50",Germany,3.40,Braumanufaktur Hertl,4.9%,Lager - Helles,300ml,"€ 8,33 per litre"
Happy Pils,"€ 2,30",Germany,3.36,BRLO,4.9%,Pilsner - Other,330ml,"€ 6,97 per litre"
Lemon Ale,"€ 5,50",Italy,3.33,Karma,5.5%,Wheat Beer - Witbier / Blanche,330ml,"€ 16,67 per litre"
Radler Hell,"€ 2,00",Germany,3.21,Brauerei Kundmüller,2.4%,Shandy / Radler,500ml,"€ 4,00 per litre"
Saurer Franke,"€ 5,10",Germany,2.85,Braumanufaktur Hertl,7%,Grape Ale - Other,330ml,"€ 15,45 per litre"
Cuvee 31 – Saison Orange – Barrel Aged Farmhouse Ale,"€ 16,95",France,4.05,Les Intenables - Craft Beer -,9.6%,Farmhouse Ale - Saison,Bottle 750ml,"€ 22,60 per litre"
Cuvée 31 – Barrel Aged Saison Rhabarber,"€ 16,45",France,4.05,Les Intenables - Craft Beer -,5%,Farmhouse Ale - Saison,Bottle 750ml,"€ 21,93 per litre"
Organic Chocolate Stout,"€ 4,49",England,4.04,Samuel Smith,5%,Stout - Other,355ml,"€ 12,65 per litre"
Porter Bałtycki,"€ 3,10",Poland,3.62,Browar Zamkowy Cieszyn,9.8%,Porter - Baltic,Bottle 500ml,"€ 6,20 per litre"
Wild#18 Mixed Fermentation Piquette Saison,"€ 7,00",Poland,3.72,Browar Stu Mostów,5.8%,Farmhouse Ale - Saison,Bottle 375ml,"€ 18,67 per litre"
Death By C.C.C.,"€ 7,11",England,4.17,Siren Craft Brew,10%,Stout - Imperial / Double Milk,330ml,"€ 21,55 per litre"
Metropolis,"€ 5,49",Spain,3.83,Caleya,7.5%,IPA - Imperial / Double New England / Hazy,Can 440ml,"€ 12,48 per litre"
Zeppelin,"€ 4,95",Spain,3.78,Caleya,6.5%,IPA - American,Can 440ml,"€ 11,25 per litre"
DEATH WINGS – Heavy Metal Series II,"€ 6,50",Germany,3.77,Schwarze Rose,6%,IPA - Black / Cascadian Dark Ale,Can 440ml,"€ 14,77 per litre"
FRUIT OF HELL – Heavy Metal Series IV,"€ 6,50",Germany,3.69,Schwarze Rose,9%,Stout - Imperial / Double Pastry,Can 440ml,"€ 14,77 per litre"
Heart & Soul,"€ 2,80",England,3.61,Vocation Brewery,4.4%,IPA - Session,330ml,"€ 8,48 per litre"
De Oude Cam: Oude Geuze 2017,"€ 28,50",Belgium,4.18,Geuzestekerij De Cam,6%,Lambic - Gueuze,Bottle 750ml,"€ 38,00 per litre"
Horst – Brown  Ale,"€ 3,45",Germany,3.56,Braukollektiv,6.2%,Brown Ale - American,330ml,"€ 10,45 per litre"
Off the Rack Australian Dark Rum 2022 by Rackhouse,"€ 20,90",Norway,4.35,LERVIG,14.4%,Stout - Imperial / Double,Bottle 375ml,"€ 55,73 per litre"
Paragon 2022 By Rackhouse,"€ 20,90",Norway,4.30,LERVIG,14.4%,Barleywine - Other,Bottle 375ml,"€ 55,73 per litre"
Ginger Gueuze,"€ 14,70",Belgium,3.70,Brouwerij Lindemans,6%,Lambic - Gueuze,Bottle 750ml,"€ 19,60 per litre"
Bottle Logic Red Eye November - 2023,"€ 38,99",United States,4.36,Bottle Logic Brewing,15.3%,Stout - Imperial / Double Coffee,Bottle 750ml,"€ 19,60 per litre"
Bottle Logic Darkstar November - 2023,"€ 37,99",United States,4.36,Bottle Logic Brewing,15.3%,Stout - Imperial / Double,500ml,"€ 75,98 per litre"
Bottle Logic Scatter Signal - 2022,"€ 39,99",United States,4.35,Bottle Logic Brewing,12%,Stout - Imperial / Double Pastry,500ml,"€ 79,98 per litre"
Bottle Logic Scramjet - 2023,"€ 39,99",United States,4.26,Bottle Logic Brewing,15.3%,Stout - Imperial / Double,500ml,"€ 79,98 per litre"
Liberty Stoutwich (2021),"€ 47,50",United States,4.35,The Bruery,18.3%,Stout - Imperial / Double,500ml,"€ 79,98 per litre"
Abraxas (2023),"€ 31,95",United States,4.31,Perennial Artisan Ales,10.5%,Stout - Imperial / Double,Bottle 750ml,"€ 42,60 per litre"
Vanilla Bean Abraxas (2023),"€ 36,00",United States,4.26,Perennial Artisan Ales,10.5%,Stout - Imperial / Double,Bottle 750ml,"€ 48,00 per litre"
Bottle Logic Psychokinetic Energy - 2023,"€ 39,99",United States,4.37,Bottle Logic Brewing,13.33%,Barleywine - English,500ml,"€ 79,98 per litre"
Bottle Logic Shaded Sentry - 2023,"€ 39,99",United States,4.30,Bottle Logic Brewing,14.21%,Stout - Imperial / Double,500ml,"€ 79,98 per litre"
Brasserie Du Bocq Deugniet,"€ 2,65",Belgium,3.53,Brasserie du Bocq,7.5%,Belgian Strong Golden Ale,500ml,"€ 79,98 per litre"
Popstar - Gluten Free Ipa,"€ 5,25",Hungary,3.52,Mad Scientist,6%,Gluten-Free,500ml,"€ 79,98 per litre"
Noa Pecan Mud Cake Basil Hayden,"€ 16,95",Sweden,4.36,Omnipollo,14%,Stout - Imperial / Double Pastry,330ml,"€ 51,36 per litre"
Côtes d'Armor,"€ 6,34",Germany,4.04,Kehrwieder Kreativbrauerei,11%,Stout - Imperial / Double,330ml,"€ 19,21 per litre"
Mash Test Yummies BA 2023,"€ 8,15",Denmark,4.22,To Øl,11.8%,Stout - Imperial / Double Pastry,330ml,"€ 24,70 per litre"
Schorschweizen Eisbock 20% – Steinoptik,"€ 19,95",Germany,3.93,Schorschbräu,20%,Bock - Eisbock,330ml,"€ 60,45 per litre"
Blonde Imperial Brut Ale – Steinoptik,"€ 14,95",Germany,3.79,Schorschbräu,14%,Blonde / Golden Ale - Other,330ml,"€ 45,30 per litre"
Eisbock 20% – Steinbock,"€ 18,95",Germany,3.46,Schorschbräu,20%,Bock - Eisbock,330ml,"€ 57,42 per litre"
Kriek Ale – Forbidden Fruits  in Bavarian Paradise – Steinoptik,"€ 12,95",Germany,3.27,Schorschbräu,15.16%,Lambic - Kriek,330ml,"€ 39,24 per litre"
Oude Geuze,"€ 9,17",Belgium,3.75,Brouwerij Kestemont,6%,Lambic - Gueuze,Bottle 375ml,"€ 24,45 per litre"
St Bernardus Tripel,"€ 4,40",Belgium,3.75,Brouwerij St.Bernardus,7.5%,Belgian Tripel,330ml,"€ 13,33 per litre"
Oude Kriek (season 19|20) Blend No. 16,"€ 18,99",Belgium,4.30,Brouwerij 3 Fonteinen,7%,Lambic - Kriek,Bottle 750ml,"€ 25,32 per litre"
Intens Rood (season 19|20) Blend No. 78,"€ 29,99",Belgium,4.28,Brouwerij 3 Fonteinen,7%,Lambic - Kriek,Bottle 750ml,"€ 25,32 per litre"
Oude Kriek PX Geturfd (season 19|20) Blend No. 75,"€ 24,99",Belgium,4.21,Brouwerij 3 Fonteinen,7.3%,Lambic - Kriek,Bottle 750ml,"€ 25,32 per litre"
Wasschappels Blond,"€ 2,75",Netherlands,3.51,Brouwerij 't Meuleneind,5.9%,Belgian Blonde,330ml,"€ 8,33 per litre"
Saison Jane 5.5,"€ 2,89",Netherlands,3.35,Brouwerij Rodanum,5.5%,Farmhouse Ale - Saison,330ml,"€ 8,76 per litre"
Tallinn' Sweet Little Lies Amarone BA,"€ 5,95",Netherlands,3.84,100 Watt Brewery,8.5%,Porter - Baltic,330ml,"€ 18,03 per litre"
KlevereTien Irish Whiskey Infused,"€ 2,75",Belgium,3.70,Brouwerij Het Nest,10%,Belgian Strong Dark Ale,330ml,"€ 8,33 per litre"
La Cress,"€ 2,40",Belgium,3.37,La Cress,6.5%,Spiced / Herbed Beer,330ml,"€ 7,27 per litre"
Triporteur Vintage 2023 Belgian Oak,"€ 3,25",Belgium,3.65,BOMBrewery,9.2%,Belgian Strong Golden Ale,330ml,"€ 9,85 per litre"
Weihenstephaner Weissbier Hell,"€ 2,49",Germany,3.78,Bayerische Staatsbrauerei Weihenstephan,5.4%,Wheat Beer - Hefeweizen,500ml,"€ 4,98 per litre"
Gefeliciteerd Ouwe Lul,"€ 9,99",Netherlands,3.31,Brother Beer,6%,Belgian Blonde,Bottle 750ml,"€ 13,32 per litre"
Taddy Porter,"€ 5,45",England,3.67,Samuel Smith,5%,Porter - English,500ml,"€ 10,90 per litre"
Cascadian Tides Stout Non Alcoholic,"€ 3,65",Scotland,3.27,BRULO,5%,Non-Alcoholic - Porter / Stout,Can 330ml,"€ 11,06 per litre"
Rose de Gambrinus (2015) (subscriber only),"€ 16,00",Belgium,4.49,Brasserie Cantillon,5%,Lambic - Framboise,Bottle 375ml,"€ 42,67 per litre"
Rose de Gambrinus (2016),"€ 14,70",Belgium,4.45,Brasserie Cantillon,5%,Lambic - Framboise,Bottle 375ml,"€ 39,20 per litre"
Rose de Gambrinus (2017),"€ 14,70",Belgium,4.41,Brasserie Cantillon,5%,Lambic - Framboise,Bottle 375ml,"€ 39,20 per litre"
Rose de Gambrinus (2020),"€ 13,30",Belgium,4.32,Brasserie Cantillon,5%,Lambic - Framboise,Bottle 375ml,"€ 35,47 per litre"
Rose de Gambrinus (2021),"€ 12,00",Belgium,4.29,Brasserie Cantillon,5%,Lambic - Framboise,Bottle 375ml,"€ 32,00 per litre"
Rose de Gambrinus (2022),"€ 12,00",Belgium,4.27,Brasserie Cantillon,5%,Lambic - Framboise,Bottle 375ml,"€ 32,00 per litre"
Achel Superior Winter,"€ 8,15",Belgium,3.70,Brouwerij der Sint-Benedictusabdij De Achelse Kluis,9.5%,Winter Ale,Bottle 750ml,"€ 10,87 per litre"
Lady Cupcake,"€ 8,95",Finland,4.10,Factory Brewing,11.7%,Stout - Imperial / Double Pastry,Can 440ml,"€ 20,34 per litre"
Wally's Hazy Hideout,"€ 5,95",Netherlands,3.73,Rock City Brewing,6.5%,IPA - New England / Hazy,Can 440ml,"€ 13,52 per litre"
Blond Animal,"€ 3,95",Netherlands,3.54,Brouwerij Fusie,7.9%,Belgian Blonde,330ml,"€ 11,97 per litre"
Pie Eating Contest,"€ 6,25",Spain,4.11,Basqueland Brewing,11.2%,Stout - Imperial / Double Pastry,Can 440ml,"€ 14,20 per litre"
Tiramisu,"€ 6,25",Spain,4.10,Basqueland Brewing,10.8%,Stout - Imperial / Double Pastry,Can 440ml,"€ 14,20 per litre"
Intens Rood (season 16|17) Blend No. 35,"€ 34,99",Belgium,4.46,Brouwerij 3 Fonteinen,6.2%,Lambic - Kriek,Can 440ml,"€ 14,20 per litre"
Framboos Oogst 2017 (season 17|18) Blend No. 70,"€ 37,99",Belgium,4.46,Brouwerij 3 Fonteinen,5.1%,Lambic - Framboise,Can 440ml,"€ 14,20 per litre"
Hommage (season 17|18) Blend No. 90,"€ 37,99",Belgium,4.45,Brouwerij 3 Fonteinen,5.3%,Lambic - Fruit,Bottle 750ml,"€ 50,65 per litre"
Hommage Bio Frambozen (season 17|18) Blend No. 54,"€ 34,99",Belgium,4.42,Brouwerij 3 Fonteinen,6%,Lambic - Framboise,Bottle 750ml,"€ 50,65 per litre"
Oude Geuze Cuvée Armand & Gaston (season 19|20) Blend No. 5,"€ 24,99",Belgium,4.41,Brouwerij 3 Fonteinen,6.8%,Lambic - Gueuze,Bottle 750ml,"€ 50,65 per litre"
Hommage (season 16|17) Blend No. 36,"€ 34,99",Belgium,4.40,Brouwerij 3 Fonteinen,5%,Lambic - Framboise,Bottle 750ml,"€ 46,65 per litre"
Framboos Oogst 2019 (season 19|20) Blend No. 3,"€ 34,99",Belgium,4.37,Brouwerij 3 Fonteinen,6%,Lambic - Framboise,Bottle 750ml,"€ 46,65 per litre"
Druif/Kriek Dornfelder (season 21|22) Blend No. 28,"€ 34,99",Belgium,4.33,Brouwerij 3 Fonteinen,6.7%,Lambic - Fruit,Bottle 750ml,"€ 46,65 per litre"
Oude Geuze Cuvée Armand & Gaston (season 18|19) Blend No. 14,"€ 24,99",Belgium,4.31,Brouwerij 3 Fonteinen,7.3%,Lambic - Gueuze,Bottle 375ml,"€ 66,64 per litre"
Druif/Kriek Dornfelder (season 20|21) Blend No. 26,"€ 34,99",Belgium,4.30,Brouwerij 3 Fonteinen,6.7%,Lambic - Fruit,Bottle 750ml,"€ 46,65 per litre"
Oude Geuze Cuvée Armand & Gaston (season 18|19) Blend No. 68,"€ 22,99",Belgium,4.29,Brouwerij 3 Fonteinen,6.8%,Lambic - Gueuze,Bottle 750ml,"€ 30,65 per litre"
Druif Sangiovese (season 21|22) Blend No. 45,"€ 34,99",Belgium,4.29,Brouwerij 3 Fonteinen,7.9%,Lambic - Fruit,,
Intens Rood (season 19|20) Blend No. 79,"€ 29,99",Belgium,4.28,Brouwerij 3 Fonteinen,6.2%,Lambic - Kriek,,
Hommage (season 18|19) Blend No. 106,"€ 34,99",Belgium,4.28,Brouwerij 3 Fonteinen,5.3%,Lambic - Framboise,Bottle 750ml,"€ 46,65 per litre"
Hommage (season 19|20) Blend No. 12,"€ 34,99",Belgium,4.27,Brouwerij 3 Fonteinen,7.2%,Lambic - Framboise,Bottle 750ml,"€ 46,65 per litre"
Hommage Bio Frambozen (season 18|19) Blend No. 110,"€ 34,99",Belgium,4.27,Brouwerij 3 Fonteinen,8.8%,Lambic - Framboise,Bottle 750ml,"€ 46,65 per litre"
Oude Geuze Cuvée Armand & Gaston (season 18|19) Blend No. 48,"€ 21,99",Belgium,4.26,Brouwerij 3 Fonteinen,7%,Lambic - Gueuze,Bottle 750ml,"€ 29,32 per litre"
Druif Muscaris (season 21|22) Blend No. 23,"€ 31,99",Belgium,4.24,Brouwerij 3 Fonteinen,8.3%,Lambic - Fruit,Bottle 750ml,"€ 42,65 per litre"
Oude Geuze Cuvée Armand & Gaston (season 18|19) Blend No. 70,"€ 22,99",Belgium,4.24,Brouwerij 3 Fonteinen,6.5%,Lambic - Gueuze,Bottle 750ml,"€ 30,65 per litre"
Druif Souvignier Gris (season 20|21) Blend No. 50,"€ 34,99",Belgium,4.22,Brouwerij 3 Fonteinen,7.1%,Lambic - Fruit,Bottle 750ml,"€ 30,65 per litre"
Druif Spätburgunder (season 21|22) Blend No. 22,"€ 34,99",Belgium,4.21,Brouwerij 3 Fonteinen,7.9%,Lambic - Fruit,Bottle 750ml,"€ 46,65 per litre"
Druif Riesling (season 21|22) Blend No. 50,"€ 32,99",Belgium,4.20,Brouwerij 3 Fonteinen,8.3%,Lambic - Fruit,Bottle 750ml,"€ 43,99 per litre"
Braambes Oogst 2021 (season 21|22) Blend No. 16,"€ 28,99",Belgium,4.18,Brouwerij 3 Fonteinen,6.1%,Lambic - Fruit,Bottle 750ml,"€ 38,65 per litre"
Braambes Oogst 2021 (season 21|22) Blend No. 49,"€ 32,99",Belgium,4.18,Brouwerij 3 Fonteinen,6.1%,Lambic - Fruit,Bottle 750ml,"€ 43,99 per litre"
Oude Kriekenlambik (season 20|21) Blend No. 83,"€ 27,99",Belgium,4.16,Brouwerij 3 Fonteinen,6.2%,Lambic - Kriek,Bottle 750ml,"€ 43,99 per litre"
Framboos Oogst 2019 (season 18|19) Blend No. 109,"€ 32,99",Belgium,4.16,Brouwerij 3 Fonteinen,5.1%,Lambic - Framboise,Bottle 750ml,"€ 43,99 per litre"
Framboos Oogst 2019 (season 18|19) Blend No. 109,"€ 32,99",Belgium,4.16,Brouwerij 3 Fonteinen,5.1%,Lambic - Framboise,Bottle 750ml,"€ 43,99 per litre"
Druif Muscaris (season 20|21) Blend No. 16,"€ 35,99",Belgium,4.15,Brouwerij 3 Fonteinen,9.1%,Lambic - Fruit,Bottle 750ml,"€ 47,99 per litre"
Cuvée Miel (season 21|22) Blend No. 89,"€ 28,99",Belgium,4.14,Brouwerij 3 Fonteinen,8.9%,Lambic - Gueuze,Bottle 750ml,"€ 38,65 per litre"
Hagger Blend 1019 Pink,"€ 14,35",Austria,4.31,Brauhaus Bevog,12.2%,Barleywine - American,330ml,"€ 43,48 per litre"
Paracasa 2023,"€ 11,45",Italy,4.08,CRAK Brewery,12%,Stout - Imperial / Double,Bottle 375ml,"€ 30,53 per litre"
Barrel Aged Oh Nuts!,"€ 36,95",United States,4.35,Trillium Brewing Company,14.6%,Stout - Imperial / Double,500ml,"€ 73,90 per litre"
Druif (2022),"€ 29,95",Netherlands,4.27,Tommie Sjef,8.1%,Wild Ale - Other,Bottle 750ml,"€ 39,93 per litre"
Sprøng,"€ 29,95",Netherlands,4.18,Tommie Sjef,7.1%,Wild Ale - Other,Bottle 750ml,"€ 39,93 per litre"
Saaz,"€ 29,95",Netherlands,4.12,Tommie Sjef,6.8%,Wild Ale - Other,Bottle 750ml,"€ 39,93 per litre"
Smöke – Barrel Aged Smoked Wild Ale – Collab Sibeeria – Birds Fly – Westbound & Down,"€ 23,95",Germany,3.55,Freigeist Bierkultur,6%,Wild Ale - Other,Bottle 750ml,"€ 31,93 per litre"
Euroblend 2021 – Barrel Aged Blended Wild Ale – Collab Ca del Brado – Brekerit,"€ 27,95",Germany,3.50,Freigeist Bierkultur,6%,Wild Ale - Other,Bottle 750ml,"€ 37,27 per litre"
Broyhan – Collab Ritterguts – Historisches Bier,"€ 23,95",Germany,3.26,Freigeist Bierkultur,4.7%,Historical Beer - Broyhan,Bottle 750ml,"€ 31,93 per litre"
Scare the mash – Adambier  – Collab Totenhopfen – Gorillas,"€ 4,75",Germany,2.98,Gorilla Cervecería Berlin,5%,Historical Beer - Adambier,330ml,"€ 14,39 per litre"
Iridesce,"€ 9,50",Poland,4.09,PINTA Barrel Brewing,6.5%,Wild Ale - Other,Bottle 375ml,"€ 25,33 per litre"
Inflame,"€ 9,80",Poland,4.02,PINTA Barrel Brewing,6.5%,Wild Ale - Other,Bottle 375ml,"€ 26,13 per litre"
Temple,"€ 9,80",Poland,3.96,PINTA Barrel Brewing,6%,Wild Ale - Other,Bottle 375ml,"€ 26,13 per litre"
Aardbei/Kriek (season 20|21) Blend No. 7,"€ 37,99",Belgium,4.35,Brouwerij 3 Fonteinen,6%,Lambic - Fruit,Bottle 750ml,"€ 50,65 per litre"
Espuna,"€ 5,10",England,3.51,Track Brewing Company,2.8%,Shandy / Radler,Can 440ml,"€ 11,59 per litre"
Track x Great Notion All The Moments,"€ 9,00",England,3.31,Track Brewing Company,6%,Sour - Fruited,Can 440ml,"€ 20,45 per litre"
Cidre Rose,"€ 3,90",Belgium,3.54,Wignac,4.5%,Cider - Rosé,330ml,"€ 11,82 per litre"
Lumunus,"€ 3,60",Netherlands,3.57,Stadsbrouwerij 013,8.5%,IPA - Belgian,330ml,"€ 10,91 per litre"
Brouwersnos Tweeduuster,"€ 3,90",Netherlands,3.37,Brouwersnös,7.3%,Belgian Dubbel,330ml,"€ 11,82 per litre"
B2 Biscuit Blond,"€ 3,14",Netherlands,3.35,Berging Brouwerij,5%,Belgian Blonde,330ml,"€ 9,52 per litre"
B5 India Pale Ale,"€ 2,95",Netherlands,3.34,Berging Brouwerij,5.5%,IPA - Other,330ml,"€ 8,94 per litre"
Tartarus Cerberus Whisky,"€ 33,60",England,4.31,Tartarus Beers,15%,Stout - Imperial / Double,Bottle 750ml,"€ 44,80 per litre"
Roulette: Manilita,"€ 3,79",Estonia,3.80,Pühaste Brewery,6.9%,IPA - New England / Hazy,330ml,"€ 11,48 per litre"
Mischief Belgian Strong Golden Ale,"€ 9,70",United States,3.80,The Bruery,8.5%,Belgian Strong Golden Ale,473ml,"€ 20,51 per litre"
Celebrator,"€ 2,19",Germany,3.76,Ayinger Privatbrauerei,6.7%,Bock - Doppelbock,330ml,"€ 6,64 per litre"
Gelato: d'Oro,"€ 5,24",Poland,3.98,Funky Fluid,5.5%,Sour - Smoothie / Pastry,Can 500ml,"€ 10,48 per litre"
Royal Cookie Black Forest Cake,"€ 8,49",Poland,3.96,Funky Fluid,11%,Stout - Imperial / Double Pastry,Can 500ml,"€ 16,98 per litre"
Royal Coconut Truffle,"€ 7,99",Poland,3.93,Funky Fluid,11%,Stout - Imperial / Double Pastry,Can 500ml,"€ 15,98 per litre"
Smooth,"€ 3,89",Poland,3.82,Funky Fluid,6.6%,IPA - New England / Hazy,Can 500ml,"€ 7,78 per litre"
Deep Cover,"€ 4,49",Poland,3.67,Funky Fluid,6.2%,IPA - American,Can 500ml,"€ 8,98 per litre"
Black Pearl,"€ 4,12",Poland,3.66,Funky Fluid,6.2%,Stout - Other,Can 500ml,"€ 8,24 per litre"
Winter Cake,"€ 4,49",Poland,3.54,Funky Fluid,6%,Stout - Foreign / Export,Can 500ml,"€ 8,98 per litre"
You Guys Give Up?,"€ 9,10",Northern Ireland,4.23,Boundary Brewing,12.5%,Stout - Imperial / Double,Can 440ml,"€ 20,68 per litre"
The Doom Series: Funeralopolis,"€ 5,90",Spain,4.15,Kraftank Barcelona/ Laugar Brewery,10%,Stout - Russian Imperial,330ml,"€ 17,88 per litre"
Oxidation – Barrel Aged Grape Ale – Collab Dr Loosen,"€ 23,95",Germany,?,Freigeist Bierkultur,6%,Grape Ale - Other,Bottle 750ml,"€ 31,93 per litre"
Cuvée Gewurzt,"€ 18,29",Canada,4.02,LTM - Les Trois Mousquetaires,6.9%,Farmhouse Ale - Other,Bottle 750ml,"€ 31,93 per litre"
Double Fruited Boysenberry Blackberry Raspberry Hill  - Canne on 26-01-2021,"€ 4,40",United States,4.09,Southern Grist Brewing Company,5.6%,Sour - Fruited,Can 470ml,"€ 9,36 per litre"
Marshmallow 100K Hill,"€ 4,72",United States,4.03,Southern Grist Brewing Company,6%,Sour - Fruited,Can 470ml,"€ 10,04 per litre"
Le Phallus,"€ 3,15",Netherlands,3.31,Vet & Lazy,6.3%,Porter - English,330ml,"€ 9,55 per litre"
It's A Blond,"€ 3,20",Netherlands,3.33,Brouwerij Kees,6%,Belgian Blonde,330ml,"€ 9,70 per litre"
Kodu Imperial Baltic Porter,"€ 5,35",Estonia,3.96,Põhjala,10.6%,Porter - Imperial / Double Baltic,330ml,"€ 16,21 per litre"
Blueberry Trifle,"€ 4,95",Netherlands,3.50,Mister Hop,9%,Stout - Imperial / Double Pastry,330ml,"€ 15,00 per litre"
St Bernardus ABT 12,"€ 5,30",Belgium,4.00,Brouwerij St.Bernardus,10%,Belgian Quadrupel,Bottle 330ml,"€ 16,06 per litre"
Export India Porter,"€ 4,80",England,3.83,The Kernel Brewery,6.1%,Porter - Other,Bottle 500ml,"€ 9,60 per litre"
Table Beer,"€ 4,00",England,3.60,The Kernel Brewery,2.9%,Table Beer,Bottle 500ml,"€ 8,00 per litre"
Bottle Logic Scramjet 2023,"€ 34,95",United States,4.26,Bottle Logic Brewing,15.3%,Stout - Imperial / Double,500ml,"€ 69,90 per litre"
For Lost Friends,"€ 19,90",England,4.05,Burning Sky Brewery,6%,Wild Ale - Other,Bottle 750ml,"€ 26,53 per litre"
Saison De Fête 2023,"€ 19,50",England,4.00,Burning Sky Brewery,7%,Farmhouse Ale - Saison,Bottle 750ml,"€ 26,00 per litre"
Hommage BIO 18/19 Assemblage n°33,"€ 43,55",Belgium,4.38,Brouwerij 3 Fonteinen,5.8%,Lambic - Framboise,Bottle 750ml,"€ 58,07 per litre"
Cornet Oaked,"€ 2,65",Belgium,3.61,Brouwerij De Hoorn,8.5%,Belgian Strong Golden Ale,330ml,"€ 8,03 per litre"
Omer VanderGhinste Traditional Blond,"€ 2,65",Belgium,3.60,Omer Vander Ghinste,8%,Belgian Blonde,330ml,"€ 8,03 per litre"
RedEye November (2023),"€ 31,49",United States,4.36,Bottle Logic Brewing,15.3%,Stout - Imperial / Double Coffee,500ml,"€ 62,98 per litre"
Adila,"€ 34,00",United States,4.35,Transient Artisan Ales,14%,Stout - Other,500ml,"€ 68,00 per litre"
Scatter Signal (2022),"€ 31,49",United States,4.35,Bottle Logic Brewing,12%,Stout - Imperial / Double Pastry,500ml,"€ 62,98 per litre"
Bombraxas (2023),"€ 36,00",United States,4.31,Perennial Artisan Ales,10.5%,Stout - Imperial / Double Coffee,Bottle 750ml,"€ 48,00 per litre"
Abraxas (2023),"€ 29,95",United States,4.31,Perennial Artisan Ales,10.5%,Stout - Imperial / Double,Bottle 750ml,"€ 39,93 per litre"
Shaded Sentry (2023),"€ 31,49",United States,4.30,Bottle Logic Brewing,14.2%,Stout - Imperial / Double,500ml,"€ 62,98 per litre"
French Toast Brunch (2023),"€ 20,65",United States,4.28,Prairie Artisan Ales,12.6%,Stout - Imperial / Double Pastry,355ml,"€ 58,17 per litre"
Double Bourbon Vanilla Neckbeard Nectar,"€ 31,00",United States,4.28,Transient Artisan Ales,14%,Stout - Imperial / Double,500ml,"€ 62,00 per litre"
2023 Double Bourbon Barrel Neckbeard,"€ 31,00",United States,4.27,Transient Artisan Ales,14%,Stout - Imperial / Double,500ml,"€ 62,00 per litre"
Scramjet (2023),"€ 31,49",United States,4.26,Bottle Logic Brewing,15.3%,Stout - Imperial / Double,500ml,"€ 62,98 per litre"
Gueuze Bio,"€ 6,50",Belgium,4.24,Brasserie Cantillon,5.5%,Lambic - Gueuze,Bottle 375ml,"€ 17,33 per litre"
Leann Coffaidh – Bio Coffee Lager,"€ 2,75",Germany,3.49,orca brau,5.4%,Spiced / Herbed Beer,330ml,"€ 8,33 per litre"
France Trance – Pils with French Hops – Collab Demory,"€ 3,45",Germany,3.17,Freigeist Bierkultur,5.2%,Pilsner - German,330ml,"€ 10,45 per litre"
Phoenix,"€ 9,30",Scotland,3.93,Holy Goat Brewing,6%,Sour - Fruited,Bottle 375ml,"€ 24,80 per litre"
Capucijn Abdijbier Dubbel,"€ 3,25",Netherlands,3.34,Budelse Brouwerij,6.5%,Belgian Dubbel,330ml,"€ 9,85 per litre"
Budels Golden Ale - Dry Hopped Sorachi Ace,"€ 2,70",Netherlands,3.19,Budelse Brouwerij,6%,Pale Ale - American,300ml,"€ 9,00 per litre"
Budels Goudblond,"€ 2,10",Netherlands,3.16,Budelse Brouwerij,6%,Blonde / Golden Ale - Other,300ml,"€ 7,00 per litre"
Budels Honing,"€ 2,10",Netherlands,3.15,Budelse Brouwerij,4.5%,Honey Beer,300ml,"€ 7,00 per litre"
Budels IPA,"€ 3,50",Netherlands,3.11,Budelse Brouwerij,7%,IPA - Belgian,300ml,"€ 11,67 per litre"
"Budels Radler 0,0%","€ 1,95",Netherlands,2.72,Budelse Brouwerij,7%,Non-Alcoholic - Shandy / Radler,300ml,"€ 6,50 per litre"
ANTWERP Weller Bourbon Barrel Aged (2023),"€ 7,60",Belgium,4.20,Galea Craft Beers,14.5%,Stout - Imperial / Double,330ml,"€ 23,03 per litre"
ANTWERP Blantons Bourbon Barrel Aged (2023),"€ 7,60",Belgium,4.20,Galea Craft Beers,14.5%,Stout - Imperial / Double,330ml,"€ 23,03 per litre"
ANTWERP Heaven Hill Bourbon Barrel Aged (2023),"€ 7,60",Belgium,4.18,Galea Craft Beers,14.5%,Stout - Imperial / Double,330ml,"€ 23,03 per litre"
Pohjala Strudel Stout (cellar Series),"€ 7,99",Estonia,4.03,Põhjala,11.5%,Stout - Imperial / Double Pastry,330ml,"€ 24,21 per litre"
Hefe Weisse,"€ 2,09",Germany,3.67,Paulaner Brauerei,5.5%,Wheat Beer - Hefeweizen,500ml,"€ 4,18 per litre"
Capucijn Abdijbier Blond,"€ 3,25",Netherlands,3.34,Budelse Brouwerij,6.5%,Belgian Blonde,300ml,"€ 10,83 per litre"
Budels Zware Dobber,"€ 3,60",Netherlands,3.32,Budelse Brouwerij,8.5%,Belgian Tripel,300ml,"€ 12,00 per litre"
Budels Kolos,"€ 2,75",Netherlands,3.24,Budelse Brouwerij,7.5%,Belgian Strong Golden Ale,300ml,"€ 9,17 per litre"
Weiherer OSw-Alt Altbier,"€ 2,99",Germany,3.39,Brauerei Kundmüller,4.2%,Altbier - Traditional,500ml,"€ 5,98 per litre"
Lervig House Party,"€ 2,47",Norway,3.51,LERVIG,4%,IPA - Session,330ml,"€ 7,48 per litre"
Devon Mist Sparkling Cider,"€ 5,95",England,3.54,Sandford Orchards,4.5%,Cider - Traditional / Apfelwein,500ml,"€ 11,90 per litre"
Vintage Cider,"€ 5,75",England,3.45,Henney's,6.5%,Cider - Traditional / Apfelwein,500ml,"€ 11,50 per litre"
Hybrid Sequence 0.007 – Barrel Aged Wild Ale with Pinot Noir Grapes,"€ 23,95",United States,4.11,Stillwater Artisanal,6.6%,Wild Ale - American,Bottle 750ml,"€ 31,93 per litre"
Plastic Jug Band – Berliner Braunbier – Vintage Green Label,"€ 29,95",Germany,3.67,Freigeist Bierkultur/ de Garde Brewing,6%,Historical Beer - Berliner Braunbier,Bottle 750ml,"€ 39,93 per litre"
Get in the Sea!,"€ 4,05",Netherlands,3.50,Jopen,6.5%,Porter - Other,330ml,"€ 12,27 per litre"
Lervig Rackhouse Vin Santo Sour,"€ 24,77",Norway,4.01,LERVIG,9.5%,Wild Ale - Other,Bottle 750ml,"€ 33,03 per litre"
Lervig King Rufus,"€ 4,89",Norway,3.77,LERVIG,15.5%,Barleywine - English,330ml,"€ 14,82 per litre"
Lervig Rackhouse Dulce de Leche,"€ 20,95",Norway,4.48,LERVIG,15.1%,Stout - Imperial / Double Pastry,Bottle 375ml,"€ 55,87 per litre"
Church Whip,"€ 21,25",Sweden,4.25,Omnipollo,12%,Stout - Imperial / Double Pastry,Bottle 375ml,"€ 56,67 per litre"
Perla,"€ 7,20",Sweden,4.01,Omnipollo,8.3%,IPA - Imperial / Double New England / Hazy,Can 440ml,"€ 16,36 per litre"
Lervig 3 Bean Stout,"€ 5,11",Norway,4.09,LERVIG/ Way Beer,12%,Stout - Imperial / Double,330ml,"€ 15,48 per litre"
The Petria (2021),"€ 29,40",United States,4.07,de Garde Brewing,7.4%,Wild Ale - American,Bottle 750ml,"€ 39,20 per litre"
Saison Antoine,"€ 3,80",France,3.55,Sacrilège,5.4%,Farmhouse Ale - Saison,Bottle 750ml,"€ 39,20 per litre"
Saison Dupont,"€ 2,40",Belgium,3.68,Brasserie Dupont,6.5%,Farmhouse Ale - Saison,330ml,"€ 7,27 per litre"
Dimensions of Time - 6 (Bourbon Blend),"€ 69,95",United States,4.35,Barclay Brewing Co.,15%,Stout - Imperial / Double,330ml,"€ 7,27 per litre"
Sunrises,"€ 79,50",United States,4.34,Side Project Brewing,7%,Farmhouse Ale - Saison,Bottle 750ml,"€ 106,00 per litre"
Framboos,"€ 2,49",Belgium,3.77,Brouwerij Lindemans,2.5%,Lambic - Framboise,Bottle 250ml,"€ 9,96 per litre"
Kriek Lambic,"€ 3,25",Belgium,3.50,Brouwerij Mort Subite,4%,Lambic - Kriek,Bottle 250ml,"€ 9,96 per litre"
Tarot D'or,"€ 2,79",Belgium,3.42,Brouwerij Lindemans,8%,Fruit Beer,Bottle 250ml,"€ 9,96 per litre"
Fantome Special Bitter Sour,"€ 8,75",Belgium,3.86,Brasserie Fantôme,7%,Wild Ale - Other,Bottle 750ml,"€ 11,67 per litre"
Beeznuts,"€ 26,50",Hungary,4.30,Mad Scientist,13%,Stout - Imperial / Double Pastry,500ml,"€ 53,00 per litre"
Deep In Stout,"€ 11,21",Poland,4.29,Browar Stu Mostów,13.5%,Stout - Imperial / Double,330ml,"€ 33,97 per litre"
Winter (2022) Maple Syrup Bourbon BA,"€ 10,88",Romania,4.13,Oriel Beer,11%,Belgian Strong Dark Ale,Bottle 375ml,"€ 29,01 per litre"
Quadrupel (Raspberry Vanilla),"€ 7,97",Romania,4.05,Oriel Beer,9.5%,Belgian Quadrupel,Bottle 375ml,"€ 21,25 per litre"
No Way Out,"€ 4,00",Netherlands,3.85,Brouwerij Frontaal,10%,Barleywine - Other,330ml,"€ 12,12 per litre"
Val-Dieu Grand Cru,"€ 2,60",Belgium,3.78,Brasserie de l'Abbaye du Val-Dieu,10.5%,Belgian Quadrupel,330ml,"€ 7,88 per litre"
Mega Fruit - CHP Cherry Pear,"€ 12,50",United States,4.21,Juicy Brewing Co,6%,Sour - Smoothie / Pastry,473ml,"€ 26,43 per litre"
WUK Brūn,"€ 2,10",Belgium,3.42,De Brouwmoaten,8.5%,Belgian Strong Dark Ale,Bottle 750ml,"€ 2,80 per litre"
Cuvée Theo Margaux BA,"€ 4,20",Belgium,3.65,Brouwerij Alvinne,9%,Farmhouse Ale - Saison,330ml,"€ 12,73 per litre"
Morpheus Brett Saison Vermouth Barrel,"€ 2,90",Belgium,3.61,Brouwerij Alvinne,6%,Farmhouse Ale - Brett,330ml,"€ 8,79 per litre"
Land Van Mortagne,"€ 3,30",Belgium,3.60,Brouwerij Alvinne,12.8%,Belgian Quadrupel,330ml,"€ 10,00 per litre"
Cuvee Andy,"€ 3,75",Belgium,3.54,Brouwerij Alvinne,6.5%,IPA - Sour,330ml,"€ 11,36 per litre"
Bachten De Kupe Saison,"€ 2,35",Belgium,3.35,Bachten De Kupe Bier Compagnie,5.6%,Farmhouse Ale - Saison,330ml,"€ 7,12 per litre"
Dubbel Inzet,"€ 2,40",Belgium,3.32,Dok Brewing Company,4.6%,Historical Beer - Other,330ml,"€ 7,27 per litre"
Cocoloco – Imperial Stout,"€ 4,75",Germany,3.56,Munich Brew Mafia,9%,Stout - Imperial / Double,330ml,"€ 14,39 per litre"
Sour Monster –  Blutorangen Gose,"€ 3,85",Germany,3.27,Munich Brew Mafia,4.5%,Sour - Other,330ml,"€ 11,67 per litre"
Perdition,"€ 14,69",Canada,4.17,Brasserie Sir John Brewing Co.,10%,Stout - Imperial / Double,330ml,"€ 11,67 per litre"
Piège à Renard à Ours,"€ 6,29",Canada,4.04,Brasserie Sir John Brewing Co.,6%,IPA - American,330ml,"€ 11,67 per litre"
Rigor Mortis Abt,"€ 6,49",Canada,3.89,Brasserie Dieu du Ciel!,10.5%,Belgian Quadrupel,330ml,"€ 11,67 per litre"
Auditorium,"€ 9,69",Canada,3.73,Brasserie Sir John Brewing Co.,5.1%,Stout - Irish Dry,330ml,"€ 11,67 per litre"
Simulation Theory 2023 Tahiti,"€ 26,50",Hungary,4.28,Mad Scientist,10.2%,Stout - Imperial / Double,500ml,"€ 53,00 per litre"
Room 16 – Chestnut Brown Ale,"€ 3,45",Germany,3.39,Brauprojekt 777,6%,Red Ale - American Amber / Red,330ml,"€ 10,45 per litre"
Stout Of This World Rum Barrel Aged Russian Imperial Stout,"€ 6,25",Netherlands,4.12,Jopen,10.1%,Stout - Russian Imperial,330ml,"€ 18,94 per litre"
Annie Are You Oak Aged? – Jamaican Rum Barrel Aged Imperial Red Ale,"€ 6,95",Netherlands,3.95,Jopen,11%,Red Ale - Imperial / Double,330ml,"€ 21,06 per litre"
PieWee Pineapple Weizen,"€ 3,25",Netherlands,3.30,Uiltje Brewing Company,5%,Wheat Beer - Fruited,Can 330ml,"€ 9,85 per litre"
Hallerndorfer Kellerbier,"€ 2,20",Germany,3.38,Brauerei Rittmayer Hallerndorf,5%,Kellerbier / Zwickelbier,500ml,"€ 4,40 per litre"
De Molen Hel & Verdoemenis,"€ 3,25",Netherlands,3.85,Brouwerij de Molen,10%,Stout - Russian Imperial,330ml,"€ 9,85 per litre"
Ain't No Sunshine – Imperial Stout,"€ 4,95",Germany,3.61,Munich Brew Mafia,8.5%,Stout - Imperial / Double,500ml,"€ 9,90 per litre"
Anniversator 2023 – Dunkler Doppelbock,"€ 3,95",Germany,3.56,Munich Brew Mafia,8%,Bock - Doppelbock,330ml,"€ 11,97 per litre"
Black Tuesday (2023),"€ 49,99",United States,4.38,The Bruery,19.5%,Stout - Imperial / Double,Bottle 750ml,"€ 66,65 per litre"
Pretty Weisse,"€ 8,60",Scotland,4.02,Overtone Brewing Co,7%,Sour - Fruited Berliner Weisse,Can 440ml,"€ 19,55 per litre"
Implosion Lager,"€ 30,20",Denmark,3.19,To Øl,0.3%,Non-Alcoholic - IPA,12-pack,"Total price: € 30,20"
Scarlet,"€ 5,10",France,3.79,La Débauche,8%,Sour - Fruited,330ml,"€ 15,45 per litre"
Cognac Barrel,"€ 5,20",France,3.69,La Débauche,9.5%,Barleywine - American,330ml,"€ 15,45 per litre"
Cognac Barrel,"€ 10,30",France,3.69,La Débauche,9.5%,Barleywine - American,330ml,"€ 15,45 per litre"
Nina Blanca,"€ 4,00",France,3.24,La Débauche,5%,Wheat Beer - Witbier / Blanche,330ml,"€ 12,12 per litre"
Pastore Too Much: Sour,"€ 8,70",England,3.96,Pastore Brewing and Blending,8%,Sour - Smoothie / Pastry,Can 440ml,"€ 19,77 per litre"
Pinta Barrel Brewing Insights (2023),"€ 10,99",Poland,4.06,PINTA Barrel Brewing,12%,Barleywine - Other,Can 440ml,"€ 19,77 per litre"
Trickle Down,"€ 9,50",Scotland,3.97,Overtone Brewing Co,8.2%,IPA - Imperial / Double New England / Hazy,Can 440ml,"€ 21,59 per litre"
Bergamot Crusher,"€ 9,60",Scotland,3.87,Holy Goat Brewing,5.6%,Sour - Fruited,Bottle 375ml,"€ 25,60 per litre"
The Walnutter,"€ 25,90",United States,4.14,The Bruery,13.5%,Porter - Imperial / Double,Bottle 750ml,"€ 34,53 per litre"
Frontaal / Pohjala No Way Out,"€ 5,23",Netherlands,3.85,Brouwerij Frontaal,10%,Barleywine - Other,330ml,"€ 15,85 per litre"
La Cambre IPA,"€ 2,30",Belgium,3.31,Brouwerij Het Anker,4.9%,IPA - Belgian,330ml,"€ 6,97 per litre"
Fougeray Cidre Tradition Biologisch,"€ 8,95",France,3.60,Domaine Duclos-Fourgeray,5%,Cider - Traditional / Apfelwein,Bottle 750ml,"€ 11,93 per litre"
3 Fonteinen / De Mederie Could Heaven Ever Be Like This,"€ 29,95",Belgium,4.01,Brouwerij 3 Fonteinen,10%,Mead - Braggot,Bottle 750ml,"€ 39,93 per litre"
Dragora,"€ 3,00",Belgium,3.59,Enigma,7%,Blonde / Golden Ale - Other,330ml,"€ 9,09 per litre"
Au Petit Matin,"€ 6,80",France,4.09,Fauve,12%,Stout - Imperial / Double Coffee,330ml,"€ 9,09 per litre"
Brett Series - Bière de Blé...,"€ 5,90",France,4.07,Effet Papillon,8%,Brett Beer,330ml,"€ 17,88 per litre"
Paupières du Ciel,"€ 22,30",France,4.03,Fauve,12%,Stout - Imperial / Double,330ml,"€ 17,88 per litre"
Brett Series - Petite Brett...,"€ 5,40",France,4.02,Effet Papillon,4.5%,Brett Beer,330ml,"€ 17,88 per litre"
Not a Coffee BIO,"€ 4,20",France,3.87,Effet Papillon,5.5%,Stout - White / Golden,330ml,"€ 17,88 per litre"
Cat Soup,"€ 4,70",France,3.73,La Débauche,8%,IPA - Imperial / Double,330ml,"€ 17,88 per litre"
New England IPA BIO,"€ 4,10",France,3.70,Effet Papillon,6%,IPA - New England / Hazy,330ml,"€ 17,88 per litre"
New England IPA BIO,"€ 8,10",France,3.70,Effet Papillon,6%,IPA - New England / Hazy,330ml,"€ 17,88 per litre"
Double Belge BIO,"€ 7,60",France,3.57,Effet Papillon,7.5%,Belgian Dubbel,330ml,"€ 17,88 per litre"
Mr. Joe Coffee Stout,"€ 4,10",France,3.54,La Débauche,5%,Stout - Coffee,330ml,"€ 12,42 per litre"
Quitte ou Double BIO,"€ 4,40",France,3.46,Effet Papillon,7%,Sour - Fruited,330ml,"€ 12,42 per litre"
Wheat Ale Citron Verveine BIO,"€ 4,00",France,3.46,Effet Papillon,4.5%,Fruit Beer,330ml,"€ 12,42 per litre"
Pils Française BIO,"€ 3,10",France,3.41,Effet Papillon,4.5%,Pilsner - Other,330ml,"€ 12,42 per litre"
Pils Française BIO,"€ 5,90",France,3.41,Effet Papillon,4.5%,Pilsner - Other,330ml,"€ 12,42 per litre"
A Gogo BIO,"€ 4,20",France,3.17,Effet Papillon,5%,Sour - Fruited Gose,,
Red,"€ 4,60",Belgium,3.72,Bières de Chimay,7%,Belgian Dubbel,Bottle 330ml,"€ 13,94 per litre"
Huyghe Delirium Red Strong Fruit Beer,"€ 3,99",Belgium,3.58,Delirium - Huyghe Brewery,8%,Fruit Beer,330ml,"€ 12,09 per litre"
Devil's Heart of Gold (2023),"€ 67,79",United States,4.38,Perennial Artisan Ales,10.5%,Wheat Beer - Wheat Wine,Bottle 750ml,"€ 90,39 per litre"
Red Eye November (2023),"€ 33,55",United States,4.36,Bottle Logic Brewing,15.3%,Stout - Imperial / Double Coffee,500ml,"€ 67,10 per litre"
Darkstar November (2023),"€ 33,15",United States,4.36,Bottle Logic Brewing,15.3%,Stout - Imperial / Double,500ml,"€ 66,30 per litre"
Scatter Signal (2022),"€ 34,85",United States,4.35,Bottle Logic Brewing,12%,Stout - Imperial / Double Pastry,500ml,"€ 69,70 per litre"
Barrel Aged Then You Roast the Mallow (2023),"€ 67,79",United States,4.32,Perennial Artisan Ales,10.5%,Stout - Imperial / Double Pastry,Bottle 750ml,"€ 90,39 per litre"
Bombraxas (2023),"€ 32,15",United States,4.31,Perennial Artisan Ales,10.5%,Stout - Imperial / Double Coffee,Bottle 750ml,"€ 42,87 per litre"
Abraxas (2023),"€ 32,15",United States,4.31,Perennial Artisan Ales,10.5%,Stout - Imperial / Double,Bottle 750ml,"€ 42,87 per litre"
Vanilla Bean Abraxas (2023),"€ 32,15",United States,4.26,Perennial Artisan Ales,10.5%,Stout - Imperial / Double,Bottle 750ml,"€ 42,87 per litre"
Scramjet (2023),"€ 34,85",United States,4.26,Bottle Logic Brewing,15.3%,Stout - Imperial / Double,500ml,"€ 69,70 per litre"
Shaded Sentry (2023),"€ 34,85",United States,4.30,Bottle Logic Brewing,14.2%,Stout - Imperial / Double,500ml,"€ 69,70 per litre"
De Mederie / ILLegaaL/ Lovulum Flat Tire,"€ 20,85",Belgium,3.95,De Mederie - Ciders,7%,Cider - Other Fruit,Bottle 750ml,"€ 27,80 per litre"
Foot In The Door,"€ 8,70",England,4.03,Baron Brewing,8.4%,Porter - Baltic,Can 500ml,"€ 17,40 per litre"
Ambient Drop,"€ 5,90",England,3.74,Baron Brewing,3.2%,Pale Ale - New England / Hazy,Can 500ml,"€ 11,80 per litre"
Birodalmi Bagoly Bourbon BA 2023,"€ 8,51",Hungary,4.08,Balkezes,12%,Porter - Imperial / Double Baltic,330ml,"€ 25,79 per litre"
Crépuscule Enchanté,"€ 6,90",France,4.20,Fauve,12%,Stout - Imperial / Double Pastry,330ml,"€ 25,79 per litre"
D'Espace et de Lumière,"€ 6,20",France,4.12,Fauve,10%,IPA - Triple New England / Hazy,330ml,"€ 18,79 per litre"
A l'Assaut des Flots Noirs,"€ 10,30",France,4.01,Fauve,12%,Stout - Imperial / Double,330ml,"€ 18,79 per litre"
A l'Assaut des Flots Noirs,"€ 20,20",France,4.01,Fauve,12%,Stout - Imperial / Double,,
Petit-Déjeuner aux Amériques,"€ 5,40",France,3.89,Fauve,6.5%,Sour - Smoothie / Pastry,,
Entre Cuba et Manille,"€ 5,80",France,3.88,Fauve,8.5%,Sour - Smoothie / Pastry,,
Hazy je wel,"€ 3,99",Netherlands,3.81,JELSTER,6.7%,IPA - New England / Hazy,,
Niks Geen Tralala,"€ 3,69",Netherlands,3.61,JELSTER,9.6%,Belgian Strong Golden Ale,330ml,"€ 11,18 per litre"
Bomb!,"€ 13,75",United States,4.29,Prairie Artisan Ales,13%,Stout - Imperial / Double Coffee,355ml,"€ 38,73 per litre"
Wet Hop Basique,"€ 21,89",United States,4.28,Barrique Brewing and Blending,6%,IPA - Sour,500ml,"€ 43,78 per litre"
Razzle Dazzle (2023),"€ 18,95",United States,4.25,Prairie Artisan Ales,13%,Stout - Imperial / Double Pastry,355ml,"€ 53,38 per litre"
What Lies Beneath (2023),"€ 21,95",United States,4.06,Drekker Brewing Company,11.6%,Stout - Imperial / Double Coffee,500ml,"€ 43,90 per litre"
What Lies Beneath (2023),"€ 27,50",United States,4.06,Drekker Brewing Company,11.6%,Stout - Imperial / Double Coffee,500ml,"€ 55,00 per litre"
The Statement - Balaton (2018),"€ 29,99",United States,4.47,Schramm's Mead,14%,Mead - Melomel,500ml,"€ 55,00 per litre"
Nutmeg #3,"€ 29,99",United States,4.24,Schramm's Mead,11%,Mead - Metheglin,Bottle 375ml,"€ 79,97 per litre"
Ginger,"€ 22,99",United States,4.03,Schramm's Mead,14%,Mead - Metheglin,Bottle 375ml,"€ 79,97 per litre"
Van Honsebrouck Kasteel Xtra,"€ 2,20",Belgium,3.28,Kasteel Brouwerij Vanhonsebrouck,4.5%,Belgian Blonde,330ml,"€ 6,67 per litre"
Une Caresse Mise en Musique...,"€ 11,10",France,4.17,Fauve,10%,Barleywine - English,330ml,"€ 6,67 per litre"
Une Caresse Mise en Musique...,"€ 21,70",France,4.17,Fauve,10%,Barleywine - English,330ml,"€ 6,67 per litre"
Voici le Printemps,"€ 6,40",France,4.10,Fauve,10%,IPA - Triple New England / Hazy,330ml,"€ 6,67 per litre"
Long Manteau de Velours...,"€ 10,30",France,4.08,Fauve,10%,Barleywine - English,330ml,"€ 6,67 per litre"
Douce France,"€ 4,90",France,3.64,Fauve,5%,Lager - Helles,330ml,"€ 6,67 per litre"
Avant-Première,"€ 3,80",France,3.63,Fauve,4.8%,Pale Ale - American,330ml,"€ 6,67 per litre"
BA Barley Wine & Imperial Stout Blend,"€ 7,99",Netherlands,4.09,Two Chefs Brewing,14.2%,Strong Ale - Other,Bottle 375ml,"€ 21,31 per litre"
BA Barley Wine (2023),"€ 7,99",Netherlands,3.95,Two Chefs Brewing,13%,Barleywine - American,Bottle 375ml,"€ 21,31 per litre"
Wijndruif Geuze,"€ 39,85",Belgium,4.15,Publitasting,6.4%,Lambic - Gueuze,Bottle 750ml,"€ 53,13 per litre"
Appel - Blauwe Bes Geuze Light Peated Edition,"€ 39,85",Belgium,4.08,Publitasting,6.4%,Lambic - Gueuze,Bottle 750ml,"€ 53,13 per litre"
Brownie Bar Bestowed,"€ 13,45",Canada,4.22,Third Moon Brewing Company,11.9%,Stout - Imperial / Double Pastry,473ml,"€ 28,44 per litre"
Adila,"€ 35,95",United States,4.35,Transient Artisan Ales,14%,Stout - Other,500ml,"€ 71,90 per litre"
Cyrus,"€ 65,95",United States,4.33,Perennial Artisan Ales,11.7%,Rye Wine,Bottle 750ml,"€ 87,93 per litre"
French Toast Brunch (2023),"€ 22,95",United States,4.28,Prairie Artisan Ales,12.6%,Stout - Imperial / Double Pastry,355ml,"€ 64,65 per litre"
Life For a Puppy Shouldn't Be So Ruff,"€ 32,95",United States,4.28,Transient Artisan Ales,13.5%,Stout - Imperial / Double,500ml,"€ 65,90 per litre"
Double Bourbon Vanilla Neckbeard Nectar,"€ 32,95",United States,4.28,Transient Artisan Ales,14%,Stout - Imperial / Double,500ml,"€ 65,90 per litre"
Seven Deadly Sins Gluttony (2023),"€ 32,95",United States,4.19,Imprint Beer Co.,14%,Stout - Imperial / Double Pastry,500ml,"€ 65,90 per litre"
The Other Side of Despair,"€ 29,95",United States,4.11,Imprint Beer Co.,14.5%,Strong Ale - American,500ml,"€ 59,90 per litre"
WWE,"€ 9,25",United States,3.91,Kettlehead Brewing,8%,IPA - Imperial / Double New England / Hazy,473ml,"€ 19,56 per litre"
Oude Geuze Platinum Blend Magnum,"€ 96,10",Belgium,4.20,Brouwerij 3 Fonteinen,5.8%,Lambic - Gueuze,Bottle 1500ml,"€ 64,07 per litre"
ÜberQuell Pillepalle alkoholfrei,"€ 2,99",Germany,3.48,ÜberQuell Brauwerkstätten,0.4%,Non-Alcoholic - Pale Ale,330ml,"€ 9,06 per litre"
Royal Cookie: Black Forest Cake,"€ 9,65",Poland,3.96,Funky Fluid,11%,Stout - Imperial / Double Pastry,500ml,"€ 19,30 per litre"
Implosion Non-Alcoholic Lager,"€ 3,40",Denmark,2.95,To Øl,0.5%,Non-Alcoholic - Lager,330ml,"€ 10,30 per litre"
Anathema,"€ 8,80",Portugal,3.98,Ophiussa Brewing Co.,6%,IPA - Sour,Can 440ml,"€ 20,00 per litre"
Twisted Cake - Four Roses Ba,"€ 9,95",Romania,4.23,Blackout Brewing,13%,Stout - Imperial / Double Pastry,330ml,"€ 30,15 per litre"
Plum – Celler Series – Barrel Aged Barley Wine,"€ 9,95",Estonia,3.89,Põhjala,12%,Barleywine - American,330ml,"€ 30,15 per litre"
Quadruple,"€ 5,20",Belgium,3.75,Brasserie St-Feuillien,11%,Belgian Quadrupel,330ml,"€ 15,76 per litre"
Grand Cru,"€ 4,80",Belgium,3.71,Brasserie St-Feuillien,9.5%,Belgian Strong Golden Ale,330ml,"€ 14,55 per litre"
Saison,"€ 5,10",Belgium,3.55,Brasserie St-Feuillien,6.5%,Farmhouse Ale - Saison,330ml,"€ 15,45 per litre"
Off the rack Paragon 2022 – Wiskey Blended Barrel Aged Barley Wine,"€ 34,75",Norway,4.37,LERVIG,14.6%,Barleywine - Other,Bottle 750ml,"€ 46,33 per litre"
Pime Oo,"€ 5,40",Estonia,4.07,Põhjala,13.6%,Stout - Imperial / Double,330ml,"€ 16,36 per litre"
De Dool Ter Dolen Tripel,"€ 2,95",Belgium,3.61,Ter Dolen,8.1%,Belgian Tripel,330ml,"€ 8,94 per litre"
De Dool Ter Dolen Armand,"€ 2,85",Belgium,3.56,Ter Dolen,7%,Belgian Blonde,330ml,"€ 8,64 per litre"
Demerara – Rum Barrel Aged Imperial Stout,"€ 9,95",Germany,4.24,Kehrwieder Kreativbrauerei,11.3%,Stout - Imperial / Double,330ml,"€ 30,15 per litre"
King Rufus – Barley Wine,"€ 6,25",Norway,3.77,LERVIG,15.6%,Barleywine - English,330ml,"€ 18,94 per litre"
Compelling Argument – Fruited Berliner Weisse,"€ 5,95",Spain,3.79,Garage Beer Co.,7.5%,Sour - Fruited Berliner Weisse,Can 440ml,"€ 13,52 per litre"
Parka – Porter,"€ 3,25",Spain,3.54,Garage Beer Co.,4.5%,Porter - Other,330ml,"€ 9,85 per litre"
Cocobänger – Imperial Stout,"€ 5,45",Estonia,4.12,Põhjala,12.5%,Stout - Imperial / Double Coffee,330ml,"€ 16,52 per litre"
ÖÖ – Imperial Baltic Porter,"€ 5,45",Estonia,3.93,Põhjala,10.5%,Porter - Imperial / Double Baltic,330ml,"€ 16,52 per litre"
Omer. Traditional Blond,"€ 2,80",Belgium,3.60,Omer Vander Ghinste,8%,Belgian Blonde,330ml,"€ 8,48 per litre"
Bush Caractère,"€ 3,50",Belgium,3.62,Brasserie Dubuisson,12%,Belgian Strong Golden Ale,330ml,"€ 10,61 per litre"
Lekker Gewerkt Pik! (Vrouw),"€ 4,18",Netherlands,3.51,Mister Hop,5%,Belgian Tripel,330ml,"€ 12,67 per litre"
Proud To Be Stout,"€ 4,95",Netherlands,3.51,Mister Hop,9.69%,Stout - Imperial / Double,330ml,"€ 15,00 per litre"
Church Whip,"€ 22,99",Sweden,4.25,Omnipollo,12%,Stout - Imperial / Double Pastry,Bottle 375ml,"€ 61,31 per litre"
Dubbel,"€ 8,10",Belgium,3.69,Brouwerij der Trappisten van Westmalle,7%,Belgian Dubbel,Bottle 750ml,"€ 10,80 per litre"
Kriek Brut,"€ 3,15",Belgium,3.69,Brouwerij Liefmans,6%,Fruit Beer,330ml,"€ 9,55 per litre"
Appel Lambic Beer,"€ 1,90",Belgium,3.49,Brouwerij Lindemans,3.5%,Lambic - Fruit,Bottle 250ml,"€ 7,60 per litre"
BA Centaur Army Bourbon Barrel Aged Imperial Pastry Stout,"€ 15,10",England,4.48,Neon Raptor Brewing Co.,14%,Stout - Imperial / Double,Can 440ml,"€ 34,32 per litre"
Puca Oatmeal Stout,"€ 6,90",England,3.66,Tartarus Beers,4.5%,Stout - Oatmeal,Can 440ml,"€ 15,68 per litre"
Suspend Imperial Oatmeat Stout W. Maple Syrup & Cinnamon,"€ 7,99",Sweden,4.03,Nerdbrewing,11.3%,Stout - Imperial / Double Oatmeal,330ml,"€ 24,21 per litre"
Wild & Funky Ice Brett White Wine BA,"€ 16,40",Poland,4.11,Maryensztadt,17.8%,Freeze-Distilled Beer,Can 440ml,"€ 37,27 per litre"
Ice Imperial Stout Coconut Coffee Pistachio Marzipan Vanilla,"€ 16,00",Poland,3.76,Maryensztadt,13.5%,Freeze-Distilled Beer,Can 440ml,"€ 36,36 per litre"
Kaleidoscope,"€ 5,70",England,3.65,Wiper And True,4.2%,Pale Ale - American,Can 440ml,"€ 12,95 per litre"
Kutfruit 2021,"€ 64,99",Belgium,4.24,Bofkont,6%,Lambic - Fruit,Can 440ml,"€ 12,95 per litre"
Moonwalk 2022,"€ 62,99",Belgium,4.30,Bofkont,6%,Lambic - Fruit,Can 440ml,"€ 12,95 per litre"
Druif (2020),"€ 44,99",Netherlands,4.28,Tommie Sjef,7.6%,Wild Ale - Other,Bottle 750ml,"€ 59,99 per litre"
Voor (2019),"€ 44,99",Netherlands,4.26,Tommie Sjef,6%,Sour - Fruited,Bottle 750ml,"€ 59,99 per litre"
We All Scream,"€ 49,99",United States,4.30,The Bruery,15.3%,Stout - Imperial / Double,Bottle 750ml,"€ 66,65 per litre"
Cuivre,"€ 39,99",United States,4.28,The Bruery,16.2%,Old / Stock Ale,Bottle 750ml,"€ 53,32 per litre"
Abuelita's Súper Especial,"€ 49,99",United States,4.26,The Bruery,15.2%,Stout - Imperial / Double,Bottle 750ml,"€ 53,32 per litre"
Etain 10th Anniversary,"€ 39,99",United States,4.21,The Bruery,16.3%,Old / Stock Ale,Bottle 750ml,"€ 53,32 per litre"
Wee Heavy Coconuts,"€ 39,99",United States,4.20,The Bruery,12.5%,Scotch Ale / Wee Heavy,Bottle 750ml,"€ 53,32 per litre"
Cristal,"€ 49,99",United States,4.16,The Bruery,18.1%,Old / Stock Ale,Bottle 750ml,"€ 53,32 per litre"
The Walnutter,"€ 49,99",United States,4.14,The Bruery,13.5%,Porter - Imperial / Double,Bottle 750ml,"€ 66,65 per litre"
B.B.V.,"€ 37,49",United States,4.00,The Bruery Terreux,9.4%,Sour - Other,Bottle 750ml,"€ 66,65 per litre"
2 Turtle Doves,"€ 29,99",United States,3.98,The Bruery,10.6%,Belgian Strong Dark Ale,Bottle 750ml,"€ 66,65 per litre"
Mischief,"€ 8,49",United States,3.80,The Bruery,8.5%,Belgian Strong Golden Ale,,
Stay Strong Alex,"€ 119,99",United States,4.46,Timber Ales,12.5%,Stout - Imperial / Double,,
Astro Galaxy,"€ 9,50",Spain,3.72,Cyclic Beer Farm,5.3%,Sour - Other,Bottle 750ml,"€ 12,67 per litre"
Nib Bang !,"€ 9,50",Spain,3.65,Cyclic Beer Farm,5.3%,Sour - Other,Bottle 750ml,"€ 12,67 per litre"
Crème Brûlée,"€ 7,00",United States,4.08,Kuhnhenn Brewing Company,8.5%,Stout - Imperial / Double Coffee,330ml,"€ 21,21 per litre"
Gouden Carolus Whisky Infused,"€ 3,05",Belgium,4.00,Brouwerij Het Anker,11.7%,Belgian Strong Dark Ale,330ml,"€ 9,24 per litre"
Cuvée Clarisse Rum Infused,"€ 3,20",Belgium,3.66,Brouwerij Wilderen,11.2%,Belgian Strong Dark Ale,330ml,"€ 9,70 per litre"
Royal Cookie: Black Forest Cake Imperial Stout,"€ 10,10",Poland,3.96,Funky Fluid,11%,Stout - Imperial / Double Pastry,Can 500ml,"€ 20,20 per litre"
Chug Low Alcohol Hazy Pale Ale,"€ 5,90",England,3.44,Mash Gang,0.5%,Non-Alcoholic - Pale Ale,Can 440ml,"€ 13,41 per litre"
Mango x Redcurrant x Blackberry Smoothie Sour Ale,"€ 7,40",Latvia,4.22,Ārpus Brewing Co.,5%,Sour - Smoothie / Pastry,Can 440ml,"€ 16,82 per litre"
Lucane Black IPA,"€ 3,50",Belgium,3.79,La Source Beer Co.,6%,IPA - Black / Cascadian Dark Ale,330ml,"€ 10,61 per litre"
Pils,"€ 0,80",Belgium,2.90,Brouwerij Martens,5.2%,Pilsner - Other,330ml,"€ 2,42 per litre"
Meggyes Pite,"€ 4,36",Hungary,3.73,Mad Scientist,8%,Sour - Smoothie / Pastry,330ml,"€ 13,21 per litre"
Lervig Rackhouse Off the Rack Paragon 75cl,"€ 46,20",Norway,4.28,LERVIG,13.1%,Barleywine - English,Bottle 750ml,"€ 61,60 per litre"
Wildwuchs Twee Barley Wine BA Whiskyfass,"€ 14,99",Germany,3.65,Wildwuchs Brauwerk Hamburg,12.9%,Barleywine - Other,330ml,"€ 45,42 per litre"
Krampus (2023),"€ 8,55",England,4.19,Tartarus Beers,14.2%,Porter - Imperial / Double,Can 440ml,"€ 19,43 per litre"
Krampus – Brandy Barrel Aged,"€ 21,25",England,4.18,Tartarus Beers,13.2%,Porter - Imperial / Double,Bottle 750ml,"€ 28,33 per litre"
Pontianak,"€ 5,99",England,3.83,Tartarus Beers,8.4%,Stout - Imperial / Double Milk,Can 440ml,"€ 13,61 per litre"
Wandering Into the Snow,"€ 9,50",United States,4.04,Abomination Brewing Company,9.1%,IPA - Imperial / Double Milkshake,473ml,"€ 20,08 per litre"
The Secret Life of Hops No.5,"€ 5,76",Germany,3.86,BrewHeart,6.8%,IPA - New England / Hazy,Can 440ml,"€ 13,09 per litre"
Garage IPA,"€ 2,90",Spain,3.60,Cervesa Espiga,6%,IPA - American,330ml,"€ 8,79 per litre"
Brewing the Storm – Maple Barrel Aged Imperial Stout,"€ 9,95",Germany,3.81,FrauGruber Brewing,13.8%,IPA - New England / Hazy,Can 440ml,"€ 22,61 per litre"
Retrowave – Double IPA,"€ 4,45",Germany,3.82,FrauGruber Brewing,8.5%,IPA - Imperial / Double New England / Hazy,Can 440ml,"€ 10,11 per litre"
Smooth Operator -. Double IPA,"€ 4,35",Germany,3.81,FrauGruber Brewing,8.3%,IPA - Imperial / Double New England / Hazy,Can 440ml,"€ 9,89 per litre"
Barrel Project 2024 Barley wine in Bourbon,"€ 5,35",Netherlands,4.00,Brouwerij Kees,10.9%,Barleywine - American,330ml,"€ 16,21 per litre"
Barrel Project 2023 Peated Edition,"€ 5,35",Netherlands,3.91,Brouwerij Kees,10%,Stout - Imperial / Double,330ml,"€ 16,21 per litre"
Barrel Project 2023 Barley wine in Bowmore,"€ 5,35",Netherlands,3.88,Brouwerij Kees,11%,Barleywine - Other,330ml,"€ 16,21 per litre"
Be Wise,"€ 2,51",Netherlands,3.18,Brouwerij Kees,0.3%,Non-Alcoholic - Wheat,330ml,"€ 7,61 per litre"
Oude Gueuze Brett-Elle,"€ 6,54",Belgium,3.87,Lambiek Fabriek,5.5%,Lambic - Gueuze,Bottle 375ml,"€ 17,44 per litre"
De Oude Cam: Gooikoorts Editie 2019,"€ 14,90",Belgium,4.24,Geuzestekerij De Cam,6.8%,Lambic - Gueuze,Bottle 375ml,"€ 39,73 per litre"
Sprong,"€ 36,95",Netherlands,4.26,Tommie Sjef,6.6%,Wild Ale - Other,Bottle 750ml,"€ 49,27 per litre"
Vanilla Bean Truth - Tahitian,"€ 77,99",United States,4.43,Tree House Brewing Company,13.2%,Stout - Imperial / Double,Bottle 750ml,"€ 49,27 per litre"
Double-Double Flip,"€ 79,99",United States,4.41,Tree House Brewing Company,13.2%,Stout - Imperial / Double,Bottle 750ml,"€ 49,27 per litre"
Ename Dubbel,"€ 2,20",Belgium,3.35,Brouwerij Roman,6.6%,Belgian Dubbel,330ml,"€ 6,67 per litre"
Double Fruited Vanilla Passion Fruit Hill  - Canned on 31-12-20,"€ 4,95",United States,4.06,Southern Grist Brewing Company,5.6%,Sour - Fruited,Can 470ml,"€ 10,53 per litre"
Pineapple Blueberry Raspberry Parfait Hill,"€ 4,95",United States,4.04,Southern Grist Brewing Company,5.6%,Sour - Fruited,Can 470ml,"€ 10,53 per litre"
Vanilla Strawberry Truffle Hill,"€ 3,85",United States,3.93,Southern Grist Brewing Company,5.8%,Sour - Fruited,Can 470ml,"€ 8,19 per litre"
Good Luck Hill,"€ 4,20",United States,3.93,Southern Grist Brewing Company,5.4%,Sour - Fruited,Can 470ml,"€ 8,94 per litre"
Pity Whop,"€ 4,00",United States,3.80,Southern Grist Brewing Company,8.9%,Stout - Milk / Sweet,Can 470ml,"€ 8,51 per litre"
I've Got Friends In The Music Business Barrel Aged Imperial Mexican Stout 2023,"€ 8,10",Netherlands,4.23,Brouwerij Frontaal/ The Bruery,14%,Stout - Imperial / Double,Can 330ml,"€ 24,55 per litre"
King Rufus Barleywine,"€ 5,40",Norway,3.77,LERVIG,15.6%,Barleywine - English,Can 330ml,"€ 16,36 per litre"
Umami Oyster Stout,"€ 5,05",Netherlands,3.77,Dutch Bargain,10%,Stout - Oyster,Can 330ml,"€ 15,30 per litre"
Foreign Legion 2023 Seline Sentinelle White Wine Barrel Aged Imperial Brown Ale,"€ 6,65",Netherlands,3.74,KOMPAAN Dutch Craft Beer Company,9.3%,Brown Ale - Imperial / Double,Can 330ml,"€ 20,15 per litre"
Dochter van de Burgemeester Blond,"€ 3,60",Netherlands,3.47,Bierbrouwerij De Magistraat,5.9%,Belgian Blonde,330ml,"€ 10,91 per litre"
Flotzinger Spezial Hell,"€ 4,20",Germany,3.51,Flötzinger Bräu,4.8%,Lager - Dortmunder / Export,500ml,"€ 8,40 per litre"
Lunar,"€ 7,50",Netherlands,3.85,Brouwerij 't Smakt,10.5%,Stout - Russian Imperial,330ml,"€ 22,73 per litre"
Tesselaar Bruuzer,"€ 3,90",Netherlands,3.52,Tesselaar Familiebrouwerij Diks,9%,Belgian Tripel,330ml,"€ 11,82 per litre"
Tesselaar Grombaard,"€ 3,40",Netherlands,3.43,Tesselaar Familiebrouwerij Diks,5%,Belgian Blonde,330ml,"€ 10,30 per litre"
Saison,"€ 8,00",Spain,3.67,Cyclic Beer Farm,5.8%,Farmhouse Ale - Saison,Bottle 750ml,"€ 10,67 per litre"
Gueuze 2021,"€ 10,10",Belgium,4.30,Brasserie Cantillon,5.5%,Lambic - Gueuze,Bottle 375ml,"€ 26,93 per litre"
Gueuze 2020,"€ 10,60",Belgium,4.26,Brasserie Cantillon,5.5%,Lambic - Gueuze,Bottle 375ml,"€ 28,27 per litre"
Gueuze 2022,"€ 10,10",Belgium,4.20,Brasserie Cantillon,5.5%,Lambic - Gueuze,Bottle 375ml,"€ 26,93 per litre"
Big Papa,"€ 5,50",Netherlands,3.82,Brouwerij LOST,12%,Stout - Russian Imperial,330ml,"€ 16,67 per litre"
Overboord,"€ 3,61",Netherlands,3.58,Stadsbrouwerij 013,5%,IPA - Imperial / Double,330ml,"€ 10,94 per litre"
Moedige Margaretha Quadrupel,"€ 3,80",Netherlands,3.56,Brouwerij De 12 Stuyvers,10%,Belgian Quadrupel,330ml,"€ 11,52 per litre"
Porno Blond,"€ 3,80",Netherlands,3.48,Brouwerij De Werf,6%,Belgian Blonde,Can 330ml,"€ 11,52 per litre"
KEIPA – Black Pepper Edition,"€ 2,79",Netherlands,3.64,Vat'33,5%,IPA - New England / Hazy,330ml,"€ 8,45 per litre"
KEIPA,"€ 2,79",Netherlands,3.57,Vat'33,5%,IPA - New England / Hazy,330ml,"€ 8,45 per litre"
Krampus – Brandy Barrel Aged,"€ 23,95",England,4.18,Tartarus Beers,12.2%,Porter - Imperial / Double,Bottle 750ml,"€ 31,93 per litre"
Paragon 2021 By Rackhouse,"€ 18,45",Norway,4.24,LERVIG,13.8%,Barleywine - Other,Bottle 375ml,"€ 49,20 per litre"
Doree,"€ 2,20",Belgium,3.55,Bières de Chimay,4.8%,Belgian Enkel / Patersbier,330ml,"€ 6,67 per litre"
Export Porter 1750,"€ 3,95",Netherlands,3.85,Brouwerij Kees,10.5%,Porter - Imperial / Double,330ml,"€ 11,97 per litre"
Enjoy The Silence,"€ 3,95",Netherlands,3.75,Brouwerij Kees,11.5%,Belgian Quadrupel,330ml,"€ 11,97 per litre"
Tunus,"€ 3,95",Netherlands,3.60,Brouwerij De Werf,9%,Belgian Tripel,330ml,"€ 11,97 per litre"
Nano-Tripel,"€ 4,20",Netherlands,3.52,Brouwerij 't Smakt,7.4%,Belgian Tripel,330ml,"€ 12,73 per litre"
Blond Genot,"€ 3,85",Netherlands,3.44,Brouwerij 't Smakt,6.5%,Belgian Blonde,330ml,"€ 11,67 per litre"
Zeeuwse Lust,"€ 3,30",Netherlands,3.39,Brouwerij Kees,6%,Wheat Beer - Hefeweizen,330ml,"€ 10,00 per litre"
Duister Verlangen,"€ 3,85",Netherlands,3.59,Brouwerij Vals Plat,7.5%,Porter - English,330ml,"€ 11,67 per litre"
Uwe HoogGijt De Tweede,"€ 7,05",Netherlands,3.96,Brouwerij de Natte Gijt/ Hooglander Bier,10%,Stout - Russian Imperial,330ml,"€ 21,36 per litre"
Alohawk,"€ 4,25",United States,3.66,Loomis Basin Brewing Company,8%,Strong Ale - American,473ml,"€ 8,99 per litre"
Langbräu Burggraf Dunkel,"€ 2,00",Germany,3.39,Lang-Bräu,5.5%,Lager - Munich Dunkel,500ml,"€ 4,00 per litre"
Andromeda 2.0 Imperial Stout x 3 Sons x Bottle Logic,"€ 18,70",Sweden,4.43,Omnipollo,15.2%,Stout - Imperial / Double Pastry,330ml,"€ 56,67 per litre"
NOA Basil Hayden BA Imperial Stout,"€ 18,70",Sweden,4.36,Omnipollo,14%,Stout - Imperial / Double Pastry,330ml,"€ 56,67 per litre"
Nebuchadnezzar DIPA,"€ 5,70",Sweden,3.92,Omnipollo,8.5%,IPA - Imperial / Double,330ml,"€ 17,27 per litre"
Hommage,"€ 13,76",Belgium,4.43,Brouwerij 3 Fonteinen,6%,Lambic - Framboise,Bottle 375ml,"€ 36,69 per litre"
Blossom Gueuze,"€ 16,54",Belgium,3.89,Brouwerij Lindemans,6%,Lambic - Gueuze,Bottle 750ml,"€ 22,05 per litre"
Bruin,"€ 1,72",Belgium,3.38,Den Herberg,9%,Brown Ale - Belgian,330ml,"€ 5,21 per litre"
Cuvée Deville,"€ 2,89",Belgium,3.32,Den Herberg,6.2%,Brett Beer,330ml,"€ 8,76 per litre"
Tarwe,"€ 1,52",Belgium,3.31,Den Herberg,5.2%,Wheat Beer - Witbier / Blanche,330ml,"€ 4,61 per litre"
Sunlight,"€ 6,30",Poland,3.94,Browar Birbant,10.1%,Stout - Imperial / Double Pastry,Can 500ml,"€ 12,60 per litre"
Oude Geuze Boon Black Label Edition #9,"€ 15,60",Belgium,4.02,Brouwerij Boon,7%,Lambic - Gueuze,Bottle 750ml,"€ 20,80 per litre"
Moersleutel x Marlobobo Nectar Fusion,"€ 13,70",Netherlands,3.85,Moersleutel Craft Brewery,11%,Rye Wine,Can 440ml,"€ 31,14 per litre"
Gouden Carolus Cuvee van de Keizer Blauw (Imperial Dark),"€ 8,95",Belgium,4.05,Brouwerij Het Anker,11%,Belgian Strong Dark Ale,Bottle 750ml,"€ 11,93 per litre"
Orval Trappist Ale,"€ 4,50",Belgium,3.68,Brasserie d'Orval,6.2%,Pale Ale - Belgian,Bottle 330ml,"€ 13,64 per litre"
Duchesse de Bourgogne,"€ 4,50",Belgium,3.66,Brouwerij Verhaeghe,6.2%,Sour - Flanders Red Ale,Bottle 330ml,"€ 13,64 per litre"
Kasteel Rubus Framboise,"€ 4,80",Belgium,3.57,Kasteel Brouwerij Vanhonsebrouck,7%,Fruit Beer,Bottle 330ml,"€ 14,55 per litre"
Chocolate Stout NITRO,"€ 3,30",Poland,3.69,Browar Stu Mostów,5.7%,Stout - Milk / Sweet,Bottle 500ml,"€ 6,60 per litre"
Rye Flux No 29,"€ 9,50",England,4.27,Brew York,10.6%,Stout - Imperial / Double Milk,330ml,"€ 28,79 per litre"
Tesselaar Bruuzer,"€ 3,50",Netherlands,3.52,Tesselaar Familiebrouwerij Diks,9%,Belgian Tripel,330ml,"€ 10,61 per litre"
Earth Guide For Aliens,"€ 7,70",Sweden,4.03,Elmeleven,8.2%,Sour - Smoothie / Pastry,Can 440ml,"€ 17,50 per litre"
"Async Imperial Stout W Honey, Cinnamon Berries & Vanilla","€ 8,65",Sweden,4.00,Nerdbrewing,10%,Stout - Imperial / Double,330ml,"€ 26,21 per litre"
Jubel (2023),"€ 14,95",Netherlands,3.95,Nevel Wild Ales,6.3%,Wild Ale - Other,Bottle 750ml,"€ 19,93 per litre"
B.A. Baracus,"€ 9,45",Netherlands,4.01,Rock City Brewing,17%,Stout - Imperial / Double,330ml,"€ 28,64 per litre"
Adelheid Oaked V2,"€ 3,55",Belgium,3.76,Brouwerij de HopHemel,11.5%,Barleywine - American,330ml,"€ 10,76 per litre"
Wild#17 Mixed Fermentation Saison,"€ 7,00",Poland,3.95,Browar Stu Mostów,7.5%,Farmhouse Ale - Saison,Bottle 375ml,"€ 18,67 per litre"
Mansueto (2023),"€ 13,65",Italy,4.36,CRAK Brewery,13%,Barleywine - English,Bottle 375ml,"€ 36,40 per litre"
Rochefort 6,"€ 2,15",Belgium,3.71,Abbaye Notre-Dame de Saint-Rémy,7.5%,Belgian Dubbel,330ml,"€ 6,52 per litre"
Snakebite,"€ 2,30",Belgium,3.21,Brouwerij Het Nest,7.9%,Cider - Graff,330ml,"€ 6,97 per litre"
Ekuanot & Idaho Gem,"€ 5,00",Spain,3.86,Cervesa Espiga,6.3%,IPA - New England / Hazy,Can 440ml,"€ 11,36 per litre"
Motueka & Kohatu,"€ 5,00",Spain,3.85,Cervesa Espiga,6.3%,IPA - New England / Hazy,Can 440ml,"€ 11,36 per litre"
Porter,"€ 2,30",Spain,3.44,Cervesa Espiga,5%,Porter - English,330ml,"€ 6,97 per litre"
Phi,"€ 3,05",Belgium,3.81,Brouwerij Alvinne,8%,Sour - Other,Bottle 330ml,"€ 9,24 per litre"
Berliner Perle Helles,"€ 2,99",Germany,3.41,Brauerei Lemke,4.9%,Lager - Helles,330ml,"€ 9,06 per litre"
Pittiplatsch BIO-Fassbrause,"€ 2,39",Germany,3.19,BRLO,4.9%,Non-Alcoholic Beer - Other,330ml,"€ 7,24 per litre"
Kessel Run,"€ 7,80",England,3.68,Emperor's Brewery,13.1%,Porter - Imperial / Double,330ml,"€ 23,64 per litre"
Hubris Gamay,"€ 13,00",France,3.95,Brasserie Tempérance,6.3%,Grape Ale - Other,Bottle 750ml,"€ 17,33 per litre"
Hubris Malum,"€ 11,00",France,3.95,Brasserie Tempérance,4.25%,Grape Ale - Other,Bottle 750ml,"€ 14,67 per litre"
Tempérance,"€ 14,00",Spain,3.88,Cyclic Beer Farm,3.7%,Wild Ale - Other,Bottle 750ml,"€ 18,67 per litre"
Rosée des Crosses,"€ 14,00",Belgium,3.86,L'Ermitage,7%,Grape Ale - Other,Bottle 750ml,"€ 18,67 per litre"
Tempérance,"€ 16,00",France,3.79,Brasserie La Malpolon,7.3%,Grape Ale - Other,Bottle 750ml,"€ 21,33 per litre"
Pilsner,"€ 1,80",Poland,3.24,Browar Zamkowy Cieszyn,4.8%,Pilsner - Czech / Bohemian,Can 500ml,"€ 3,60 per litre"
Gooikoorts 2019,"€ 22,95",Belgium,4.24,Geuzestekerij De Cam,6%,Lambic - Gueuze,Can 500ml,"€ 3,60 per litre"
8 Bit Mario Tart Colada Coastline,"€ 7,49",United States,3.99,8 bit Brewing Company,6.5%,Sour - Fruited,Can 470ml,"€ 15,94 per litre"
Franc,"€ 29,00",Netherlands,4.27,Tommie Sjef,7.7%,Wild Ale - Other,Bottle 750ml,"€ 38,67 per litre"
Kriek,"€ 29,80",Netherlands,4.24,Tommie Sjef,6%,Wild Ale - Other,Bottle 750ml,"€ 39,73 per litre"
Bitter,"€ 29,00",Netherlands,4.19,Tommie Sjef,7%,Farmhouse Ale - Bière de Coupage,Bottle 750ml,"€ 38,67 per litre"
Blaugies Saison d'Epeautre,"€ 7,27",Belgium,3.72,Brasserie de Blaugies,6%,Farmhouse Ale - Saison,Bottle 750ml,"€ 9,69 per litre"
Blaugies Saison d'Epeautre,"€ 5,61",Belgium,3.72,Brasserie de Blaugies,6%,Farmhouse Ale - Saison,Bottle 375ml,"€ 14,96 per litre"
Schneider Kristall Weizen TAP 2 50cl,"€ 4,50",Germany,3.51,Schneider Weisse G. Schneider & Sohn,4.9%,Wheat Beer - Kristallweizen,500ml,"€ 9,00 per litre"
Tilquin Oude Viognier Tilquin à l'ancienne 75cl,"€ 27,50",Belgium,4.13,Gueuzerie Tilquin,7.3%,Lambic - Fruit,Bottle 750ml,"€ 36,67 per litre"
Tilquin Pinot Meunier Tilquin sur Marc 75cl,"€ 23,30",Belgium,4.13,Gueuzerie Tilquin,6.6%,Lambic - Fruit,Bottle 750ml,"€ 31,07 per litre"
Brique House / Au Baron Hello Darkness,"€ 7,15",France,3.53,Brique House Brewery,4.6%,Farmhouse Ale - Saison,Bottle 750ml,"€ 9,53 per litre"
Bistro Orangealicious,"€ 10,20",United States,4.22,Energy City Brewing,8%,Sour - Fruited Berliner Weisse,473ml,"€ 21,56 per litre"
Rêve Coffee Stout,"€ 8,90",United States,4.21,Parish Brewing Co.,6.8%,Stout - Coffee,473ml,"€ 21,56 per litre"
Blizzy: Blueberry Raspberry Cotton Candy,"€ 10,90",United States,4.20,Fifth Frame Brewing Co.,5.8%,Sour - Smoothie / Pastry,473ml,"€ 21,56 per litre"
Double Dry-Hopped Luck Up,"€ 9,20",United States,4.17,Fifth Frame Brewing Co.,7%,IPA - New England / Hazy,473ml,"€ 21,56 per litre"
Becher Jean Paul Bier,"€ 1,90",Germany,3.19,Becher Bräu,5.5%,Lager - Munich Dunkel,330ml,"€ 5,76 per litre"
#Friendshipgoals A La Mode,"€ 10,30",United States,3.95,Casita Brewing Company,6.5%,Stout - Coffee,473ml,"€ 21,78 per litre"
Heavy Cross TIPA,"€ 3,90",Netherlands,3.68,Jopen,10%,IPA - Triple,330ml,"€ 11,82 per litre"
Schuppenboer Grand Cru,"€ 3,20",Belgium,3.67,Brouwerij Het Nest,10%,Belgian Tripel,330ml,"€ 9,70 per litre"
Tynt Meadow Trappist Ale,"€ 4,00",England,3.64,Mount Saint Bernard Abbey,7.4%,Strong Ale - English,330ml,"€ 12,12 per litre"
Ketelbinkie,"€ 3,51",Netherlands,3.46,Brouwerij Homeland,10%,IPA - Session,330ml,"€ 10,64 per litre"
Super Cadix,"€ 2,40",Belgium,3.46,Antwerpse Brouw Compagnie,5.6%,Lager - IPL (India Pale Lager),330ml,"€ 7,27 per litre"
Katzwijm,"€ 3,51",Netherlands,3.45,Brouwerij Homeland,10%,IPA - American,330ml,"€ 10,64 per litre"
Donderbus,"€ 7,25",Netherlands,3.76,Brouwerij Homeland,11.2%,Stout - Pastry,330ml,"€ 21,97 per litre"
Van Honsebrouck Kasteel Rubus Framboise,"€ 2,95",Belgium,3.57,Kasteel Brouwerij Vanhonsebrouck,7%,Fruit Beer,330ml,"€ 8,94 per litre"
Amsterdams Wit,"€ 3,24",Netherlands,3.46,Brouwerij Homeland,10%,Wheat Beer - Witbier / Blanche,330ml,"€ 9,82 per litre"
Je Moeder,"€ 9,99",Netherlands,3.50,Vet & Lazy,8.5%,Belgian Tripel,Bottle 750ml,"€ 13,32 per litre"
Jimmy's Popcorn Pale Ale,"€ 3,49",Netherlands,3.05,Vet & Lazy,6%,Pale Ale - Other,330ml,"€ 10,58 per litre"
Red Wine B.A. Baraccus,"€ 8,79",Netherlands,4.01,Rock City Brewing,16%,Stout - Imperial / Double,330ml,"€ 26,64 per litre"
Loveship,"€ 5,45",Netherlands,3.82,vandeStreek bier,9%,IPA - Imperial / Double New England / Hazy,330ml,"€ 16,52 per litre"
Bye Van Rye,"€ 7,45",Netherlands,3.79,Rock City Brewing,11.3%,Rye Wine,330ml,"€ 22,58 per litre"
LIQWIT,"€ 2,47",Netherlands,3.43,MIQMAQ,6%,Wheat Beer - Witbier / Blanche,330ml,"€ 7,48 per litre"
TRIPLE MALT QREATION,"€ 2,79",Netherlands,3.36,MIQMAQ,8%,Belgian Tripel,330ml,"€ 8,45 per litre"
Zeebonk,"€ 3,75",Netherlands,3.62,Brouwerij Homeland,5%,IPA - New England / Hazy,330ml,"€ 11,36 per litre"
Valreep,"€ 6,89",Netherlands,3.86,Brouwerij Homeland,5%,Stout - Imperial / Double Pastry,330ml,"€ 20,88 per litre"
Pieremegoggel,"€ 3,90",Netherlands,3.39,Brouwerij Homeland,5.9%,Farmhouse Ale - Saison,330ml,"€ 11,82 per litre"
Abbaye des Rocs Blonde,"€ 2,29",Belgium,3.29,Brasserie de l'Abbaye des Rocs,6.5%,Belgian Tripel,330ml,"€ 6,94 per litre"
Lervig Tasty Juice,"€ 7,20",Norway,3.87,LERVIG,6%,IPA - American,500ml,"€ 14,40 per litre"
Long Manteau de Velours,"€ 9,90",France,4.08,Fauve,10%,Barleywine - English,Bottle 375ml,"€ 26,40 per litre"
Gardées,"€ 14,90",France,4.05,Brasserie La Malpolon,8.4%,Farmhouse Ale - Bière de Garde,Bottle 750ml,"€ 19,87 per litre"
Welcome To Man Cave,"€ 8,00",United States,3.95,Thin Man Brewery,7%,IPA - American,Bottle 750ml,"€ 19,87 per litre"
For A Good Time Just Add Beer,"€ 4,50",United States,3.85,Fifth Frame Brewing Co.,8.5%,IPA - Imperial / Double New England / Hazy,Bottle 750ml,"€ 19,87 per litre"
Will Work For Beer,"€ 4,50",United States,3.82,Johnson City Brewing Company,8.2%,IPA - Imperial / Double New England / Hazy,Bottle 750ml,"€ 19,87 per litre"
Save Water Drink Beer,"€ 4,50",United States,3.78,Last Wave Brewing Co.,4.5%,Sour - Fruited,Bottle 750ml,"€ 19,87 per litre"
Beer It's not just for breakfast anywhere,"€ 4,50",United States,3.51,Rochester Mills Production Brewery & Taproom,5.2%,Stout - Milk / Sweet,Bottle 750ml,"€ 19,87 per litre"
Destination Motherland,"€ 7,10",Scotland,3.68,Overtone Brewing Co,5.5%,Sour - Fruited Gose,Can 440ml,"€ 16,14 per litre"
Braambes,"€ 20,07",Belgium,3.75,Brouwerij Kestemont,6%,Lambic - Fruit,Bottle 750ml,"€ 26,76 per litre"
Braambes,"€ 12,59",Belgium,3.75,Brouwerij Kestemont,6%,Lambic - Fruit,Bottle 375ml,"€ 33,57 per litre"
Vicaris Nano,"€ 2,30",Belgium,3.27,Brouwerij Dilewyns,0.3%,Non-Alcoholic - Other,330ml,"€ 6,97 per litre"
Nillis,"€ 2,00",Netherlands,3.04,Bierbrouwerij De Koningshoeven,,Non-Alcoholic - Other,330ml,"€ 6,06 per litre"
Tripel Hop,"€ 2,30",Belgium,2.93,Force Majeure,0.4%,Non-Alcoholic - Other,330ml,"€ 6,97 per litre"
Centaur Army 2023 Imperial Pastry Stout,"€ 11,10",England,4.40,Neon Raptor Brewing Co.,13%,Stout - Imperial / Double Pastry,Can 440ml,"€ 25,23 per litre"
Cellar Series Dutch Ambassador Blend Barrel Aged Imperial Stout,"€ 9,50",Estonia,4.27,Põhjala,13%,Stout - Imperial / Double,330ml,"€ 28,79 per litre"
Cellar Series Wild Dark Nights Whisky Barrel Aged Imperial Stout,"€ 9,60",Estonia,4.18,Põhjala,12%,Stout - Imperial / Double,330ml,"€ 29,09 per litre"
Grand Cru,"€ 9,80",Belgium,3.71,Brasserie St-Feuillien,9.5%,Belgian Strong Golden Ale,Bottle 750ml,"€ 13,07 per litre"
Rituel 9 Zwaar Blond,"€ 3,05",Belgium,3.64,Abbaye de Leffe,9%,Belgian Strong Golden Ale,330ml,"€ 9,24 per litre"
Cassis Lambic Beer,"€ 2,40",Belgium,3.63,Brouwerij Lindemans,3.5%,Lambic - Fruit,Bottle 250ml,"€ 9,60 per litre"
Nieuw Ligt Barleywine,"€ 4,30",Netherlands,3.60,Brouwerij De Hemel,10%,Barleywine - English,330ml,"€ 13,03 per litre"
Hefe-Weissbier Dunkel,"€ 2,25",Germany,3.55,Paulaner Brauerei,5.3%,Wheat Beer - Dunkelweizen,500ml,"€ 4,50 per litre"
Karel Glutenvrij Session IPA Blik SB,"€ 3,75",Netherlands,3.41,Kaapse Brouwers,4.5%,IPA - Session,330ml,"€ 11,36 per litre"
Dubbel Glutenvrij,"€ 3,30",Belgium,3.34,Brouwerij Slaapmutske,7.4%,Gluten-Free,330ml,"€ 10,00 per litre"
Harrie Blond Saison Gluten Free Blik SB,"€ 3,60",Netherlands,3.28,Kaapse Brouwers,6.1%,Farmhouse Ale - Saison,330ml,"€ 10,91 per litre"
Double Black Mash 2020 Cedar Finish Version Double Mash Imperial Stout,"€ 24,95",Denmark,3.89,Amager Bryghus,12%,Stout - Imperial / Double,Bottle 750ml,"€ 33,27 per litre"
Erdinger Alkoholfrei,"€ 1,75",Germany,2.90,Erdinger Weissbräu,0.4%,Non-Alcoholic - Wheat,500ml,"€ 3,50 per litre"
Clausthaler Alkoholfrei,"€ 1,10",Germany,2.56,Radeberger Gruppe,0.5%,Non-Alcoholic - Lager,330ml,"€ 3,33 per litre"
Nikl weiße Eule Hefeweißbier,"€ 2,10",Germany,3.62,Nikl-Bräu Pretzfeld,5.5%,Wheat Beer - Hefeweizen,500ml,"€ 4,20 per litre"
Straffe Hendrik Wild 2023,"€ 2,70",Belgium,3.47,Brouwerij De Halve Maan,10%,Brett Beer,330ml,"€ 8,18 per litre"
Sportzot,"€ 2,00",Belgium,2.76,Brouwerij De Halve Maan,0.4%,Non-Alcoholic - Pale Ale,330ml,"€ 6,06 per litre"
Kenia,"€ 6,00",Spain,3.50,DÚA Sparkling Beer,4.2%,Farmhouse Ale - Grisette,Can 440ml,"€ 13,64 per litre"
Sacred Heart VII,"€ 22,52",France,3.71,La Débauche,25%,Freeze-Distilled Beer,330ml,"€ 68,24 per litre"
Double Belge,"€ 7,80",France,3.50,La Débauche,7%,Belgian Dubbel,Bottle 750ml,"€ 10,40 per litre"
Altenbeer 2022,"€ 16,57",Belgium,3.89,L'Ermitage,7%,Grape Ale - Other,Bottle 750ml,"€ 10,40 per litre"
L'Ermitage / Land & Labour Ceallach,"€ 3,61",Belgium,3.69,L'Ermitage,4.5%,Stout - Irish Dry,330ml,"€ 10,94 per litre"
L'Ermitage / Sutton La Petite Swill,"€ 16,57",Belgium,3.64,L'Ermitage,6%,Farmhouse Ale - Saison,330ml,"€ 10,94 per litre"
Giulia,"€ 11,40",Scotland,4.00,Up Front Brewing,11%,Barleywine - Other,Can 440ml,"€ 25,91 per litre"
Isle Of Mixed Ferm,"€ 10,80",Scotland,3.71,Up Front Brewing,9.8%,Sour - Fruited,Can 440ml,"€ 24,55 per litre"
Zero Tolerance,"€ 3,25",Netherlands,3.01,Brouwerij Noordt,0.5%,Non-Alcoholic - Pale Ale,330ml,"€ 9,85 per litre"
An Equatorial Detour,"€ 18,50",Canada,4.14,Trial & Ale Brewing Company,6.7%,Sour - Fruited,Bottle 750ml,"€ 24,67 per litre"
Dornfelder/Kriek,"€ 42,90",Belgium,4.33,Brouwerij 3 Fonteinen,6.7%,Lambic - Fruit,Bottle 750ml,"€ 57,20 per litre"
Pruim Dubbele Altesse,"€ 33,20",Belgium,4.30,Brouwerij 3 Fonteinen,6%,Lambic - Fruit,Bottle 750ml,"€ 44,27 per litre"
Organic Pils,"€ 3,10",Poland,3.55,ReCraft,4.8%,Pilsner - Other,Can 500ml,"€ 6,20 per litre"
Baltic Porter Day 2022 BA,"€ 8,95",Estonia,4.10,Põhjala,10%,Porter - Imperial / Double Baltic,330ml,"€ 27,12 per litre"
Brewdog Hazy Jane,"€ 2,50",Scotland,3.67,BrewDog,5%,IPA - New England / Hazy,330ml,"€ 7,58 per litre"
Tripel Kanunnik,"€ 2,90",Belgium,3.67,Brouwerij Wilderen,8.2%,Belgian Tripel,330ml,"€ 8,79 per litre"
Troubadour Imperial Stout,"€ 3,10",Belgium,3.64,Brouwerij The Musketeers,9%,Stout - Belgian,330ml,"€ 9,39 per litre"
"Duvel 6,66%","€ 2,95",Belgium,3.61,Duvel Moortgat,6.66%,Belgian Blonde,330ml,"€ 8,94 per litre"
Tripel,"€ 3,10",Belgium,?,Abbaye de Maredsous,10%,Belgian Tripel,330ml,"€ 9,39 per litre"
Sprøng,"€ 39,99",Netherlands,4.18,Tommie Sjef,7.1%,Wild Ale - Other,Bottle 750ml,"€ 53,32 per litre"
Druif,"€ 39,99",Netherlands,4.13,Tommie Sjef,7.5%,Wild Ale - Other,Bottle 750ml,"€ 53,32 per litre"
Saaz,"€ 29,99",Netherlands,4.12,Tommie Sjef,6.8%,Wild Ale - Other,Bottle 750ml,"€ 39,99 per litre"
Lux Interior,"€ 6,99",England,3.74,Sureshot Brewing,7%,Stout - Other,Can 440ml,"€ 15,89 per litre"
Bacchus Kriek,"€ 3,50",Belgium,3.69,Kasteel Brouwerij Vanhonsebrouck,5.8%,Sour - Flanders Oud Bruin,Can 440ml,"€ 15,89 per litre"
Insel-Brauerei East Coast IPA,"€ 3,89",Germany,3.51,Rügener Insel-Brauerei,5.6%,IPA - New England / Hazy,330ml,"€ 11,79 per litre"
Störtebeker Atlantik Ale Alkoholfrei,"€ 2,19",Germany,3.38,Störtebeker Braumanufaktur,0.5%,Non-Alcoholic - Pale Ale,500ml,"€ 4,38 per litre"
Cinq Cents,"€ 5,95",Belgium,3.73,Bières de Chimay,8%,Belgian Tripel,Bottle 750ml,"€ 7,93 per litre"
Duvel Tripel Hop Citra,"€ 3,69",Belgium,3.68,Duvel Moortgat,9.5%,IPA - Belgian,330ml,"€ 11,18 per litre"
Harrie BA '23,"€ 6,50",Netherlands,3.59,Kaapse Brouwers,6.1%,Farmhouse Ale - Saison,Bottle 375ml,"€ 17,33 per litre"
Auguste BA '23,"€ 6,50",Netherlands,3.55,Kaapse Brouwers,6.5%,Farmhouse Ale - Saison,Bottle 375ml,"€ 17,33 per litre"
Be Wise,"€ 2,50",Netherlands,3.18,Brouwerij Kees,0.3%,Non-Alcoholic - Wheat,330ml,"€ 7,58 per litre"
Fellowship 2022 A Pile of Stone,"€ 23,95",Belgium,3.76,Brouwerij Alvinne,9%,Farmhouse Ale - Saison,Bottle 750ml,"€ 31,93 per litre"
Cuvée Clarisse Whisky Infused,"€ 3,25",Belgium,3.75,Brouwerij Wilderen,10.2%,Belgian Strong Dark Ale,Bottle 750ml,"€ 31,93 per litre"
Fourchette,"€ 8,50",Belgium,3.68,Brouwerij Van Steenberge,7.5%,Belgian Tripel,Bottle 750ml,"€ 11,33 per litre"
Moinette Blonde,"€ 2,70",Belgium,3.56,Brasserie Dupont,8.5%,Belgian Strong Golden Ale,Bottle 750ml,"€ 11,33 per litre"
23060 Kapittel Tripel Abt 10,"€ 2,55",Belgium,3.53,Leroy Breweries,10%,Belgian Tripel,Bottle 750ml,"€ 11,33 per litre"
Pime ÖÖ Imperial Stout,"€ 6,60",Estonia,4.07,Põhjala,13.6%,Stout - Imperial / Double,330ml,"€ 20,00 per litre"
Zidania,"€ 34,50",Switzerland,4.17,Brasserie des Franches-Montagnes (BFM),8.2%,Bière de Champagne / Bière Brut,Bottle 750ml,"€ 46,00 per litre"
Plum Depths,"€ 4,80",Poland,4.04,Browar Stu Mostów,9%,Porter - Baltic,Bottle 330ml,"€ 14,55 per litre"
Sherry Shadow,"€ 8,00",Poland,3.88,Browar Stu Mostów,11%,Porter - Imperial / Double Baltic,Bottle 330ml,"€ 24,24 per litre"
Hubble Dry-Hopped Wild Ale,"€ 9,70",Denmark,3.79,Observatoriet,6.5%,Wild Ale - Other,Bottle 375ml,"€ 25,87 per litre"
{K}omlós 2022,"€ 3,32",Hungary,3.60,BudaPrés Cider,6.2%,Cider - Herbed / Spiced / Hopped,330ml,"€ 10,06 per litre"
St. Feuillien Blonde,"€ 3,90",Belgium,3.49,Brasserie St-Feuillien,7.5%,Belgian Strong Golden Ale,330ml,"€ 11,82 per litre"
Schneider Weiss Low Alcohol Tap 3,"€ 3,20",Germany,?,Bavarian Outback Brewing Company,7.5%,Wheat Beer - Hefeweizen,500ml,"€ 6,40 per litre"
Long Manteau de Velours – BW BA 12 mois,"€ 8,79",France,4.08,Fauve,10%,Barleywine - English,Bottle 375ml,"€ 23,44 per litre"
Paupière du Ciel – IS BA 12 Mois,"€ 9,70",France,4.03,Fauve,12%,Stout - Imperial / Double,Bottle 375ml,"€ 25,87 per litre"
Tilquin - Gewurzt A L'Ancienne 75cl,"€ 25,00",Belgium,4.22,Gueuzerie Tilquin,8.4%,Lambic - Fruit,Bottle 750ml,"€ 33,33 per litre"
Kriek,"€ 2,29",Belgium,3.57,Brouwerij Lindemans,3.5%,Lambic - Kriek,Bottle 250ml,"€ 9,16 per litre"
Beer : Barrel : Time Rye (2022),"€ 359,95",United States,4.78,Side Project Brewing,15%,Stout - Imperial / Double,Bottle 250ml,"€ 9,16 per litre"
BRETT-NAT (2021),"€ 14,71",France,4.15,Popihn Sauvages,6.8%,Wild Ale - Other,Bottle 750ml,"€ 19,61 per litre"
Paix Dieu (Octobre 2023),"€ 3,56",Belgium,3.77,Brasserie Caulier,10%,Belgian Tripel,330ml,"€ 10,79 per litre"
Lux Interior,"€ 5,93",England,3.74,Sureshot Brewing,7%,Stout - Other,Can 440ml,"€ 13,48 per litre"
Tilburg Trappers Weizen,"€ 3,25",Netherlands,3.41,Stadsbrouwerij 013,5.5%,Wheat Beer - Hefeweizen,330ml,"€ 9,85 per litre"
Kruikje Blond,"€ 2,95",Netherlands,3.32,Stadsbrouwerij 013,6.5%,Blonde / Golden Ale - Other,330ml,"€ 8,94 per litre"
Shadow Assassin Dru BA,"€ 5,95",Netherlands,3.84,Van Moll,11%,Barleywine - Other,330ml,"€ 18,03 per litre"
Martha Sexy Blond,"€ 2,55",Belgium,3.51,The Brew Society,8%,Belgian Strong Golden Ale,330ml,"€ 7,73 per litre"
Puddletown Punch,"€ 6,99",United States,3.86,Great Notion Brewing,7%,Sour - Fruited,330ml,"€ 7,73 per litre"
Bourbon County Brand Bananas Foster Stout (2023),"€ 51,95",United States,4.23,Goose Island Beer Co.,14.6%,Stout - Imperial / Double Pastry,500ml,"€ 103,90 per litre"
Bourbon County Brand Backyard Rye Stout (2023),"€ 59,95",United States,4.15,Goose Island Beer Co.,13.9%,Stout - Imperial / Double,500ml,"€ 119,90 per litre"
La Guillotine,"€ 2,75",Belgium,3.57,Delirium - Huyghe Brewery,8.5%,Belgian Strong Golden Ale,330ml,"€ 8,33 per litre"
Nebuchadnezzar Imperial IPA,"€ 5,10",Sweden,3.62,Omnipollo,8%,IPA - Imperial / Double,Can 330ml,"€ 15,45 per litre"
5 Fruit Gose Non Alcoholic,"€ 3,50",Scotland,3.38,BRULO,,Non-Alcoholic - Sour,Can 330ml,"€ 10,61 per litre"
De Smokkelaar Contrabande,"€ 5,25",Netherlands,3.62,Brouwerij de Smokkelaar,9%,Stout - American,Can 440ml,"€ 11,93 per litre"
Tripel Honnie,"€ 4,25",Netherlands,3.48,De Grieze,8.4%,Honey Beer,330ml,"€ 12,88 per litre"
Urhell,"€ 2,00",Germany,3.32,Brauerei Nothhaft,4.9%,Lager - Helles,500ml,"€ 4,00 per litre"
Straffe Hendrik Quadrupel,"€ 6,80",Belgium,3.89,Brouwerij De Halve Maan,11%,Belgian Quadrupel,330ml,"€ 20,61 per litre"
Straffe Hendrik Tripel,"€ 6,00",Belgium,3.76,Brouwerij De Halve Maan,9%,Belgian Tripel,330ml,"€ 18,18 per litre"
Råg-Kaggen Agitator Stormaktsporter 2022 Imperial Porter,"€ 19,95",Sweden,4.27,Närke Kulturbryggeri,12.1%,Stout - Imperial / Double,Bottle 250ml,"€ 79,80 per litre"
Melding Minds Speyside Barrel Aged Imperial Stout,"€ 7,65",Scotland,4.18,Tempest Brewing Co.,11.5%,Stout - Imperial / Double,Can 330ml,"€ 23,18 per litre"
Oude Geuze Golden Blend 20/21 Assemblage N°34,"€ 33,97",Belgium,4.32,Brouwerij 3 Fonteinen,7.3%,Lambic - Gueuze,Bottle 750ml,"€ 45,29 per litre"
Avec les Bons Voeux,"€ 6,95",Belgium,3.80,Brasserie Dupont,9.5%,Farmhouse Ale - Saison,Bottle 750ml,"€ 9,27 per litre"
Saint Lamvinus (2022),"€ 34,95",Belgium,4.26,Brasserie Cantillon,7%,Lambic - Fruit,Bottle 750ml,"€ 46,60 per litre"
Hanalei Island,"€ 3,49",United States,3.55,Kona Brewing Company,4.5%,IPA - Fruited,355ml,"€ 9,83 per litre"
Big Wave Golden Ale,"€ 3,49",United States,3.52,Kona Brewing Company,4.4%,Blonde / Golden Ale - American,355ml,"€ 9,83 per litre"
Tilquin Gueuze 2020-2021,"€ 48,97",Belgium,4.06,Gueuzerie Tilquin,7%,Lambic - Gueuze,Bottle 1500ml,"€ 32,65 per litre"
Siren Soundwave Tumbler,"€ 6,00",England,3.72,Siren Craft Brew,5.6%,IPA - American,330ml,"€ 18,18 per litre"
Winter master,"€ 2,50",Belgium,3.76,Brewery De Meester,12%,Barleywine - Other,330ml,"€ 7,58 per litre"
Winterbinkske Grand Cru 2023,"€ 15,95",Belgium,3.97,Brouwerij Kerkom,13%,Belgian Strong Dark Ale,Bottle 750ml,"€ 21,27 per litre"
Tilquin Oude Reinette Étoilée À l'ancienne,"€ 19,95",Belgium,4.03,Gueuzerie Tilquin,6.8%,Lambic - Fruit,Bottle 750ml,"€ 26,60 per litre"
Dolle Brouwers Stille Nacht Reserva 2015,"€ 99,95",Belgium,4.21,Brouwerij De Dolle Brouwers,12%,Belgian Strong Golden Ale,Bottle 750ml,"€ 133,27 per litre"
Pastry Killer Vol. 5,"€ 5,70",Poland,3.83,TankBusters.Co,7%,Sour - Smoothie / Pastry,500ml,"€ 11,40 per litre"
BILLY'S HOP,"€ 6,60",Germany,3.82,BrewHeart,8.2%,IPA - Imperial / Double New England / Hazy,Can 440ml,"€ 15,00 per litre"
The Omen,"€ 4,20",Poland,3.65,TankBusters.Co,6.5%,IPA - Black / Cascadian Dark Ale,500ml,"€ 8,40 per litre"
Let Me In,"€ 4,00",Poland,3.60,TankBusters.Co,5.2%,Porter - English,500ml,"€ 8,00 per litre"
Struise Cuvée Delphine Vintage 2020,"€ 5,60",Belgium,4.23,De Struise Brouwers,13%,Stout - Russian Imperial,330ml,"€ 16,97 per litre"
Bier Met De Letter C,"€ 3,95",Netherlands,3.30,Mister Hop,5.5%,Blonde / Golden Ale - Other,330ml,"€ 11,97 per litre"
Bier Met De Letter D,"€ 3,95",Netherlands,3.30,Mister Hop,5.5%,Blonde / Golden Ale - Other,330ml,"€ 11,97 per litre"
Bier Met De Letter F,"€ 3,95",Netherlands,3.30,Mister Hop,5.5%,Blonde / Golden Ale - Other,330ml,"€ 11,97 per litre"
Bier Met De Letter G,"€ 3,95",Netherlands,3.30,Mister Hop,5.5%,Blonde / Golden Ale - Other,330ml,"€ 11,97 per litre"
Bier Met De Letter I,"€ 3,95",Netherlands,3.30,Mister Hop,5.5%,Blonde / Golden Ale - Other,330ml,"€ 11,97 per litre"
Bier Met De Letter L,"€ 3,95",Netherlands,3.30,Mister Hop,5.5%,Blonde / Golden Ale - Other,330ml,"€ 11,97 per litre"
Bier Met De Letter Q,"€ 3,95",Netherlands,3.30,Mister Hop,5.5%,Blonde / Golden Ale - Other,330ml,"€ 11,97 per litre"
Bier Met De Letter T,"€ 3,95",Netherlands,3.30,Mister Hop,5.5%,Blonde / Golden Ale - Other,330ml,"€ 11,97 per litre"
Bier Met De Letter W,"€ 3,95",Netherlands,3.30,Mister Hop,5.5%,Blonde / Golden Ale - Other,330ml,"€ 11,97 per litre"
Bier Met De Letter X,"€ 3,95",Netherlands,3.30,Mister Hop,5.5%,Blonde / Golden Ale - Other,330ml,"€ 11,97 per litre"
Bier Met De Letter Y,"€ 3,95",Netherlands,3.30,Mister Hop,5.5%,Blonde / Golden Ale - Other,330ml,"€ 11,97 per litre"
Bier Met De Letter Z,"€ 3,95",Netherlands,3.30,Mister Hop,5.5%,Blonde / Golden Ale - Other,330ml,"€ 11,97 per litre"
Dolle Brouwers Stille Nacht 2017,"€ 9,95",Belgium,4.12,Brouwerij De Dolle Brouwers,12%,Belgian Strong Golden Ale,330ml,"€ 30,15 per litre"
Oude Geuze Golden Blend Honing 20/21 Assemblage N°35,"€ 33,97",Belgium,4.33,Brouwerij 3 Fonteinen,7.3%,Lambic - Gueuze,Bottle 750ml,"€ 45,29 per litre"
Roasters Paradise Kianderi - Kenya Coffee Imperial Stout,"€ 10,99",Hungary,4.15,Mad Scientist,13%,Stout - Imperial / Double Coffee,330ml,"€ 33,30 per litre"
Tennessee Dice Roller Imperial Stout w. Almond & Vanilla,"€ 9,99",Hungary,4.05,Mad Scientist,12.5%,Stout - Imperial / Double,330ml,"€ 30,27 per litre"
Tiny Barrel Project Repo Man Bourbon Barrel Aged Imperial Stout,"€ 12,99",Hungary,3.92,Mad Scientist,11%,Stout - Imperial / Double,330ml,"€ 39,36 per litre"
MadX/Adroit Theory Liquid X Wine Barrel Aged Sour IPA,"€ 24,99",Hungary,3.80,MadX,8.3%,IPA - Sour,Bottle 750ml,"€ 33,32 per litre"
Funk Soul Brother 2023 Brett IPA,"€ 29,99",Hungary,3.78,MadX,9.5%,IPA - Brett,Bottle 750ml,"€ 39,99 per litre"
Kråka Bourbon BA,"€ 5,70",Belgium,3.56,NordHunn,8.5%,Belgian Strong Dark Ale,330ml,"€ 17,27 per litre"
Taureau Blond Bourbon Cognac Barrel Aged,"€ 6,30",Belgium,3.90,Brouwerij Vandijck,13.9%,Belgian Strong Golden Ale,330ml,"€ 19,09 per litre"
Abbaye de Rochefort 8,"€ 6,00",Belgium,3.85,Abbaye Notre-Dame de Saint-Rémy,9.2%,Belgian Strong Dark Ale,330ml,"€ 18,18 per litre"
Flensburger Pilsner,"€ 3,70",Germany,3.28,Flensburger Brauerei Emil Petersen,4.8%,Pilsner - German,330ml,"€ 11,21 per litre"
Martens Pils Bak,"€ 18,50",Belgium,2.85,Duvel Moortgat,40%,Pilsner - German,Bottle 750ml,"€ 24,67 per litre"
Winter Helheim,"€ 3,33",Belgium,3.67,Enigma,12%,Winter Warmer,330ml,"€ 10,09 per litre"
Bom Barley,"€ 4,53",Belgium,3.63,Tom's Brouwerij,10.5%,Barleywine - Other,330ml,"€ 13,73 per litre"
Hades,"€ 3,02",United States,3.55,Great Divide Brewing Company,10%,Belgian Strong Golden Ale,330ml,"€ 9,15 per litre"
Verloren donker whiskey infused,"€ 4,03",Belgium,3.51,Tom's Brouwerij,7.5%,Belgian Strong Dark Ale,330ml,"€ 12,21 per litre"
Black Fuel,"€ 2,96",Belgium,3.48,Enigma,9.5%,Belgian Strong Dark Ale,330ml,"€ 8,97 per litre"
Verloren donker rum oaked,"€ 4,03",Belgium,3.45,Tom's Brouwerij,7.5%,Belgian Strong Dark Ale,330ml,"€ 12,21 per litre"
Wijerse blonde,"€ 3,90",Belgium,3.28,Tom's Brouwerij,9%,Belgian Tripel,330ml,"€ 11,82 per litre"
DUST  014 - Nectar du Jura,"€ 29,65",Belgium,4.25,DUST Blending,8.6%,Farmhouse Ale - Saison,Bottle 750ml,"€ 39,53 per litre"
DUST  019 - SuperDUST,"€ 29,65",Belgium,4.20,DUST Blending,6.5%,Farmhouse Ale - Saison,Bottle 750ml,"€ 39,53 per litre"
DUST  017 - Vino Cantino,"€ 29,65",Belgium,4.20,DUST Blending,7.3%,Farmhouse Ale - Saison,Bottle 750ml,"€ 39,53 per litre"
DUST  016 - Tutty Frutty,"€ 29,65",Belgium,4.14,DUST Blending,6.6%,Farmhouse Ale - Saison,Bottle 750ml,"€ 39,53 per litre"
DUST  015 - 7 Grappes,"€ 29,65",Belgium,4.12,DUST Blending,7.1%,Farmhouse Ale - Saison,Bottle 750ml,"€ 39,53 per litre"
Oudste,"€ 37,70",Netherlands,4.26,Tommie Sjef,7.1%,Lambic - Gueuze,Bottle 750ml,"€ 50,27 per litre"
Wild Wild East XMas,"€ 10,50",Poland,3.82,Browar Dziki Wschód,7.5%,Wild Ale - Other,Bottle 375ml,"€ 28,00 per litre"
Nebuchadnezzar,"€ 5,49",Sweden,3.92,Omnipollo,8.5%,IPA - Imperial / Double,Can 330ml,"€ 16,64 per litre"
X-Mas Quad BA 2022,"€ 12,00",Denmark,3.91,To Øl,13.6%,Belgian Quadrupel,Bottle 375ml,"€ 32,00 per litre"
Reindeer Fuel 2023 Barley Wine,"€ 6,80",Denmark,3.61,Amager Bryghus,10%,Barleywine - Other,Can 440ml,"€ 15,45 per litre"
Hof Ten Dormaal Lauwendries Saison,"€ 2,31",Belgium,3.35,Brouwerij Hof ten Dormaal,5.8%,Farmhouse Ale - Saison,330ml,"€ 7,00 per litre"
Witgoud,"€ 2,57",Belgium,3.34,Brouwerij Hof ten Dormaal,8%,Wheat Beer - Witbier / Blanche,330ml,"€ 7,79 per litre"
The Arc 2022,"€ 21,60",England,3.85,Crossover Blendery,7.2%,Wild Ale - Other,Bottle 750ml,"€ 28,80 per litre"
KBS Hazelnut,"€ 7,00",United States,4.16,Founders Brewing Co.,12%,Stout - Imperial / Double Coffee,355ml,"€ 19,72 per litre"
Pruim Mirabelle,"€ 18,19",Belgium,4.24,Brouwerij 3 Fonteinen,7.4%,Lambic - Fruit,Bottle 750ml,"€ 24,25 per litre"
IJsbock BIO,"€ 2,75",Netherlands,3.55,Gulpener Bierbrouwerij,10.3%,Bock - Eisbock,300ml,"€ 9,17 per litre"
Seef Bier Blond,"€ 2,65",Belgium,3.53,Antwerpse Brouw Compagnie,6.5%,Belgian Blonde,330ml,"€ 8,03 per litre"
Implosion Lager,"€ 16,00",Denmark,3.19,To Øl,0.3%,Non-Alcoholic - IPA,6-pack,"Total price: € 16,00"
Winterbinkske,"€ 16,95",Belgium,3.55,Brouwerij Kerkom,8%,Winter Ale,Bottle 750ml,"€ 22,60 per litre"
Cherry Chouffe,"€ 4,49",Belgium,3.50,Brasserie d'Achouffe,8%,Fruit Beer,330ml,"€ 13,61 per litre"
Tree of Fortitude,"€ 47,99",United States,4.43,Tree House Brewing Company,11%,Barleywine - English,330ml,"€ 13,61 per litre"
Noema - Blend no. 5,"€ 139,99",United States,4.39,New Image Brewing,15.87%,Stout - Imperial / Double Coffee,330ml,"€ 13,61 per litre"
Nonna's Cookies,"€ 44,99",United States,4.32,Trillium Brewing Company,14.8%,Stout - Imperial / Double,330ml,"€ 13,61 per litre"
Gus,"€ 29,33",United States,4.07,Fair Isle Brewing,5.7%,Farmhouse Ale - Saison,Bottle 750ml,"€ 39,11 per litre"
XVII,"€ 10,23",France,3.83,Kystin,4%,Cider - Traditional / Apfelwein,Bottle 750ml,"€ 13,64 per litre"
Original Farmhouse Cider,"€ 5,97",Belgium,3.40,Brouwerij Hof ten Dormaal,5%,Cider - Traditional / Apfelwein,500ml,"€ 11,94 per litre"
Jaipur,"€ 3,29",England,3.54,Thornbridge Brewery,5.9%,IPA - American,330ml,"€ 9,97 per litre"
Tume Laager,"€ 3,79",Estonia,3.40,Põhjala,5%,Lager - Dark,Can 440ml,"€ 8,61 per litre"
Noble Nordic,"€ 3,19",Denmark,3.40,Copenhagen Commons,4.5%,Pale Ale - Other,330ml,"€ 9,67 per litre"
Wild Zealand,"€ 3,19",Denmark,3.39,Copenhagen Commons,5.9%,Pale Ale - Other,330ml,"€ 9,67 per litre"
Mango Colada,"€ 3,99",Sweden,3.67,Brewski,4%,Sour - Fruited Berliner Weisse,330ml,"€ 12,09 per litre"
Bonkey West Coast IPA,"€ 3,59",Sweden,3.59,Brewski,4.7%,IPA - American,330ml,"€ 10,88 per litre"
Enn Barrel BA Imperial Stout,"€ 10,60",Estonia,3.91,Põhjala,12%,Stout - Imperial / Double Coffee,330ml,"€ 32,12 per litre"
Anniversator 23 Dunkler Doppelbock,"€ 4,49",Germany,3.56,Munich Brew Mafia,8%,Bock - Doppelbock,330ml,"€ 13,61 per litre"
Implosion Lager,"€ 3,00",Denmark,3.19,To Øl,0.3%,Non-Alcoholic - IPA,330ml,"€ 9,09 per litre"
Barrel-Aged Imperial Stout – Wild Turkey Edition 2022,"€ 22,49",Germany,4.07,BrewHeart,12%,Stout - Imperial / Double,500ml,"€ 44,98 per litre"
Barrel-Aged Imperial Stout – Jamaica Edition 2022,"€ 22,49",Germany,4.05,BrewHeart,12%,Stout - Imperial / Double,500ml,"€ 44,98 per litre"
Maisel & Friends West Coast IPA,"€ 1,90",Germany,3.63,Brauerei Gebr. Maisel,6.6%,IPA - American,330ml,"€ 5,76 per litre"
Barrel-Aged Imperial Stout – Belize Edition 2022,"€ 22,49",Germany,4.08,BrewHeart,12%,Stout - Imperial / Double,Can 440ml,"€ 51,11 per litre"
Radical Raisin Rum,"€ 8,35",Germany,3.91,BrewHeart,12%,Stout - Imperial / Double Pastry,Can 440ml,"€ 18,98 per litre"
Lightless Light,"€ 5,59",England,3.81,Floc.,10.5%,Stout - Imperial / Double,Can 440ml,"€ 12,70 per litre"
Direction,"€ 9,89",Poland,4.20,PINTA Barrel Brewing,13%,Mead - Braggot,330ml,"€ 29,97 per litre"
Hive,"€ 9,35",Poland,4.04,PINTA Barrel Brewing,13%,Mead - Braggot,330ml,"€ 28,33 per litre"
Diner Pie Series Blueberry Peach Lemon,"€ 12,90",United States,4.23,Mortalis Brewing Company,7%,Fruit Beer,330ml,"€ 28,33 per litre"
Pinot Noir,"€ 24,00",Belgium,4.22,Gueuzerie Tilquin,8.2%,Lambic - Fruit,Bottle 750ml,"€ 32,00 per litre"
Framboise / Whisky BIO 2022,"€ 21,26",France,4.03,Sacrilège,5.8%,Sour - Fruited,Bottle 750ml,"€ 28,35 per litre"
Grand Prestige Kruikje,"€ 8,95",Netherlands,3.81,Hertog Jan,10%,Barleywine - Other,500ml,"€ 17,90 per litre"
Kasteel Tripel,"€ 6,95",Belgium,3.63,Kasteel Brouwerij Vanhonsebrouck,11%,Belgian Tripel,Bottle 750ml,"€ 9,27 per litre"
Augustijn Donker,"€ 1,75",Belgium,3.51,Brouwerij Van Steenberge,8%,Belgian Dubbel,330ml,"€ 5,30 per litre"
Gemini Circle The Wagons,"€ 12,90",United States,3.94,Beer'd Brewing Company,7%,IPA - Imperial / Double,Can 473ml,"€ 27,27 per litre"
Krug Ur-Stoff,"€ 1,90",Germany,3.47,Krug-Bräu,5.4%,Kellerbier / Zwickelbier,500ml,"€ 3,80 per litre"
Staffelberg Helles Vollbier,"€ 1,90",Germany,3.47,Staffelberg-Bräu,5%,Lager - Helles,500ml,"€ 3,80 per litre"
Fässla Zwergla,"€ 2,00",Germany,3.44,Privatbrauerei Fässla Bamberg,6%,Lager - Munich Dunkel,500ml,"€ 4,00 per litre"
Maisel's Pilsner,"€ 1,90",Germany,3.34,Brauerei Gebr. Maisel,5.4%,Pilsner - German,500ml,"€ 3,80 per litre"
St. Georgen Helles,"€ 1,90",Germany,3.33,St. GeorgenBräu,4.6%,Lager - Helles,500ml,"€ 3,80 per litre"
St. Georgen Pils,"€ 2,00",Germany,3.31,St. GeorgenBräu,4.9%,Pilsner - German,500ml,"€ 4,00 per litre"
Mainseidla Kellerbier,"€ 2,10",Germany,3.24,Brauhaus Binkert,4.9%,Kellerbier / Zwickelbier,500ml,"€ 4,20 per litre"
Hof Ten Dormaal Zure van Tildonk - Lambiek Vlierbloesem,"€ 4,77",Belgium,3.70,Brouwerij Hof ten Dormaal,6%,Sour - Other,330ml,"€ 14,45 per litre"
Hof Ten Dormaal Perziken,"€ 4,27",Belgium,3.27,Brouwerij Hof ten Dormaal,6.5%,Sour - Fruited,330ml,"€ 12,94 per litre"
Nankendorfer Landbier,"€ 2,00",Germany,3.38,Schroll Bräu Nankendorf,5.2%,Lager - Vienna,500ml,"€ 4,00 per litre"
A Sheep Called Foxy - barrel touched,"€ 2,80",Belgium,3.59,Hallelujah Brewery,7%,IPA - White / Wheat,330ml,"€ 8,48 per litre"
CBD IPA,"€ 2,80",Scotland,3.32,BRULO,0.5%,Non-Alcoholic - IPA,330ml,"€ 8,48 per litre"
Gueuze Mariage Parfait 2019,"€ 11,07",Belgium,3.98,Brouwerij Boon,8%,Lambic - Gueuze,Bottle 375ml,"€ 29,52 per litre"
Grosse Coupure,"€ 8,19",France,4.07,Brasserie La Malpolon,11.2%,Belgian Strong Dark Ale,Bottle 375ml,"€ 21,84 per litre"
Platinum Blend 21|22 (assemblage Nr. 57),"€ 15,00",Belgium,4.30,Brouwerij 3 Fonteinen,6%,Lambic - Gueuze,Bottle 750ml,"€ 20,00 per litre"
Golden Blend 21|22 (assemblage Nr. 55),"€ 13,50",Belgium,4.28,Brouwerij 3 Fonteinen,7.6%,Lambic - Gueuze,Bottle 750ml,"€ 20,00 per litre"
Framboos Oogst 2019 - 19|20 (assemblage Nr. 11),"€ 19,75",Belgium,4.24,Brouwerij 3 Fonteinen,6.2%,Lambic - Framboise,Bottle 750ml,"€ 20,00 per litre"
Oude Kriek – Season 18|19 – Blend 86,"€ 11,50",Belgium,4.26,Brouwerij 3 Fonteinen,7.2%,Lambic - Kriek,Bottle 375ml,"€ 30,67 per litre"
Oude Kriek Intens Rood Px Barrels (assemblage Nr. 79 ) 19|20,"€ 29,99",Belgium,4.28,Brouwerij 3 Fonteinen,7.1%,Lambic - Kriek,Bottle 375ml,"€ 30,67 per litre"
Golden Doesjel 19|20 (assemblage Nr. 41),"€ 14,50",Belgium,4.11,Brouwerij 3 Fonteinen,6%,Lambic - Gueuze,Bottle 375ml,"€ 30,67 per litre"
Solstice D'Été Framboise 2023,"€ 10,89",Canada,4.03,Brasserie Dieu du Ciel!,5.9%,Sour - Fruited Berliner Weisse,473ml,"€ 23,02 per litre"
Kwak,"€ 5,20",Belgium,3.76,Brouwerij Bosteels,8%,Pale Ale - Belgian,330ml,"€ 15,76 per litre"
OreOre,"€ 5,00",Poland,4.09,COYPU,10.1%,Stout - Imperial / Double Pastry,Can 330ml,"€ 15,15 per litre"
40 Watt,"€ 2,95",Netherlands,3.44,100 Watt Brewery,5.8%,Blonde / Golden Ale - Other,330ml,"€ 8,94 per litre"
Moray IPA,"€ 2,39",Netherlands,3.42,Stadshaven Brouwerij,5.5%,IPA - Other,330ml,"€ 7,24 per litre"
Bamberger Schwärzla,"€ 2,00",Germany,3.54,Klosterbräu Bamberg,5%,Schwarzbier,500ml,"€ 4,00 per litre"
Meinel Helles,"€ 2,00",Germany,3.46,Meinel Bräu,4.6%,Lager - Helles,500ml,"€ 4,00 per litre"
Oude Kriek 19/20 Assemblage n° 81,"€ 18,79",Belgium,4.33,Brouwerij 3 Fonteinen,7.3%,Lambic - Kriek,Bottle 750ml,"€ 25,05 per litre"
Apricot,"€ 9,73",Belgium,3.82,Brouwerij Kestemont,5.5%,Lambic - Fruit,Bottle 375ml,"€ 25,95 per litre"
777 Double Barrel Imperial Coffee Porter,"€ 19,99",Norway,4.23,7 Fjell Bryggeri,14%,Porter - Imperial / Double Coffee,Bottle 375ml,"€ 25,95 per litre"
Rabarber Lambiek (2019),"€ 21,95",Belgium,4.16,Geuzestekerij De Cam,7.2%,Lambic - Fruit,Bottle 750ml,"€ 29,27 per litre"
Geuze (2019),"€ 18,95",Belgium,4.19,Geuzestekerij De Cam,6.5%,Lambic - Gueuze,Bottle 750ml,"€ 25,27 per litre"
La Chouffe,"€ 5,10",Belgium,3.82,Brasserie d'Achouffe,8%,Belgian Strong Golden Ale,330ml,"€ 15,45 per litre"
White,"€ 5,20",Belgium,3.73,Bières de Chimay,8%,Belgian Tripel,330ml,"€ 15,76 per litre"
Bourbon County Brand Stout 2017,"€ 39,99",United States,4.48,Goose Island Beer Co.,14.1%,Stout - Imperial / Double,500ml,"€ 79,98 per litre"
Bourbon County Brand Stout 2018,"€ 39,99",United States,4.47,Goose Island Beer Co.,14.7%,Stout - Imperial / Double,500ml,"€ 79,98 per litre"
Schneider Weisse Aventinus TAP 6,"€ 2,85",Germany,3.81,Schneider Weisse G. Schneider & Sohn,8.2%,Bock - Weizendoppelbock,500ml,"€ 5,70 per litre"
Abbaye des Rocs Brune,"€ 2,35",Belgium,3.64,Brasserie de l'Abbaye des Rocs,9%,Belgian Strong Dark Ale,330ml,"€ 7,12 per litre"
Piece of Cake (2020),"€ 5,96",Romania,4.02,Wicked Barrel,11.3%,Porter - Imperial / Double,330ml,"€ 18,06 per litre"
Bourbon County Brand Stout 2022,"€ 39,99",United States,4.41,Goose Island Beer Co.,14.3%,Stout - Imperial / Double,330ml,"€ 18,06 per litre"
Reserva Bourbon Red Wine BA Barley Wine,"€ 7,65",Belgium,3.95,Brasserie Atrium,10.1%,Barleywine - Other,330ml,"€ 23,18 per litre"
Reserva Trio Rum BA,"€ 7,56",Belgium,3.95,Brasserie Atrium,10%,Barleywine - Other,330ml,"€ 22,91 per litre"
Reserva: Saison Locale II,"€ 16,79",Belgium,3.90,Brasserie Atrium,7.8%,Farmhouse Ale - Saison,Bottle 750ml,"€ 22,39 per litre"
Reserva Saison Rye BA,"€ 16,81",Belgium,3.77,Brasserie Atrium,8%,Farmhouse Ale - Saison,Bottle 750ml,"€ 22,41 per litre"
Reserva Saison Special Blend 2023,"€ 17,29",Belgium,3.77,Brasserie Atrium,7.8%,Farmhouse Ale - Saison,Bottle 750ml,"€ 23,05 per litre"
Back In Black Imperial Chocolate Stout,"€ 2,65",Belgium,3.57,Enigma,10%,Stout - Imperial / Double Milk,330ml,"€ 8,03 per litre"
Back In Black Imperial Tiramisu Stout,"€ 2,65",Belgium,3.49,Enigma,10%,Stout - Imperial / Double Coffee,330ml,"€ 8,03 per litre"
Helles,"€ 2,39",Germany,3.48,FrauGruber Brewing,4.8%,Lager - Helles,Can 440ml,"€ 5,43 per litre"
Insel-Brauerei Insel Pilsner,"€ 3,79",Germany,3.27,Rügener Insel-Brauerei,5.6%,Pilsner - Other,330ml,"€ 11,48 per litre"
Nittenauer Lola Coffee Porter alkoholfrei,"€ 3,19",Switzerland,3.19,Lola,0.38%,Non-Alcoholic - Porter / Stout,330ml,"€ 9,67 per litre"
Wolgor Blend 1123,"€ 13,49",Austria,4.20,Brauhaus Bevog,12.5%,Stout - Russian Imperial,330ml,"€ 40,88 per litre"
Barbe Noël,"€ 2,25",Belgium,3.42,Brouwerij Verhaeghe,7.2%,Winter Ale,330ml,"€ 6,82 per litre"
La Chouffe Blond,"€ 2,70",Belgium,3.82,Brasserie d'Achouffe,8%,Belgian Strong Golden Ale,330ml,"€ 8,18 per litre"
Boerenerf Oude Gueuze 2023 Cuvée Heritage Magnum,"€ 44,26",Belgium,4.08,Het Boerenerf Eylenbosch,7%,Lambic - Gueuze,Bottle 1500ml,"€ 29,51 per litre"
Barentsz Winter,"€ 2,50",Belgium,3.43,Rimor Brewery,9.2%,Belgian Quadrupel,330ml,"€ 7,58 per litre"
Original Obaladara,"€ 1,90",Germany,3.45,Brauerei Ott,5.3%,Lager - Munich Dunkel,500ml,"€ 3,80 per litre"
Edel-Pils,"€ 1,90",Germany,3.42,Brauerei Ott,4.9%,Pilsner - German,500ml,"€ 3,80 per litre"
Krug Pils,"€ 2,00",Germany,3.42,Krug-Bräu,4.9%,Pilsner - German,500ml,"€ 4,00 per litre"
Lager,"€ 1,90",Germany,3.41,Brauerei Reichold,4.9%,Lager - Helles,500ml,"€ 3,80 per litre"
Krug Lager,"€ 1,90",Germany,3.36,Krug-Bräu,5%,Lager - Munich Dunkel,500ml,"€ 3,80 per litre"
Hell,"€ 2,00",Germany,3.32,Klosterbrauerei Kemnath,4.9%,Lager - Helles,500ml,"€ 4,00 per litre"
Krug Gaas-Seidla,"€ 2,10",Germany,3.28,Krug-Bräu,2.7%,Shandy / Radler,500ml,"€ 4,20 per litre"
Maisel's Weisse Leicht,"€ 1,90",Germany,3.16,Brauerei Gebr. Maisel,3.1%,Wheat Beer - Hefeweizen Light / Leicht,500ml,"€ 3,80 per litre"
Allen's Coffee Stout,"€ 8,50",United States,3.89,Lone Pine Brewing Company,4.8%,Stout - Milk / Sweet,500ml,"€ 3,80 per litre"
Porter Sherry Oloroso,"€ 3,20",Poland,3.84,Browar Fortuna,9%,Porter - Baltic,Bottle 500ml,"€ 6,40 per litre"
Porter Bałtycki Bourbon Oak,"€ 2,90",Poland,3.79,Browar Fortuna,9%,Porter - Baltic,Bottle 500ml,"€ 5,80 per litre"
Wildwuchs Sutsche Witbier BIO,"€ 3,99",Germany,3.27,Wildwuchs Brauwerk Hamburg,5.2%,Wheat Beer - Witbier / Blanche,330ml,"€ 12,09 per litre"
Wildwuchs Kein Weizen BIO,"€ 3,29",Germany,3.18,Wildwuchs Brauwerk Hamburg,4.9%,Blonde / Golden Ale - Other,330ml,"€ 9,97 per litre"
Bistro Pink Ambrosia,"€ 11,20",United States,4.01,Energy City Brewing,6.5%,Sour - Fruited Berliner Weisse,473ml,"€ 23,68 per litre"
Rochefort Triple Extra,"€ 2,80",Belgium,3.76,Abbaye Notre-Dame de Saint-Rémy,8.1%,Belgian Tripel,330ml,"€ 8,48 per litre"
Little Luxuries (2023),"€ 137,99",United States,4.45,Forager Brewery,13.8%,Stout - Imperial / Double Pastry,330ml,"€ 8,48 per litre"
Nillerzzzzz Killerzzzzz 2021,"€ 154,99",United States,4.38,Forager Brewery,14.5%,Stout - Imperial / Double Coffee,330ml,"€ 8,48 per litre"
ÜberQuell Original Helles,"€ 2,69",Germany,3.32,ÜberQuell Brauwerkstätten,5%,Lager - Helles,330ml,"€ 8,15 per litre"
The Chicho (чичо),"€ 8,87",Bulgaria,4.14,Sofia Electric Brewing,11%,Stout - Imperial / Double,330ml,"€ 26,88 per litre"
Bezbog,"€ 7,20",Bulgaria,4.08,Sofia Electric Brewing,12.5%,Stout - Imperial / Double,330ml,"€ 21,82 per litre"
Theogony Project - God of War(Spartacus Collab),"€ 7,68",Greece,4.06,Seven Island Brewery,11%,Stout - Imperial / Double Coffee,Can 440ml,"€ 17,45 per litre"
AETHELSTAN - Barrel Aged 2023,"€ 8,70",Netherlands,4.05,Big Belly Brewing Company,11%,Stout - Imperial / Double,330ml,"€ 26,36 per litre"
Bourbon County Brand Sir Isaac's Stout Vintage 2022,"€ 44,99",United States,4.36,Goose Island Beer Co.,13.9%,Stout - Imperial / Double,500ml,"€ 89,98 per litre"
Baladin Metodo Classico Cuvée 60 Mesi,"€ 37,95",Italy,4.05,BIRRIFICIO AGRICOLO BALADIN - Baladin Indipendente Italian Farm Brewery,10%,Bière de Champagne / Bière Brut,Bottle 750ml,"€ 50,60 per litre"
Berlin - SHOP ONLY,"€ 25,00",England,4.23,Mills Brewing,10%,Wild Ale - Other,Bottle 750ml,"€ 33,33 per litre"
Death By Caribbean Chocolate Cake 2023,"€ 6,80",England,4.21,Siren Craft Brew,10%,Stout - Imperial / Double Milk,330ml,"€ 20,61 per litre"
High Cut - SHOP ONLY,"€ 25,00",England,4.18,Mills Brewing,10%,Wild Ale - Other,Bottle 750ml,"€ 33,33 per litre"
Draw Together - Blend Two - SHOP ONLY,"€ 25,00",England,4.15,Mills Brewing,10%,Wild Ale - Other,Bottle 750ml,"€ 33,33 per litre"
Underdone - Blend Two - SHOP ONLY,"€ 25,00",England,4.09,Mills Brewing,10%,Farmhouse Ale - Other,Bottle 750ml,"€ 33,33 per litre"
Old Dark Mild - Marsala Barrel - Blend Two - SHOP ONLY,"€ 25,00",England,4.07,Mills Brewing,10%,Mild - Other,Bottle 750ml,"€ 33,33 per litre"
Nitro Caribbean Chocolate Cake (2023),"€ 6,40",England,3.93,Siren Craft Brew,7.4%,Stout - Pastry,330ml,"€ 19,39 per litre"
Caribbean Salted Cherry Chocolate Cake,"€ 6,40",England,3.81,Siren Craft Brew,7.4%,Stout - Imperial / Double Milk,330ml,"€ 19,39 per litre"
Caribbean Chocolate Cupcake,"€ 5,90",England,3.80,Siren Craft Brew,5.4%,Stout - Milk / Sweet,330ml,"€ 17,88 per litre"
Twig - SHOP ONLY,"€ 25,00",England,3.80,Mills Brewing,10%,Stout - Milk / Sweet,Bottle 750ml,"€ 33,33 per litre"
Gouden Carolus Whisky Infused,"€ 26,99",Belgium,4.00,Brouwerij Het Anker,11.7%,Belgian Strong Dark Ale,Bottle 1500ml,"€ 17,99 per litre"
De Cam Oude Lambiek 2019,"€ 16,97",Belgium,4.03,Geuzestekerij De Cam,5%,Lambic - Traditional,Bottle 750ml,"€ 22,63 per litre"
Tripel Karmeliet,"€ 9,95",Belgium,3.99,Brouwerij Bosteels,8.4%,Belgian Tripel,Bottle 750ml,"€ 13,27 per litre"
Triporteur Full Moon 12,"€ 3,60",Belgium,3.76,BOMBrewery,10.2%,Belgian Quadrupel,330ml,"€ 10,91 per litre"
Omer VanderGhinste Roodbruin,"€ 2,15",Belgium,3.66,Omer Vander Ghinste,5.5%,Sour - Flanders Oud Bruin,Bottle 250ml,"€ 8,60 per litre"
St. Bernardus Watou Tripel,"€ 2,50",Belgium,3.65,Brouwerij St.Bernardus,7.5%,Belgian Tripel,330ml,"€ 7,58 per litre"
Road Trip,"€ 3,50",Netherlands,3.58,DAVO,8.5%,Belgian Tripel,330ml,"€ 10,61 per litre"
Moinette Blonde,"€ 2,95",Belgium,3.56,Brasserie Dupont,8.5%,Belgian Strong Golden Ale,330ml,"€ 8,94 per litre"
Schelde Lamme Goedzak,"€ 8,95",Belgium,3.56,Scheldebrouwerij,7%,Belgian Blonde,Bottle 750ml,"€ 11,93 per litre"
St. Bernardus Pater 6,"€ 1,90",Belgium,3.55,Brouwerij St.Bernardus,6.7%,Belgian Dubbel,330ml,"€ 5,76 per litre"
De Dool Ter Dolen Donker,"€ 2,70",Belgium,3.48,Ter Dolen,7.1%,Brown Ale - Belgian,330ml,"€ 8,18 per litre"
Barentsz,"€ 3,40",Belgium,3.43,Rimor Brewery,9.2%,Belgian Quadrupel,330ml,"€ 10,30 per litre"
"Anderson's Mercy, Mon Cherry","€ 3,50",Estonia,3.38,Anderson's Craft Beer,4.3%,Pale Ale - Fruited,330ml,"€ 10,61 per litre"
Tripel,"€ 3,79",Netherlands,3.64,Brother Beer,8%,Belgian Tripel,,
Kwak Rouge,"€ 2,80",Belgium,3.34,Brouwerij Bosteels,8%,Fruit Beer,330ml,"€ 8,48 per litre"
SchuppenAas,"€ 2,50",Belgium,3.26,Brouwerij Het Nest,6.5%,Pale Ale - Belgian,330ml,"€ 7,58 per litre"
Hertl Papa's Weißheit Weißbier,"€ 2,99",Germany,3.55,Braumanufaktur Hertl,5.1%,Wheat Beer - Hefeweizen,500ml,"€ 5,98 per litre"
Hertl Mutti's Sonnenschein Helles,"€ 2,99",Germany,3.40,Braumanufaktur Hertl,4.9%,Lager - Helles,500ml,"€ 5,98 per litre"
Hertl Opa's Liebling Kellerbier,"€ 2,99",Germany,3.33,Braumanufaktur Hertl,4.8%,Kellerbier / Zwickelbier,500ml,"€ 5,98 per litre"
Secondo Noi  -  75cl,"€ 16,20",Italy,4.02,Siemàn,5.9%,Lambic - Traditional,Bottle 750ml,"€ 21,60 per litre"
Incrocio Rosso,"€ 15,60",Italy,3.99,Siemàn,6.1%,Grape Ale - Italian,Bottle 750ml,"€ 20,80 per litre"
De Cam Oude Geuze 2018,"€ 24,57",Belgium,4.20,Geuzestekerij De Cam,6%,Lambic - Gueuze,Bottle 750ml,"€ 32,76 per litre"
De Cam Oude Geuze 2017,"€ 28,97",Belgium,4.18,Geuzestekerij De Cam,6.5%,Lambic - Gueuze,Bottle 750ml,"€ 38,63 per litre"
De Cam Abrikoos Lambic 2021,"€ 16,27",Belgium,4.14,Geuzestekerij De Cam,5%,Lambic - Fruit,Bottle 375ml,"€ 43,39 per litre"
Jack On Steroids V5: Jasper Yeast Edition,"€ 3,99",Netherlands,3.67,Kaapse Brouwers,8.5%,IPA - Imperial / Double New England / Hazy,Bottle 375ml,"€ 43,39 per litre"
Cuvee Clarisse,"€ 2,80",Belgium,3.60,Brouwerij Wilderen,9.2%,Belgian Strong Dark Ale,330ml,"€ 8,48 per litre"
Brugse Zot Blond,"€ 3,90",Belgium,3.67,Brouwerij De Halve Maan,6%,Belgian Blonde,330ml,"€ 11,82 per litre"
Nois Tripel,"€ 2,50",Belgium,3.54,Nois Brews,7.5%,Belgian Tripel,330ml,"€ 7,58 per litre"
Skin Contact,"€ 13,48",Spain,4.00,Cyclic Beer Farm,6.9%,Grape Ale - Other,Bottle 750ml,"€ 17,97 per litre"
Orangie,"€ 9,97",Spain,3.73,Cyclic Beer Farm,4%,Farmhouse Ale - Saison,Bottle 750ml,"€ 13,29 per litre"
Beets,"€ 10,12",Spain,3.73,Cyclic Beer Farm,5.7%,Farmhouse Ale - Saison,Bottle 750ml,"€ 13,49 per litre"
Hof Ten Dormaal Zure van Tildonk,"€ 3,21",Belgium,3.70,Brouwerij Hof ten Dormaal,6%,Sour - Other,330ml,"€ 9,73 per litre"
CC,"€ 13,41",Spain,4.02,Cyclic Beer Farm,5.6%,Wild Ale - Other,Bottle 750ml,"€ 17,88 per litre"
Té Y Lima,"€ 11,29",Spain,3.87,Cyclic Beer Farm,5.3%,Farmhouse Ale - Other,Bottle 750ml,"€ 15,05 per litre"
Laid Back,"€ 11,82",Spain,3.74,Cyclic Beer Farm,7%,Sour - Other,Bottle 750ml,"€ 15,76 per litre"
Nib Bang!,"€ 10,47",Spain,3.65,Cyclic Beer Farm,5.3%,Sour - Other,500ml,"€ 20,94 per litre"
Cocobolo,"€ 6,80",Sweden,3.80,Duckpond Brewing,6%,Sour - Fruited Gose,330ml,"€ 20,61 per litre"
Fee-KA,"€ 6,80",Sweden,3.71,Fermenterarna,6%,Sour - Fruited,Can 440ml,"€ 15,45 per litre"
Flaccid Flamingo,"€ 1,99",Netherlands,3.17,Vet & Lazy,0.4%,Non-Alcoholic - IPA,Can 440ml,"€ 15,45 per litre"
Schops,"€ 2,70",Poland,3.44,WRCLW,5%,Historical Beer - Other,Bottle 500ml,"€ 5,40 per litre"
Gevat 05 Imperial Stout op Maple Syrup,"€ 6,95",Netherlands,3.95,Wentersch,11.5%,Stout - Imperial / Double,330ml,"€ 21,06 per litre"
Gevat 06 Imperial Stout op Tawny Port,"€ 6,90",Netherlands,3.85,Wentersch,11.5%,Stout - Imperial / Double,330ml,"€ 20,91 per litre"
Gevat 03 Barleywine Islay BA,"€ 6,95",Netherlands,3.75,Wentersch,10%,Barleywine - Other,330ml,"€ 21,06 per litre"
"Iced Coffee Connaisseur, moi? Frappuccino Editions V3","€ 9,99",Netherlands,4.11,Dutch Bargain,18%,Freeze-Distilled Beer,330ml,"€ 30,27 per litre"
"Iced Coffee Connaisseur, moi? Frappuccino Editions V2","€ 9,99",Netherlands,4.09,Dutch Bargain,18%,Freeze-Distilled Beer,330ml,"€ 30,27 per litre"
"Iced Coffee Connaisseur, moi? Frappuccino Editions V1","€ 9,99",Netherlands,4.08,Dutch Bargain,18%,Freeze-Distilled Beer,330ml,"€ 30,27 per litre"
"Coffee Connaisseur, Moi? Winter '23/'24 Nitro Coffee Stout","€ 5,99",Netherlands,3.93,Dutch Bargain,13%,Stout - Imperial / Double Coffee,330ml,"€ 18,15 per litre"
Double Hazy Jane New England IPA,"€ 3,75",Scotland,3.84,BrewDog,7.2%,IPA - Imperial / Double New England / Hazy,Can 440ml,"€ 8,52 per litre"
Tripel,"€ 6,75",Belgium,3.75,Brouwerij St.Bernardus,8%,Belgian Tripel,Bottle 750ml,"€ 9,00 per litre"
Kasteel Donker,"€ 2,30",Belgium,3.64,Kasteel Brouwerij Vanhonsebrouck,11%,Belgian Quadrupel,330ml,"€ 6,97 per litre"
Witkap Pater Tripel,"€ 3,30",Belgium,3.48,Brouwerij Slaghmuylder,7.5%,Belgian Tripel,330ml,"€ 10,00 per litre"
Sensi Rum BA (Silver Series),"€ 10,50",Estonia,4.19,Pühaste Brewery,12.5%,Stout - Imperial / Double,330ml,"€ 31,82 per litre"
Applehoff Calvados BA,"€ 7,61",Estonia,3.94,Anderson's Craft Beer,11%,Sour - Other Gose,330ml,"€ 23,06 per litre"
Bake My Day – Cognac & Whiskey,"€ 7,15",Netherlands,3.94,Jopen,11%,Stout - Pastry,330ml,"€ 21,67 per litre"
Bake My Day – Oloroso & Leidag,"€ 7,15",Netherlands,3.78,Jopen,10.8%,Stout - Pastry,330ml,"€ 21,67 per litre"
Wild Wild Barley Wine,"€ 11,95",Estonia,3.78,Anderson's Craft Beer,15%,Barleywine - Other,330ml,"€ 36,21 per litre"
Wolgor Blend 1123,"€ 14,35",Austria,4.20,Brauhaus Bevog,12.5%,Stout - Russian Imperial,330ml,"€ 43,48 per litre"
Hodr,"€ 5,00",Netherlands,3.54,Walhalla Brouwerij & Proeflokaal,6%,Stout - Coffee,330ml,"€ 15,15 per litre"
Terre Noir BA,"€ 20,00",Belgium,3.55,Galea Craft Beers/ Gistgeest,8.5%,Farmhouse Ale - Saison,Bottle 750ml,"€ 26,67 per litre"
Intent - Barrel Aged (Batch 2),"€ 239,99",United States,4.53,New Image Brewing,17%,Barleywine - English,Bottle 750ml,"€ 26,67 per litre"
De Moersleutel / Marlobobo Nectar Fusion,"€ 6,95",Netherlands,3.85,Moersleutel Craft Brewery,11%,Rye Wine,Can 440ml,"€ 15,80 per litre"
Antwerp Weller Bourbon Barrel Aged,"€ 7,75",Belgium,4.20,Galea Craft Beers,14.5%,Stout - Imperial / Double,330ml,"€ 23,48 per litre"
Blakstoc Wild Tree Hoppy Cider,"€ 4,49",Austria,3.59,BlakStoc,4.5%,Cider - Herbed / Spiced / Hopped,330ml,"€ 13,61 per litre"
Samotny Jeździec,"€ 2,90",Poland,3.56,Browar Dziki Wschód,4.5%,Gluten-Free,Bottle 500ml,"€ 5,80 per litre"
Leon,"€ 3,10",Poland,3.56,Raduga,5.8%,IPA - New England / Hazy,Bottle 500ml,"€ 6,20 per litre"
Good Day!,"€ 3,50",Poland,3.55,Raduga,5.8%,IPA - Other,Can 500ml,"€ 7,00 per litre"
Tytanowe Jajo,"€ 3,10",Poland,3.46,Browar Dziki Wschód,3.5%,IPA - Session,Bottle 500ml,"€ 6,20 per litre"
Graper,"€ 2,70",Poland,3.32,Browar Wielka Sowa,4.9%,Grape Ale - Other,Bottle 500ml,"€ 5,40 per litre"
Living In & Out Of Tune,"€ 10,20",England,3.30,DEYA Brewing Company,7%,Lager - Other,Can 500ml,"€ 20,40 per litre"
Recover Imperial Coffee & Cardamom Porter,"€ 10,06",Sweden,4.04,Nerdbrewing,13%,Porter - Imperial / Double Coffee,330ml,"€ 30,48 per litre"
Pohjala Öö Cassis,"€ 3,99",Estonia,3.84,Põhjala,10.5%,Porter - Imperial / Double Baltic,330ml,"€ 12,09 per litre"
Force Majeur  Blond,"€ 2,75",Belgium,2.73,Force Majeure,0.4%,Non-Alcoholic - Other,330ml,"€ 8,33 per litre"
Prearis Quadrocinno,"€ 2,84",Belgium,3.69,Vliegende Paard Brouwers,10%,Belgian Quadrupel,330ml,"€ 8,61 per litre"
Somjit,"€ 4,79",Spain,3.47,Basqueland Brewing,5%,Lager - Japanese Rice,Can 440ml,"€ 10,89 per litre"
1+1=11 Citra Cryo,"€ 3,85",Netherlands,3.83,Brouwerij Eleven,7.5%,IPA - Imperial / Double New England / Hazy,330ml,"€ 11,67 per litre"
1+1=11 Citra Cryo + Nelson Sauvin,"€ 3,85",Netherlands,3.80,Brouwerij Eleven,7.5%,IPA - Imperial / Double New England / Hazy,330ml,"€ 11,67 per litre"
1+1=11 Nelson Sauvin,"€ 3,85",Netherlands,3.77,Brouwerij Eleven,7.5%,IPA - Imperial / Double New England / Hazy,330ml,"€ 11,67 per litre"
Double Black Mash 2021,"€ 21,85",Denmark,4.17,Amager Bryghus,12%,Stout - Imperial / Double,Bottle 750ml,"€ 29,13 per litre"
De Moersleutel Motor Oil,"€ 4,95",Netherlands,3.79,Moersleutel Craft Brewery,12%,Stout - Russian Imperial,Can 440ml,"€ 11,25 per litre"
De Moersleutel Coffee Grinder,"€ 4,95",Netherlands,3.78,Moersleutel Craft Brewery,7.5%,Stout - Coffee,Can 440ml,"€ 11,25 per litre"
Aan De Tripel,"€ 3,80",Netherlands,3.45,Wentersch,9%,Belgian Tripel,330ml,"€ 11,52 per litre"
Brug 1936,"€ 3,30",Netherlands,3.39,Kronenburger Brouwers,8%,Belgian Strong Golden Ale,330ml,"€ 10,00 per litre"
Love & Hate,"€ 4,50",England,3.82,Vocation Brewery,7.2%,IPA - New England / Hazy,Can 440ml,"€ 10,23 per litre"
Delirium Red,"€ 3,80",Belgium,3.58,Delirium - Huyghe Brewery,8%,Fruit Beer,Bottle 330ml,"€ 11,52 per litre"
Tilmans Mit Øhne,"€ 3,29",Germany,3.30,Tilmans Biere,8%,Non-Alcoholic - Wheat,500ml,"€ 6,58 per litre"
For Cory,"€ 179,99",United States,4.56,Anchorage Brewing Company,16.8%,Strong Ale - American,500ml,"€ 6,58 per litre"
Paix Dieu,"€ 8,50",Belgium,3.77,Brasserie Caulier,10%,Belgian Tripel,Bottle 750ml,"€ 11,33 per litre"
24731 Tripel Kanunnik,"€ 2,65",Belgium,3.67,Brouwerij Wilderen,8.2%,Belgian Tripel,Bottle 750ml,"€ 11,33 per litre"
La Trappe Blond,"€ 2,25",Netherlands,3.67,Bierbrouwerij De Koningshoeven,6.5%,Belgian Blonde,Bottle 750ml,"€ 11,33 per litre"
Bon Secours - Tradition,"€ 3,30",Belgium,3.42,Brasserie Caulier,8%,Belgian Strong Golden Ale,Bottle 750ml,"€ 11,33 per litre"
Bon Secours - Héritage,"€ 3,30",Belgium,3.31,Brasserie Caulier,8%,Belgian Strong Golden Ale,330ml,"€ 10,00 per litre"
"Proost, op van alles en nog wat","€ 9,95",Netherlands,3.43,Mister Hop,7%,Blonde / Golden Ale - Other,Bottle 750ml,"€ 13,27 per litre"
CBD IPA,"€ 2,99",Scotland,3.32,BRULO,0.5%,Non-Alcoholic - IPA,330ml,"€ 9,06 per litre"
Bourbon Barrel Aged Colossus 2023 Barley Wine,"€ 12,00",Denmark,4.16,Bad Seed Brewing,15.5%,Barleywine - English,330ml,"€ 36,36 per litre"
Bourbon Barrel Aged Kink Ink 2023 Imperial Stout,"€ 10,60",Denmark,4.13,Bad Seed Brewing,12.5%,Stout - Imperial / Double,330ml,"€ 32,12 per litre"
Sticky Toffee Pudding,"€ 5,65",England,3.71,Vocation Brewery,5.8%,Stout - Other,Can 440ml,"€ 12,84 per litre"
Gauss Dry-Hopped Wild Ale,"€ 9,70",Denmark,3.97,Observatoriet,6.5%,Wild Ale - Other,Bottle 375ml,"€ 25,87 per litre"
Midnight Maple,"€ 11,97",Poland,4.33,Browar Stu Mostów,13.5%,Stout - Imperial / Double Pastry,330ml,"€ 36,27 per litre"
Deep in Stout,"€ 11,97",Poland,4.29,Browar Stu Mostów,13.5%,Stout - Imperial / Double,330ml,"€ 36,27 per litre"
Wittorfer Stadtmische Deluxe Rum & Cola,"€ 6,49",Germany,3.59,Wittorfer Brauerei Neumünster,5.2%,Pale Ale - American,330ml,"€ 19,67 per litre"
Cacaostorm – Pastry Stout,"€ 8,95",Finland,4.02,Salama Brewing Company,11%,Stout - Imperial / Double Pastry,Can 440ml,"€ 20,34 per litre"
Brassers Blond,"€ 3,23",Netherlands,3.40,Brouwerij Homeland,15%,Blonde / Golden Ale - Other,330ml,"€ 9,79 per litre"
Off the Rack Paragon American Whiskey 2022,"€ 30,00",Norway,4.37,LERVIG,14.6%,Barleywine - Other,Bottle 750ml,"€ 40,00 per litre"
Almond Rage,"€ 25,47",United States,4.24,The Brewing Projekt,12.3%,Stout - Imperial / Double,500ml,"€ 50,94 per litre"
Tequila Inner Space (2023),"€ 25,80",United States,4.21,Barreled Souls Brewing Company,13.8%,Stout - Imperial / Double,500ml,"€ 51,60 per litre"
Hot Tequila Time – Barrel Aged Imperial Stout,"€ 10,95",Finland,3.86,Salama Brewing Company,12%,Stout - Imperial / Double,Can 440ml,"€ 24,89 per litre"
Queen Cream Sour – Fruited Sour,"€ 6,45",Finland,3.68,Salama Brewing Company,5.5%,Sour - Fruited,Can 440ml,"€ 14,66 per litre"
Space Worm – Bourbon Barrel Aged Imperial Märzen,"€ 9,95",Finland,3.51,Salama Brewing Company,10%,Märzen,Can 440ml,"€ 22,61 per litre"
Between The Sheets,"€ 11,75",England,3.77,Thornbridge Brewery,8.3%,Stout - Imperial / Double,Bottle 375ml,"€ 31,33 per litre"
Tree of Possibility,"€ 57,99",United States,4.46,Tree House Brewing Company,12%,Barleywine - Other,Bottle 375ml,"€ 31,33 per litre"
Deciduous,"€ 16,95",United States,3.76,Trillium Brewing Company,5.5%,Lager - Other,Bottle 375ml,"€ 31,33 per litre"
Nordic Geezer – Fruited Berliner Weisse,"€ 7,85",Finland,3.75,Salama Brewing Company,8%,Sour - Fruited Berliner Weisse,Can 440ml,"€ 17,84 per litre"
Appel - Sleedoorn 2021,"€ 7,29",Netherlands,3.36,Hamerstuk,7.2%,Cider - Other Fruit,Bottle 375ml,"€ 19,44 per litre"
Gateway New England Double IPA,"€ 4,99",Netherlands,3.75,Baxbier,8%,IPA - Imperial / Double New England / Hazy,330ml,"€ 15,12 per litre"
ÜberQuell Bambule Pils,"€ 2,09",Germany,3.46,ÜberQuell Brauwerkstätten,4.8%,Pilsner - German,330ml,"€ 6,33 per litre"
Mating Season,"€ 8,60",Poland,3.68,Browar Stu Mostów,7.5%,Sour - Smoothie / Pastry,Can 440ml,"€ 19,55 per litre"
Trappist Westvleteren 8,"€ 7,20",Belgium,4.18,Brouwerij De Sint-Sixtusabdij van Westvleteren,8%,Belgian Dubbel,330ml,"€ 21,82 per litre"
Black River 2023,"€ 29,75",Belgium,4.04,De Mederie,15%,Mead - Melomel,500ml,"€ 59,50 per litre"
Invisible Art,"€ 9,50",United States,3.99,Adroit Theory,10.1%,IPA - Imperial / Double Black,473ml,"€ 20,08 per litre"
Experimead  19 - White Port BA w. Vincotto Originale,"€ 29,75",Belgium,4.27,De Mederie,15%,Mead - Pyment,500ml,"€ 59,50 per litre"
De Mederie / Alvinne Cuvée de Mortagnierie,"€ 12,55",Belgium,4.05,De Mederie,13.5%,Mead - Braggot,Bottle 375ml,"€ 33,47 per litre"
Experimead  17 - 2 years White Port Barrel Aged,"€ 29,75",Belgium,3.97,De Mederie,15%,Mead - Other,500ml,"€ 59,50 per litre"
De Mederie Chateau Cerise,"€ 24,55",Belgium,3.83,De Mederie - Ciders,9.5%,Cider - Other Fruit,Bottle 750ml,"€ 32,73 per litre"
De Mederie Mr. Blue Sky,"€ 17,45",Belgium,3.54,De Mederie - Ciders,8%,Cider - Other Fruit,Bottle 750ml,"€ 23,27 per litre"
Double Dry Hopped Maz,"€ 4,69",Sweden,3.76,Omnipollo,5.6%,Pale Ale - American,330ml,"€ 14,21 per litre"
Xino Xano,"€ 9,50",Spain,3.66,Cyclic Beer Farm,4%,Sour - Berliner Weisse,Bottle 750ml,"€ 12,67 per litre"
Erdinger Weißbier / Hefe-Weizen,"€ 1,74",Germany,3.65,Erdinger Weissbräu,5.3%,Wheat Beer - Hefeweizen,500ml,"€ 3,48 per litre"
Jam72,"€ 3,83",Hungary,3.69,Mad Scientist,7.2%,IPA - American,Can 440ml,"€ 8,70 per litre"
Blonde Stoot,"€ 2,79",Belgium,3.37,Bieren Cabardouche,5%,Belgian Blonde,330ml,"€ 8,45 per litre"
Kattenbos Oaked (Limited Edition),"€ 6,97",Belgium,3.23,Microbrouwerij Mølder & Coöp.,8.4%,Sour - Other,330ml,"€ 21,12 per litre"
Trappist Westvleteren Blond,"€ 7,20",Belgium,4.01,Brouwerij De Sint-Sixtusabdij van Westvleteren,5.8%,Belgian Blonde,330ml,"€ 21,82 per litre"
All I Want For Christmas 2023 By Rackhouse,"€ 23,88",Norway,4.07,LERVIG,14.6%,Stout - Imperial / Double Pastry,Bottle 750ml,"€ 31,84 per litre"
Glühkriek (2022),"€ 14,00",Belgium,3.63,Brouwerij Liefmans,6%,Fruit Beer,Bottle 750ml,"€ 18,67 per litre"
Tasty Rainbow Orange,"€ 5,40",Scotland,3.64,Vault City Brewing,5.4%,Sour - Fruited,Can 440ml,"€ 12,27 per litre"
Chocolate Dipped Raisins By Rackhouse Bourbon & Rum Barrel Aged Imperial Stout,"€ 18,95",Norway,4.41,LERVIG,13.9%,Stout - Imperial / Double,Bottle 375ml,"€ 50,53 per litre"
Off the Rack Australian Dark Rum 2022 Barrel Aged Imperial Stout,"€ 18,95",Norway,4.35,LERVIG,15%,Stout - Imperial / Double,Bottle 375ml,"€ 50,53 per litre"
LabRatchet Espresso Lava Cake Imperial Stout,"€ 8,25",Netherlands,4.11,Moersleutel Craft Brewery,15%,Stout - Imperial / Double Pastry,Can 440ml,"€ 18,75 per litre"
All I Want For Christmas 2023 By Rackhouse Eggnog Barrel Aged Imperial Stout,"€ 25,95",Norway,4.07,LERVIG,14.6%,Stout - Imperial / Double Pastry,Bottle 750ml,"€ 34,60 per litre"
365 Days of Darkness (2022) Calvados en Cognac Barrel Aged,"€ 15,95",Denmark,3.92,To Øl,12%,Bock - Doppelbock,Bottle 375ml,"€ 42,53 per litre"
Winter Welcome Ale 2023-2024,"€ 5,85",England,3.76,Samuel Smith,6%,Winter Warmer,550ml,"€ 10,64 per litre"
Gordon X-Mas 100th Anniversary Scotch Ale,"€ 9,95",Belgium,3.68,Brewery John Martin & Brewery Timmermans,8.8%,Scotch Ale / Wee Heavy,Bottle 750ml,"€ 13,27 per litre"
Apfelstrudel Doppelbock,"€ 10,95",Netherlands,3.62,Uiltje Brewing Company,11%,Bock - Doppelbock,Bottle 750ml,"€ 14,60 per litre"
Pils,"€ 3,20",Netherlands,3.27,Jopen,4.7%,Pilsner - German,Can 330ml,"€ 9,70 per litre"
Pils,"€ 2,39",Germany,3.51,FrauGruber Brewing,4.8%,Pilsner - German,Can 440ml,"€ 5,43 per litre"
Druif Gewurztraminer (season 22|23) Blend No. 35,"€ 26,15",Belgium,4.22,Brouwerij 3 Fonteinen,7.8%,Lambic - Fruit,Bottle 750ml,"€ 34,87 per litre"
Druif Grüner Veltliner (season 22|23) Blend No. 38,"€ 29,95",Belgium,4.17,Brouwerij 3 Fonteinen,7.5%,Lambic - Fruit,Bottle 750ml,"€ 39,93 per litre"
Druif Muscat Ottonel (season 22|23) Blend No. 30,"€ 36,95",Belgium,4.28,Brouwerij 3 Fonteinen,7.2%,Lambic - Fruit,Bottle 750ml,"€ 49,27 per litre"
30 Moorse Martelaren,"€ 4,11",Belgium,3.65,Dok Brewing Company,7.5%,IPA - Imperial / Double New England / Hazy,330ml,"€ 12,45 per litre"
The Great Xmas Mashup Stout,"€ 13,49",United States,4.07,Evil Twin Brewing NYC,12.5%,Stout - Imperial / Double,473ml,"€ 28,52 per litre"
P3 Baltic Porter,"€ 12,29",United States,4.02,Phase Three Brewing,10.5%,Porter - Imperial / Double Baltic,473ml,"€ 28,52 per litre"
Double Barrel Rye - Beer : Barrel : Time,"€ 449,95",United States,4.75,Side Project Brewing,17%,Stout - Imperial / Double,473ml,"€ 28,52 per litre"
Double Barrel Derivation Double Willett Single Vanilla,"€ 449,95",United States,4.72,Side Project Brewing,16%,Stout - Imperial / Double,Bottle 375ml,"€ 1.199,87 per litre"
Deca,"€ 389,95",United States,4.61,Side Project Brewing,17%,Strong Ale - American,,
Walhalla - Daemon 19 - Astaroth,"€ 5,50",Netherlands,3.82,Walhalla Brouwerij & Proeflokaal,10%,Smoked Beer,330ml,"€ 16,67 per litre"
Layer Slayer,"€ 10,50",United States,3.82,Ascension Brewing Company,12%,Stout - Imperial / Double Coffee,473ml,"€ 22,20 per litre"
Bedankt,"€ 9,99",Netherlands,3.34,Geef Bier Cadeau,7%,Belgian Blonde,Bottle 750ml,"€ 13,32 per litre"
Howling Hops x Gravity Well Delta Lupi,"€ 13,20",England,3.97,Howling Hops,11.2%,Stout - Imperial / Double,Can 440ml,"€ 30,00 per litre"
Lervig Off the Rack Paragon American Whiskey 2022,"€ 36,99",Norway,4.37,LERVIG,14.6%,Barleywine - Other,Bottle 750ml,"€ 49,32 per litre"
Dutch Bargain C Is All I C Bourbon Barrel Aged,"€ 5,95",Netherlands,3.19,Dutch Bargain,11%,Sour - Other,330ml,"€ 18,03 per litre"
San Miguel Especial,"€ 1,99",Spain,3.14,Grupo Mahou-San Miguel,4.5%,Lager - Pale,330ml,"€ 6,03 per litre"
Drip Imperial Stout x Collective Arts Brewing,"€ 11,00",Canada,4.09,Willibald Farm Brewery,11.5%,Stout - Imperial / Double Coffee,473ml,"€ 23,26 per litre"
Rauchbier Lager,"€ 2,10",Germany,3.55,Brauerei Spezial,4.9%,Lager - Smoked,500ml,"€ 4,20 per litre"
Mainseidla Hell,"€ 2,00",Germany,3.33,Brauhaus Binkert,4.9%,Lager - Helles,500ml,"€ 4,00 per litre"
Mainseidla Amber Special,"€ 2,00",Germany,3.27,Brauhaus Binkert,5.9%,Red Ale - American Amber / Red,500ml,"€ 4,00 per litre"
Reflex Pattern,"€ 9,40",England,3.83,Cloudwater Brew Co.,5%,Pale Ale - New England / Hazy,Can 440ml,"€ 21,36 per litre"
I've Got Friends In The Music Business B.A. 2023,"€ 5,59",Netherlands,4.14,Brouwerij Frontaal,10%,Stout - Imperial / Double,330ml,"€ 16,94 per litre"
AURRERA STANITSA Russian Imperial Stout,"€ 5,10",Spain,4.13,Laugar Brewery,11.2%,Stout - Russian Imperial,330ml,"€ 15,45 per litre"
45 Days of Darkness Doppelbock,"€ 5,25",Denmark,3.63,To Øl,10%,Bock - Doppelbock,330ml,"€ 15,91 per litre"
The Algorithm Pt.II Amagnac Brandy Barrel Aged Imperial Stout,"€ 7,95",Netherlands,4.14,Uiltje Brewing Company,15.2%,Stout - Imperial / Double,330ml,"€ 24,09 per litre"
ÖÖ X Cellar Series Cognac Barrel Aged Imperial Baltic Porter,"€ 9,95",Estonia,4.13,Põhjala,11.5%,Porter - Imperial / Double Baltic,330ml,"€ 30,15 per litre"
Winter Barleywine,"€ 3,50",Netherlands,3.84,Gooische Bierbrouwerij,10.5%,Barleywine - Other,330ml,"€ 10,61 per litre"
Tradition Faro,"€ 2,70",Belgium,3.36,Brewery John Martin & Brewery Timmermans,5.5%,Lambic - Kriek,330ml,"€ 8,18 per litre"
Balcones Whiskey Edition 2023  Barrel Aged Barley Wine,"€ 6,75",Netherlands,4.19,Brouwerij de Molen,13.5%,Barleywine - Other,330ml,"€ 20,45 per litre"
150 Watt Quadrupel,"€ 2,90",Netherlands,3.63,100 Watt Brewery,10%,Belgian Quadrupel,330ml,"€ 8,79 per litre"
Duchesse Chocolate Cherry,"€ 4,80",Belgium,3.90,Brouwerij Verhaeghe,6.8%,Sour - Flanders Red Ale,Bottle 330ml,"€ 14,55 per litre"
Straffe Hendrik Tripel,"€ 5,10",Belgium,3.76,Brouwerij De Halve Maan,9%,Belgian Tripel,Bottle 330ml,"€ 15,45 per litre"
Taddy Porter,"€ 4,60",England,3.67,Samuel Smith,5%,Porter - English,Bottle 550ml,"€ 8,36 per litre"
Zware Hufter,"€ 3,99",Netherlands,3.45,Dampegheest,10%,Barleywine - English,330ml,"€ 12,09 per litre"
Superb-Owl,"€ 3,29",Netherlands,3.24,Uiltje Brewing Company,0.2%,Non-Alcoholic - IPA,330ml,"€ 9,97 per litre"
Hooglander #Out Of This World,"€ 6,40",Netherlands,3.86,Hooglander Bier,8%,IPA - Imperial / Double New England / Hazy,Can 440ml,"€ 14,55 per litre"
De Molen / Old Hickory Ark & Duif,"€ 6,20",Netherlands,3.70,Brouwerij de Molen,11.6%,Stout - Imperial / Double,330ml,"€ 18,79 per litre"
De Verlosser,"€ 3,60",Netherlands,3.43,Brewery42,6.7%,IPA - English,330ml,"€ 10,91 per litre"
Dutch Bargain / Frontaal Smoking Chaos,"€ 4,20",Netherlands,2.97,Dutch Bargain,4.3%,Historical Beer - Lichtenhainer,330ml,"€ 12,73 per litre"
De la Senne Wadesda  9,"€ 3,97",Belgium,3.83,Brasserie de la Senne,8%,Farmhouse Ale - Bière de Coupage,330ml,"€ 12,03 per litre"
El Patron North West Double IPA NWDIPA,"€ 5,80",Netherlands,3.80,Uiltje Brewing Company,8.2%,IPA - Imperial / Double,Can 440ml,"€ 13,18 per litre"
Allgäuer Hell,"€ 2,15",Germany,3.51,Schäffler Bräu,4.9%,Lager - Helles,330ml,"€ 6,52 per litre"
Kohletrimmer Schwarzbier,"€ 3,29",Germany,3.36,Buddelship Brauerei,5.3%,Schwarzbier,330ml,"€ 9,97 per litre"
Tasty Rainbow – Orange,"€ 5,85",Scotland,3.64,Vault City Brewing,5.4%,Sour - Fruited,Can 440ml,"€ 13,30 per litre"
45 Days Organic Pilsner,"€ 69,50",Denmark,3.32,To Øl,4.7%,Pilsner - Other,24-pack,"Total price: € 69,50"
Fraise des Arbres,"€ 14,62",France,4.05,Brasserie La Malpolon,5.3%,Sour - Fruited,Bottle 750ml,"€ 19,49 per litre"
Sécateur,"€ 11,97",France,3.88,Brasserie La Malpolon,7.8%,Grape Ale - Other,Bottle 750ml,"€ 15,96 per litre"
Sécateur,"€ 6,31",France,3.88,Brasserie La Malpolon,7.8%,Grape Ale - Other,330ml,"€ 19,12 per litre"
Surette  1,"€ 4,14",France,3.87,Brasserie La Malpolon,5.4%,Sour - Fruited,330ml,"€ 12,55 per litre"
La Malpolon / Bendorf Die Holunder,"€ 4,17",France,3.83,Brasserie La Malpolon,5.2%,Wild Ale - Other,330ml,"€ 12,64 per litre"
Panettone,"€ 4,97",France,3.81,Brasserie La Malpolon,7.8%,Farmhouse Ale - Other,330ml,"€ 15,06 per litre"
Tempérance,"€ 17,19",France,3.79,Brasserie La Malpolon,7.3%,Grape Ale - Other,Bottle 750ml,"€ 22,92 per litre"
Chante-Loup 2022,"€ 14,81",France,3.76,Brasserie La Malpolon,7.1%,Farmhouse Ale - Other,Bottle 750ml,"€ 19,75 per litre"
Smokescreen,"€ 5,95",Scotland,4.04,Tempest Brewing Co.,11.4%,Stout - Imperial / Double,330ml,"€ 18,03 per litre"
Wavelet,"€ 3,49",Estonia,3.61,Pühaste Brewery,6.5%,IPA - Cold,330ml,"€ 10,58 per litre"
"Oude Gueuze Tilquin à l&apos;Ancienne  -  37,5cl incl. statiegeld","€ 5,30",United States,3.89,Sierra Nevada Brewing Co.,7%,Belgian Tripel,Bottle 375ml,"€ 14,13 per litre"
Oude Gueuze Tilquin à l&apos;Ancienne - Lambics Vieillis en Fûts de Cognac  -  75cl incl. statiegeld - SHOP ONLY,"€ 25,00",United States,3.89,Sierra Nevada Brewing Co.,10.6%,Belgian Tripel,Bottle 750ml,"€ 33,33 per litre"
"Smauk - 37,5cl","€ 13,10",Germany,3.89,Kemker Kultuur (Brauerei J. Kemker),7%,Sour - Other,Bottle 375ml,"€ 34,93 per litre"
Your Brain On Brunch,"€ 15,99",United States,4.13,Pipeworks Brewing Company,11.3%,Stout - Imperial / Double Milk,473ml,"€ 33,81 per litre"
Woest,"€ 3,70",Netherlands,3.76,Dutch Bargain,10%,Stout - Imperial / Double,330ml,"€ 11,21 per litre"
Postel Tripel,"€ 3,50",Belgium,3.55,Affligem Brouwerij,9%,Belgian Tripel,330ml,"€ 10,61 per litre"
Coastal IPA,"€ 3,20",Netherlands,3.53,Dutch Bargain,5.8%,IPA - American,330ml,"€ 9,70 per litre"
Vedett Extra White,"€ 2,20",Belgium,3.51,Duvel Moortgat,4.7%,Wheat Beer - Witbier / Blanche,330ml,"€ 6,67 per litre"
Mango,"€ 2,95",Belgium,3.25,Mongozo,3.6%,Fruit Beer,330ml,"€ 8,94 per litre"
Continuance B4,"€ 179,99",United States,4.61,Side Project Brewing,15%,Strong Ale - American,Bottle 750ml,"€ 239,99 per litre"
Cincovery,"€ 14,99",Canada,4.17,Nano Cinco,11.5%,Stout - Imperial / Double,500ml,"€ 29,98 per litre"
Svishtovian,"€ 9,49",Bulgaria,4.06,Sofia Electric Brewing,12%,Stout - Imperial / Double,330ml,"€ 28,76 per litre"
Tequila Inner Space (2023),"€ 21,99",United States,4.21,Barreled Souls Brewing Company,13.8%,Stout - Imperial / Double,500ml,"€ 43,98 per litre"
Paracasa Riserva 2023,"€ 14,95",Italy,4.08,CRAK Brewery,15.5%,Stout - Imperial / Double,Bottle 375ml,"€ 39,87 per litre"
Prosecco Brut Nature Tenuta,"€ 15,95",Italy,3.71,CRAK Brewery,11%,IPA - Imperial / Double,Bottle 750ml,"€ 21,27 per litre"
Prosecco Brut Tenuta Bembo – Prosecco DOC Brut millesimato,"€ 14,95",Italy,3.71,CRAK Brewery,11%,IPA - Other,Bottle 750ml,"€ 19,93 per litre"
Mansueto 2023 – Mixed Barrel Aged Blended Barley Wine,"€ 16,95",Italy,4.36,CRAK Brewery,13%,Barleywine - English,Bottle 375ml,"€ 45,20 per litre"
Giotto 2022 – mit Panettone 2 Jahre im Chardonnay Barrel Aged gereiftes Imperial Stout,"€ 14,95",Italy,4.34,CRAK Brewery,13%,Stout - Imperial / Double Pastry,Bottle 375ml,"€ 39,87 per litre"
Sonic Freefall 2023 – Grape Pomace Saison Lambic,"€ 13,95",Belgium,3.83,Brussels Beer Project,6.5%,Farmhouse Ale - Other,Bottle 750ml,"€ 18,60 per litre"
Oude Schaarbeekse Kriek Boon 2019,"€ 4,90",Belgium,3.66,Brouwerij Boon,6%,Lambic - Kriek,Bottle 375ml,"€ 13,07 per litre"
Rochefort Trappistes 10,"€ 8,40",Belgium,4.05,Abbaye Notre-Dame de Saint-Rémy,11.3%,Belgian Quadrupel,Bottle 330ml,"€ 25,45 per litre"
St. Bernardus Tokyo,"€ 2,95",Belgium,3.48,Brouwerij St.Bernardus,6%,Wheat Beer - Witbier / Blanche,330ml,"€ 8,94 per litre"
Frutti di Bosco,"€ 6,37",Sweden,3.67,Stigbergets Bryggeri,6%,Sour - Fruited,Can 440ml,"€ 14,48 per litre"
Fyne Rum BA Mills & Hills,"€ 10,40",Scotland,4.11,Fyne Ales,11.5%,Stout - Imperial / Double,Bottle 330ml,"€ 31,52 per litre"
The Stones 2023,"€ 21,60",England,3.98,Crossover Blendery,7.7%,Wild Ale - Other,Bottle 750ml,"€ 28,80 per litre"
Damascene 2023,"€ 21,60",England,3.94,Crossover Blendery,6.3%,Wild Ale - Other,Bottle 750ml,"€ 28,80 per litre"
Alto 2022,"€ 18,90",England,3.76,Crossover Blendery,5.3%,Wild Ale - Other,Bottle 750ml,"€ 25,20 per litre"
Pome-granate To the Edge of the Empire,"€ 8,50",Italy,3.48,White Pony Microbrewery,12.8%,Sour - Other,330ml,"€ 25,76 per litre"
Apres Kievit,"€ 3,30",Netherlands,3.47,Bird Brewery,8.6%,Winter Ale,330ml,"€ 10,00 per litre"
Pohjala Must Kuld,"€ 3,80",Estonia,3.76,Põhjala,7.8%,Porter - Other,Can 330ml,"€ 11,52 per litre"
Druif 2022,"€ 36,60",Netherlands,4.27,Tommie Sjef,8.1%,Wild Ale - Other,Bottle 750ml,"€ 48,80 per litre"
Saaz,"€ 37,60",Netherlands,4.12,Tommie Sjef,6.8%,Wild Ale - Other,Bottle 750ml,"€ 50,13 per litre"
Oud Bruin,"€ 37,70",Netherlands,3.96,Tommie Sjef,7.2%,Sour - Flanders Oud Bruin,Bottle 750ml,"€ 50,27 per litre"
Simmer Dim,"€ 28,00",United States,4.22,Cellarmaker Brewing Company,14.5%,Barleywine - Other,Bottle 375ml,"€ 74,67 per litre"
Sako Gueuze Adelaar Spiced,"€ 18,21",Belgium,3.85,Brouwerij-Stokerij Sako,6.5%,Lambic - Gueuze,Bottle 750ml,"€ 24,28 per litre"
Iron Skies,"€ 3,99",Netherlands,3.81,Brouwerij Frontaal,10.5%,Stout - Imperial / Double Coffee,330ml,"€ 12,09 per litre"
Fleeting Moment,"€ 21,95",United States,4.33,Tree House Brewing Company,9.6%,Stout - Imperial / Double Milk,330ml,"€ 12,09 per litre"
VAT 31 Mono Blend,"€ 10,00",Belgium,3.99,Brouwerij Boon,8.5%,Lambic - Gueuze,Bottle 375ml,"€ 26,67 per litre"
VAT 108 Mono Blend,"€ 11,00",Belgium,4.15,Brouwerij Boon,8%,Lambic - Gueuze,Bottle 375ml,"€ 29,33 per litre"
VAT 110 Mono Blend,"€ 11,00",Belgium,4.08,Brouwerij Boon,8%,Lambic - Gueuze,Bottle 375ml,"€ 29,33 per litre"
VAT 109 Mono Blend,"€ 16,00",Belgium,4.08,Brouwerij Boon,8.25%,Lambic - Gueuze,Bottle 375ml,"€ 42,67 per litre"
VAT 91 Mono Blend,"€ 11,00",Belgium,3.99,Brouwerij Boon,8%,Lambic - Gueuze,Bottle 375ml,"€ 29,33 per litre"
Kriek - 2021,"€ 18,00",Belgium,4.12,Het Boerenerf Eylenbosch,7%,Lambic - Kriek,Bottle 750ml,"€ 24,00 per litre"
Fresita,"€ 12,50",Spain,3.85,Cyclic Beer Farm,5.6%,Sour - Fruited,Bottle 750ml,"€ 16,67 per litre"
Père Noel,"€ 7,67",Belgium,3.45,Brouwerij De Ranke,7%,Winter Ale,Bottle 750ml,"€ 16,67 per litre"
Zombie Apocalypse,"€ 17,69",Canada,3.88,Indie Alehouse,10%,Stout - Imperial / Double,500ml,"€ 35,38 per litre"
Hop Harvest 2023,"€ 8,89",Belgium,3.69,Brouwerij De Ranke,5.5%,IPA - Belgian,Bottle 750ml,"€ 11,85 per litre"
Achel Superior Dark,"€ 7,35",Belgium,3.92,Brouwerij der Sint-Benedictusabdij De Achelse Kluis,9.5%,Belgian Quadrupel,Bottle 750ml,"€ 9,80 per litre"
Au Baron / Sibeeria Saison Bohémienne,"€ 7,25",France,3.65,Brasserie au Baron,5%,Farmhouse Ale - Saison,Bottle 750ml,"€ 9,67 per litre"
Keetje Trippel,"€ 3,57",Belgium,3.48,BRAUW,8.5%,Belgian Tripel,330ml,"€ 10,82 per litre"
Dark Night,"€ 6,35",Netherlands,4.00,Moersleutel Craft Brewery,11%,Stout - Imperial / Double Coffee,Can 440ml,"€ 14,43 per litre"
Bourbon County Brand Angel's Envy 2-Year Cask Finish Stout (2023),"€ 87,95",United States,4.50,Goose Island Beer Co.,15.5%,Stout - Imperial / Double,Can 440ml,"€ 14,43 per litre"
King Rufus,"€ 4,25",Norway,3.77,LERVIG,15.6%,Barleywine - English,330ml,"€ 12,88 per litre"
Bourbon County Brand Sir Isaac's Stout (2022),"€ 49,95",United States,4.36,Goose Island Beer Co.,13.9%,Stout - Imperial / Double,500ml,"€ 99,90 per litre"
Nicely Toasted,"€ 10,45",United States,4.17,Sapwood Cellars Brewery,10.5%,Stout - Imperial / Double Oatmeal,473ml,"€ 22,09 per litre"
Heathen,"€ 5,79",England,3.90,Northern Monk,7.2%,IPA - New England / Hazy,Can 440ml,"€ 13,16 per litre"
Welde Citra Helles,"€ 2,19",Germany,3.54,Welde Braumanufaktur,5.2%,Lager - Helles,330ml,"€ 6,64 per litre"
Silent Barrel #568 (Clayton Winehouse),"€ 369,95",United States,4.55,Side Project Brewing,15%,Stout - Imperial / Double,330ml,"€ 6,64 per litre"
Gilded Grove Ceramic Toast,"€ 32,95",United States,4.17,Tree House Brewing Company,10.9%,Barleywine - Other,330ml,"€ 6,64 per litre"
Old World Double Bourbon Scotch Ale,"€ 44,95",United States,4.27,Tree House Brewing Company,13.1%,Scotch Ale / Wee Heavy,330ml,"€ 6,64 per litre"
Old World Bourbon Scotch Ale,"€ 37,95",United States,3.78,Tree House Brewing Company,11.6%,Scotch Ale / Wee Heavy,330ml,"€ 6,64 per litre"
OG Armand & Gaston 20/21 Assemblage n° 49,"€ 22,92",Belgium,4.27,Brouwerij 3 Fonteinen,6.9%,Lambic - Gueuze,Bottle 750ml,"€ 30,56 per litre"
Sensi Rum BA,"€ 10,50",Estonia,4.19,Pühaste Brewery,12.5%,Stout - Imperial / Double,330ml,"€ 31,82 per litre"
"Oude Schaarbeekse Kriek 2019 37,5cl","€ 11,30",Belgium,3.82,Brouwerij Boon,6.5%,Lambic - Kriek,Bottle 375ml,"€ 30,13 per litre"
Jule Malt 2.0,"€ 32,60",Denmark,3.97,To Øl,13%,Stout - Imperial / Double Milk,6-pack,"Total price: € 32,60"
Pop Hop Cyber Jazz,"€ 3,65",Netherlands,3.66,POPHOP,10%,Belgian Quadrupel,330ml,"€ 11,06 per litre"
Pop Hop Killer Queen,"€ 3,65",Netherlands,3.51,POPHOP,8%,Belgian Tripel,330ml,"€ 11,06 per litre"
WILD#21 Forest Blueberry & Basil Mix Fermentation Ale,"€ 10,40",Poland,3.99,Browar Stu Mostów,7%,Wild Ale - Other,Bottle 750ml,"€ 13,87 per litre"
Jule Malt 2.0,"€ 6,10",Denmark,3.97,To Øl,13%,Stout - Imperial / Double Milk,Bottle 750ml,"€ 13,87 per litre"
Pêche /Perzik,"€ 2,49",Belgium,3.57,Brouwerij Lindemans,2.5%,Lambic - Fruit,Bottle 250ml,"€ 9,96 per litre"
Pêche Du Fermier (10 Year),"€ 72,50",United States,4.43,Side Project Brewing,8%,Farmhouse Ale - Saison,Bottle 750ml,"€ 96,67 per litre"
La Belle Fleur (Mango & Tangerine),"€ 35,00",United States,4.38,Side Project Brewing,6%,Brett Beer,Bottle 375ml,"€ 93,33 per litre"
Wavy Dave's,"€ 27,95",United States,4.18,Barreled Souls Brewing Company,12.6%,Stout - Imperial / Double,Bottle 375ml,"€ 74,53 per litre"
Ultrasphere,"€ 11,99",United States,4.30,Hudson Valley Brewery,6%,IPA - Sour,,
Multichorus,"€ 9,99",United States,4.30,Hudson Valley Brewery,7%,IPA - Sour,,
Silhouette: Peach,"€ 11,99",United States,4.29,Hudson Valley Brewery,5%,IPA - Sour,,
Straylight,"€ 11,99",United States,4.22,Hudson Valley Brewery,7%,IPA - Sour,473ml,"€ 25,35 per litre"
Alpenglow,"€ 11,99",United States,4.10,Hudson Valley Brewery,8%,IPA - Sour,473ml,"€ 25,35 per litre"
Feel No Way: Lime,"€ 8,99",United States,3.60,Hudson Valley Brewery,5%,Pilsner - Other,473ml,"€ 25,35 per litre"
Cuvée Clarisse Rum Infused,"€ 2,98",Belgium,3.66,Brouwerij Wilderen,11.2%,Belgian Strong Dark Ale,330ml,"€ 9,03 per litre"
Bouts - Leuvense Witte,"€ 2,82",Belgium,3.31,Brouwerij Hof ten Dormaal,4.5%,Wheat Beer - Witbier / Blanche,330ml,"€ 8,55 per litre"
Pannepot Vintage 2022,"€ 3,10",Belgium,3.94,De Struise Brouwers,10%,Belgian Strong Dark Ale,330ml,"€ 9,39 per litre"
Planetarium,"€ 4,80",Belgium,3.84,Brasserie Atrium,9.2%,Stout - Imperial / Double,330ml,"€ 14,55 per litre"
Dear Santa,"€ 4,80",Belgium,3.80,Brasserie Atrium,12%,Stout - Imperial / Double,330ml,"€ 14,55 per litre"
Between the Sheets,"€ 15,95",England,3.77,Thornbridge Brewery,8.3%,Stout - Imperial / Double,Bottle 375ml,"€ 42,53 per litre"
Barista Chocolate Quad,"€ 5,91",Belgium,3.77,Kasteel Brouwerij Vanhonsebrouck,11%,Belgian Quadrupel,Bottle 750ml,"€ 7,88 per litre"
Purper [75cl],"€ 15,90",Netherlands,3.67,Nevel Wild Ales,4.5%,Wild Ale - Other,Bottle 750ml,"€ 7,88 per litre"
Huyghe Delirium Nocturnum Strong Dark,"€ 3,99",Belgium,3.76,Delirium - Huyghe Brewery,8.5%,Belgian Strong Dark Ale,330ml,"€ 12,09 per litre"
St. Austell Mena Dhu Stout,"€ 4,49",England,3.69,St Austell Brewery,4.5%,Stout - English,500ml,"€ 8,98 per litre"
Evoluwonder Tripel Weizen,"€ 2,75",Netherlands,3.59,100 Watt Brewery,9%,Wheat Beer - Wheat Wine,330ml,"€ 8,33 per litre"
Bon Secours Blonde de Noël,"€ 3,00",Belgium,3.48,Brasserie Caulier,9%,Winter Ale,330ml,"€ 9,09 per litre"
Brouwerij de Klep 4 Granen Tripel,"€ 3,60",Netherlands,3.61,Brouwerij De Klep,7.5%,Belgian Tripel,330ml,"€ 10,91 per litre"
Double Black Mash 2023 Bourbon Barrel Aged Version,"€ 30,20",Denmark,4.31,Amager Bryghus,13.1%,Stout - Imperial / Double,Bottle 750ml,"€ 40,27 per litre"
Cuvée Clarisse Whisky Infused Wild Weasel,"€ 2,98",Belgium,3.75,Brouwerij Wilderen,10.2%,Belgian Strong Dark Ale,330ml,"€ 9,03 per litre"
Tripel Kanunnik,"€ 2,80",Belgium,3.67,Brouwerij Wilderen,8.2%,Belgian Tripel,330ml,"€ 8,48 per litre"
Kriek (2021),"€ 4,76",Belgium,3.66,Brouwerij Boon,4%,Lambic - Kriek,Bottle 375ml,"€ 12,69 per litre"
Kriek (2022),"€ 4,46",Belgium,3.64,Brouwerij Boon,4%,Lambic - Kriek,Bottle 375ml,"€ 11,89 per litre"
Villers Trippel,"€ 3,63",Belgium,3.44,Delirium - Huyghe Brewery,8.5%,Belgian Tripel,330ml,"€ 11,00 per litre"
Barentsz Winter,"€ 3,61",Belgium,3.43,Rimor Brewery,9.2%,Belgian Quadrupel,330ml,"€ 10,94 per litre"
Barotrauma Woodford Reserve BA,"€ 7,80",Poland,3.81,Browar Harpagan,10.5%,Barleywine - Other,Bottle 330ml,"€ 23,64 per litre"
Przepięcie,"€ 2,70",Poland,3.32,Browar Wielka Sowa,3.8%,Pale Ale - American,Bottle 500ml,"€ 5,40 per litre"
No Sleep,"€ 75,10",United States,4.39,Anchorage Brewing Company,15%,Strong Ale - American,Bottle 375ml,"€ 200,27 per litre"
King Of Darkness,"€ 146,20",United States,4.31,Anchorage Brewing Company,16%,Stout - Imperial / Double,Bottle 375ml,"€ 389,87 per litre"
Way Outside the Lines,"€ 53,50",United States,4.30,Trillium Brewing Company,13%,Stout - Imperial / Double Coffee,500ml,"€ 107,00 per litre"
Bye Van Rye,"€ 7,55",Netherlands,3.79,Rock City Brewing,5%,Rye Wine,330ml,"€ 22,88 per litre"
Midnight Maple,"€ 9,00",Poland,4.33,Browar Stu Mostów,13.5%,Stout - Imperial / Double Pastry,Bottle 330ml,"€ 27,27 per litre"
Fruh Kolsch 50cl,"€ 4,50",Germany,3.32,Cölner Hofbräu Früh,4.8%,Kölsch,500ml,"€ 9,00 per litre"
Your Brain on Brunch,"€ 14,40",United States,4.13,Pipeworks Brewing Company,11.3%,Stout - Imperial / Double Milk,473ml,"€ 30,44 per litre"
First and Last House on the Block,"€ 9,30",United States,3.71,Pipeworks Brewing Company,5.5%,Rye Beer,473ml,"€ 19,66 per litre"
Pastrami on Rye,"€ 10,20",United States,3.36,Pipeworks Brewing Company,8%,Spiced / Herbed Beer,473ml,"€ 21,56 per litre"
Kompressor 2k23,"€ 9,95",Switzerland,4.08,Hoppy People,14.1%,Stout - Imperial / Double,330ml,"€ 30,15 per litre"
Imperial Stout,"€ 5,00",England,3.73,Samuel Smith,7%,Stout - Russian Imperial,330ml,"€ 30,15 per litre"
Scoundrel,"€ 9,90",England,4.07,Emperor's Brewery,13.8%,Stout - Imperial / Double,330ml,"€ 30,00 per litre"
Kessel Run,"€ 9,90",England,3.68,Emperor's Brewery,13.1%,Porter - Imperial / Double,330ml,"€ 30,00 per litre"
Motor Oil Imperial Stout,"€ 6,40",Netherlands,3.79,Moersleutel Craft Brewery,12%,Stout - Russian Imperial,Can 440ml,"€ 14,55 per litre"
Zwickl,"€ 2,10",Germany,3.53,Brauerei Reichold,5.2%,Kellerbier / Zwickelbier,500ml,"€ 4,20 per litre"
Hell,"€ 2,20",Germany,3.37,Brauerei Haberstumpf,5%,Lager - Helles,500ml,"€ 4,40 per litre"
Tripel,"€ 3,49",Netherlands,3.50,Brouwerij Noordt,7.5%,Belgian Tripel,330ml,"€ 10,58 per litre"
Druif Muscat Ottonel 2023,"€ 32,50",Belgium,4.28,Brouwerij 3 Fonteinen,7.2%,Lambic - Fruit,Bottle 750ml,"€ 43,33 per litre"
Druif Gewurztraminer 2023,"€ 27,50",Belgium,4.26,Brouwerij 3 Fonteinen,7.8%,Lambic - Fruit,Bottle 750ml,"€ 36,67 per litre"
Druif/Aardbei 2023,"€ 27,50",Belgium,4.26,Brouwerij 3 Fonteinen,7.5%,Lambic - Fruit,Bottle 750ml,"€ 36,67 per litre"
Druif Grüner Veltliner 2023,"€ 27,50",Belgium,4.17,Brouwerij 3 Fonteinen,7.5%,Lambic - Fruit,Bottle 750ml,"€ 36,67 per litre"
Druif Sylvaner 2023,"€ 32,50",Belgium,4.14,Brouwerij 3 Fonteinen,8.1%,Lambic - Fruit,Bottle 750ml,"€ 43,33 per litre"
Buddelship Lost Horizon Kriek 22 Sour Cherry Lambic-Style,"€ 19,99",Germany,3.69,Lost Horizon Farm,6.4%,Lambic - Kriek,Bottle 750ml,"€ 26,65 per litre"
Chiemseer Hell,"€ 1,60",Germany,3.50,Auerbräu Rosenheimer Spezialitätenbrauerei,4.8%,Lager - Helles,500ml,"€ 3,20 per litre"
Altes Mädchen Jubiläums-Zwickel,"€ 2,09",Germany,3.32,Ratsherrn Brauerei,5.2%,Kellerbier / Zwickelbier,330ml,"€ 6,33 per litre"
White Label Imperial Stout Single Malt Islay Whisky BA 2023,"€ 5,32",Netherlands,3.58,Brouwerij Emelisse,12%,Stout - Russian Imperial,330ml,"€ 16,12 per litre"
2023 BA Grazing On the Ordinary,"€ 43,69",United States,4.42,Finback Brewery,11.8%,Stout - Imperial / Double Pastry,330ml,"€ 16,12 per litre"
Imperial Biscotti Bourbon Maple Syrup Barrel Aged,"€ 39,95",United States,4.35,Evil Twin Brewing,11.5%,Porter - Imperial / Double,Bottle 650ml,"€ 61,46 per litre"
Barrel-Aged Way Outside The Lines,"€ 41,95",United States,4.30,Trillium Brewing Company,13%,Stout - Imperial / Double Coffee,500ml,"€ 83,90 per litre"
Mexican Coffee Cake (Maple Syrup Barrel Aged) (2020),"€ 42,95",United States,4.25,Westbrook Brewing Co.,10.5%,Stout - Imperial / Double,500ml,"€ 83,90 per litre"
HOHOHO,"€ 4,99",Netherlands,3.64,Dutch Bargain,7.5%,IPA - American,Can 440ml,"€ 11,34 per litre"
Sako Bogaerden Imperial White,"€ 1,95",Belgium,3.38,Brouwerij-Stokerij Sako,7.5%,Wheat Beer - Witbier / Blanche,330ml,"€ 5,91 per litre"
Sako Monnik Bosbier,"€ 1,95",Belgium,3.30,Brouwerij-Stokerij Sako,8.5%,Belgian Tripel,330ml,"€ 5,91 per litre"
Nerdbrewing x Bereta Away From Keyboard,"€ 12,00",Sweden,4.04,Nerdbrewing,11.5%,Stout - Imperial / Double Pastry,Bottle 330ml,"€ 36,36 per litre"
Marble Decadence 2023,"€ 20,40",England,4.04,Marble Beers Ltd,10.5%,Stout - Imperial / Double,Bottle 660ml,"€ 30,91 per litre"
Blood Eagle 2023,"€ 9,60",Scotland,3.93,Holy Goat Brewing,7.4%,Sour - Flanders Red Ale,Bottle 375ml,"€ 25,60 per litre"
Pannepot Vintage Ale,"€ 6,80",Belgium,3.84,De Struise Brouwers,10%,Dark Ale,Bottle 330ml,"€ 20,61 per litre"
Left Handed Giant Blender. Pantheon,"€ 22,10",England,3.79,Blender.,6%,Farmhouse Ale - Saison,Bottle 750ml,"€ 29,47 per litre"
Oude Quetsche Tilquin à LAncienne (2021-2022),"€ 10,89",Belgium,4.08,Gueuzerie Tilquin,6.4%,Lambic - Fruit,Bottle 375ml,"€ 29,04 per litre"
Oude Kriek met Schaarbeekse Krieken,"€ 15,16",Belgium,3.79,Brouwerij Kestemont,5.5%,Lambic - Kriek,Bottle 375ml,"€ 40,43 per litre"
Wildwuchs Fastmoker,"€ 2,99",Germany,3.34,Wildwuchs Brauwerk Hamburg,4.9%,Pilsner - Other,330ml,"€ 9,06 per litre"
Melchior Vintage Recipe Serie Whisky Barrel Aged,"€ 5,49",Belgium,3.90,Brouwerij Alvinne,11%,Winter Ale,330ml,"€ 16,64 per litre"
Rosé de Gambrinus,"€ 12,26",Belgium,4.27,Brasserie Cantillon,5%,Lambic - Framboise,Bottle 375ml,"€ 32,69 per litre"
Groen,"€ 4,66",Belgium,3.75,Bières de Chimay,10%,Belgian Strong Golden Ale,330ml,"€ 14,12 per litre"
Más Agave Clásica Lime,"€ 4,90",United States,3.89,Founders Brewing Co.,10%,Sour - Fruited Gose,355ml,"€ 13,80 per litre"
Weiherer/Cervejaria Bamberg Rauchbock,"€ 3,09",Brazil,3.50,Bamberg Bier/ Brauerei Kundmüller,7%,Rauchbier,500ml,"€ 6,18 per litre"
Fluke,"€ 7,20",Netherlands,3.63,De Kromme Haring,10.5%,Old / Stock Ale,Bottle 375ml,"€ 19,20 per litre"
Buenaveza,"€ 2,79",United States,3.40,Stone Brewing,4.7%,Lager - Mexican,355ml,"€ 7,86 per litre"
Goud,"€ 2,45",Belgium,3.48,Brouwerij Wilderen,6.2%,Belgian Blonde,330ml,"€ 7,42 per litre"
"Nostalgia Collection #13 - ""Melkbar"" (limited edition)","€ 3,61",Belgium,3.64,Brouwerij Kompel,11%,Belgian Strong Dark Ale,330ml,"€ 10,94 per litre"
Ne Grèllige (T.H.T. 12/2023),"€ 3,61",Belgium,3.46,Brouwerij Vandijck,10%,Winter Ale,330ml,"€ 10,94 per litre"
The Boss 2023,"€ 10,95",Switzerland,4.11,Hoppy People,15.2%,Porter - Imperial / Double Baltic,330ml,"€ 33,18 per litre"
Maturation: Bocoy 2021,"€ 26,48",Denmark,3.97,Insight Cellars,7.2%,Wild Ale - Other,Bottle 750ml,"€ 35,31 per litre"
Fika,"€ 8,29",United States,4.17,Beer Tree Brew,7.9%,Stout - Coffee,Bottle 750ml,"€ 35,31 per litre"
Colon-Elle,"€ 23,56",Belgium,3.97,Lambiek Fabriek,11%,Lambic - Gueuze,Bottle 750ml,"€ 31,41 per litre"
Sans Pardon,"€ 5,20",Belgium,3.83,Brouwerij De Dochter van de Korenaar,11%,Stout - Russian Imperial,330ml,"€ 15,76 per litre"
Grande Réserve (Blue),"€ 4,05",Belgium,3.78,Bières de Chimay,9%,Belgian Strong Dark Ale,330ml,"€ 12,27 per litre"
Dulle Teve,"€ 4,37",Belgium,3.74,Brouwerij De Dolle Brouwers,10%,Belgian Tripel,330ml,"€ 13,24 per litre"
Kriek 100% Lambic Bio,"€ 11,43",Belgium,4.34,Brasserie Cantillon,6%,Lambic - Kriek,Bottle 375ml,"€ 30,48 per litre"
Sans Pardon Pure Oak,"€ 7,79",Belgium,4.02,Brouwerij De Dochter van de Korenaar,11%,Stout - Russian Imperial,330ml,"€ 23,61 per litre"
La Vermontoise,"€ 6,74",Belgium,3.80,Brasserie de Blaugies/ Hill Farmstead Brewery,10%,Farmhouse Ale - Saison,Bottle 375ml,"€ 17,97 per litre"
Zundert 10,"€ 5,71",Netherlands,3.74,Trappistenbrouwerij de Kievit B.V.,10%,Belgian Quadrupel,330ml,"€ 17,30 per litre"
La Moneuse,"€ 6,45",Belgium,3.74,Brasserie de Blaugies,8%,Farmhouse Ale - Saison,Bottle 375ml,"€ 17,20 per litre"
Zundert 8,"€ 4,47",Netherlands,3.65,Trappistenbrouwerij de Kievit B.V.,8%,Belgian Tripel,330ml,"€ 13,55 per litre"
Finesse,"€ 4,37",Belgium,3.56,Brouwerij De Dochter van de Korenaar,9%,Belgian Tripel,330ml,"€ 13,24 per litre"
Classic| Rodenbach (BE),"€ 2,39",Belgium,3.45,Brouwerij Rodenbach,5.2%,Sour - Flanders Red Ale,Bottle 250ml,"€ 9,56 per litre"
Abbaye de Saint Bon Chien Grand Cru Moustache Madeira,"€ 18,50",Switzerland,4.16,Brasserie des Franches-Montagnes (BFM),11%,Sour - Other,Bottle 375ml,"€ 49,33 per litre"
Shaqira,"€ 36,50",Switzerland,4.10,Brasserie des Franches-Montagnes (BFM),7.6%,Sour - Fruited,Bottle 750ml,"€ 48,67 per litre"
Reverend Bon Chien aux damassons rouges,"€ 16,00",Switzerland,4.09,Brasserie des Franches-Montagnes (BFM),10.8%,Sour - Other,Bottle 375ml,"€ 42,67 per litre"
Chaos,"€ 12,51",Belgium,3.84,La Source Beer Co.,6.8%,Grape Ale - Other,Bottle 750ml,"€ 16,68 per litre"
Prenzlauer 0 Non Alcoholic Raspberry Berliner Weisse,"€ 3,40",Estonia,3.17,Põhjala,0.5%,Non-Alcoholic - Sour,Can 330ml,"€ 10,30 per litre"
Designated Dryver Alcoholarm Blond,"€ 2,95",Netherlands,3.15,Dutch Bargain,0.3%,Non-Alcoholic - Other,Can 330ml,"€ 8,94 per litre"
As Above So Below | Granola + Maple,"€ 14,69",United States,4.25,Mortalis Brewing Company,10%,Stout - Imperial / Double Coffee,Can 330ml,"€ 8,94 per litre"
The Sky Is Grey,"€ 4,99",Netherlands,3.72,X-brewing,11%,Stout - Imperial / Double Milk,330ml,"€ 15,12 per litre"
Fruity Madness,"€ 3,99",Netherlands,3.47,X-brewing,6.5%,IPA - American,330ml,"€ 15,12 per litre"
Piece of Cake B.A. #1,"€ 6,95",Netherlands,4.02,Brouwerij Frontaal,12%,Stout - Imperial / Double Pastry,330ml,"€ 21,06 per litre"
Pastry Train: Pecan Pie,"€ 4,55",Netherlands,3.87,Brouwerij Kees,13.1%,Stout - Imperial / Double Pastry,330ml,"€ 13,79 per litre"
Experimead #19 – 26 months White Port BA mead with Vincotto,"€ 27,95",Belgium,4.27,De Mederie,15%,Mead - Pyment,500ml,"€ 55,90 per litre"
Experimead #17 – 26 months White Port Barrel Aged Mead,"€ 27,95",Belgium,3.97,De Mederie,15%,Mead - Other,500ml,"€ 55,90 per litre"
Mr Blue Sky – Barrel Aged Cider,"€ 14,45",Belgium,3.54,De Mederie - Ciders,7.5%,Cider - Other Fruit,Bottle 750ml,"€ 19,27 per litre"
Black River 2023 – Wine Barrel Aged Mead,"€ 26,95",Belgium,4.04,De Mederie,15%,Mead - Melomel,500ml,"€ 53,90 per litre"
Must Kuld Porter,"€ 5,30",Estonia,3.76,Põhjala,7.8%,Porter - Other,330ml,"€ 16,06 per litre"
Cigale (Chardonnay & Simcoe Edition),"€ 12,51",Belgium,3.87,La Source Beer Co.,8.2%,Grape Ale - Other,Bottle 750ml,"€ 16,68 per litre"
The Boss 2023,"€ 8,79",Switzerland,4.11,Hoppy People,15.3%,Porter - Imperial / Double Baltic,330ml,"€ 26,64 per litre"
Kompressor 2k23,"€ 8,79",Switzerland,4.08,Hoppy People,14.1%,Stout - Imperial / Double,330ml,"€ 26,64 per litre"
Ecorcha,"€ 10,37",Belgium,3.76,La Source Beer Co.,4.5%,Grape Ale - Other,Bottle 750ml,"€ 13,83 per litre"
Racines,"€ 10,37",Belgium,3.66,La Source Beer Co.,5.1%,Sour - Fruited Gose,Bottle 750ml,"€ 13,83 per litre"
Peach Pilot – Wheat Saison Aged in French Oak Burgundy Barrels,"€ 19,95",Germany,4.03,FrauGruber Brewing,6.2%,Farmhouse Ale - Saison,500ml,"€ 39,90 per litre"
Coffret Prestige,"€ 59,90",United States,3.97,Call To Arms Brewing Company,9.5%,Porter - Other,500ml,"€ 39,90 per litre"
Schaerbeekse Kriek,"€ 7,35",Belgium,4.19,Hanssens Artisanaal,6.5%,Lambic - Kriek,Bottle 375ml,"€ 19,60 per litre"
Laugar / La Pirata Block Tovarich 2.0,"€ 6,39",Spain,4.09,Laugar Brewery,12%,Stout - Russian Imperial,330ml,"€ 19,36 per litre"
Schaarbeekse Oude Kriek 2023,"€ 26,97",Belgium,4.28,Oud Beersel,7%,Lambic - Kriek,Bottle 750ml,"€ 35,96 per litre"
Oude Roussanne Tilquin à l&apos;Ancienne  -  75cl incl. statiegeld - SHOP ONLY,"€ 18,00",United States,3.89,Sierra Nevada Brewing Co.,8%,Belgian Tripel,Bottle 750ml,"€ 24,00 per litre"
Oude Syrah Tilquin à l&apos;Ancienne  -  75cl incl. statiegeld - SHOP ONLY,"€ 18,00",United States,3.89,Sierra Nevada Brewing Co.,8%,Belgian Tripel,Bottle 750ml,"€ 24,00 per litre"
Gueuzérable Tilquin (2020-2021)  -  75cl incl. statiegeld - SHOP ONLY,"€ 20,00",Italy,3.83,Siemàn,10%,Farmhouse Ale - Saison,Bottle 750ml,"€ 26,67 per litre"
Soif,"€ 14,50",Canada,3.97,Revel Cider Company,6.4%,Cider - Other Fruit,Bottle 750ml,"€ 19,33 per litre"
Bohemian,"€ 2,49",Netherlands,3.28,Vet & Lazy,4.7%,Pilsner - Czech / Bohemian,330ml,"€ 7,55 per litre"
Pauwel Kwak,"€ 7,95",Belgium,3.76,Brouwerij Bosteels,8.4%,Pale Ale - Belgian,Bottle 750ml,"€ 10,60 per litre"
Tutty Frutty II,"€ 24,99",Belgium,3.94,DUST Blending,6.5%,Farmhouse Ale - Saison,Bottle 750ml,"€ 33,32 per litre"
Ciderstorm,"€ 24,99",Belgium,3.89,DUST Blending,6.9%,Cider - Other Fruit,Bottle 750ml,"€ 33,32 per litre"
Pohjala / Mikkeller Sea Fog,"€ 3,59",Estonia,3.49,Põhjala,8%,Sour - Fruited Gose,Can 330ml,"€ 10,88 per litre"
Déviation 2022 - 1,"€ 17,50",France,4.17,Popihn Sauvages,7%,Wild Ale - Other,Bottle 750ml,"€ 23,33 per litre"
Siren Death by Caribbean Chocolate Cake 2023,"€ 6,85",England,4.21,Siren Craft Brew,10%,Stout - Imperial / Double Milk,330ml,"€ 20,76 per litre"
Siren Caribbean Salted Cherry Chocolate Cake 2023,"€ 6,42",England,3.81,Siren Craft Brew,7.4%,Stout - Imperial / Double Milk,330ml,"€ 19,45 per litre"
Siren Caribbean Chocolate Cupccake 2023,"€ 5,89",England,3.80,Siren Craft Brew,5.4%,Stout - Milk / Sweet,330ml,"€ 17,85 per litre"
Orange is my new Love,"€ 7,50",Spain,3.72,Cervesa Espiga,7%,Farmhouse Ale - Other,Bottle 375ml,"€ 20,00 per litre"
Pale Ale,"€ 3,53",Belgium,3.60,Brasserie Surréaliste,5.6%,Pale Ale - American,330ml,"€ 10,70 per litre"
Mano Negra,"€ 3,01",Belgium,3.56,Brouwerij Alvinne,10%,Stout - Imperial / Double,330ml,"€ 9,12 per litre"
Hertl Oma's Betthupferl Bockbier,"€ 3,49",Germany,3.33,Braumanufaktur Hertl,6.5%,Bock - Single / Traditional,500ml,"€ 6,98 per litre"
Blueberry Moon Blast,"€ 2,29",United States,3.62,Dream State Brewing,6%,Sour - Smoothie / Pastry,500ml,"€ 6,98 per litre"
Girardin: Oude Geuze Fond 2023,"€ 5,45",Belgium,4.00,Brouwerij Girardin,5%,Lambic - Gueuze,Bottle 375ml,"€ 14,53 per litre"
St-Barbara Salvatoris,"€ 2,88",Belgium,3.58,Brouwerij Kompel,8.5%,Belgian Strong Golden Ale,330ml,"€ 8,73 per litre"
Prion Des Fleurs,"€ 2,73",Belgium,3.47,Brouwerij Kompel,8%,Honey Beer,330ml,"€ 8,27 per litre"
Bovengronds,"€ 2,50",Belgium,3.43,Brouwerij Kompel,6%,Belgian Blonde,330ml,"€ 7,58 per litre"
Boerenerf Oude Gueuze,"€ 9,39",Belgium,4.11,Het Boerenerf Eylenbosch,7%,Lambic - Gueuze,Bottle 750ml,"€ 12,52 per litre"
Urweisse,"€ 2,29",Germany,3.74,Ayinger Privatbrauerei,5.8%,Wheat Beer - Dunkelweizen,500ml,"€ 4,58 per litre"
Funky Blender Blackberry,"€ 40,20",United States,4.57,Casey Brewing & Blending,5.8%,Wild Ale - American,500ml,"€ 4,58 per litre"
Nectarine Diversion,"€ 56,20",United States,4.43,Casey Brewing & Blending/ WeldWerks Brewing Co.,6%,Sour - Fruited,500ml,"€ 4,58 per litre"
Casey Family Preserves Peach,"€ 57,60",United States,4.42,Casey Brewing & Blending,6%,Farmhouse Ale - Saison,500ml,"€ 4,58 per litre"
Bord de Champ,"€ 13,60",France,4.41,Brasserie de Sulauze,7%,Wild Ale - Other,500ml,"€ 4,58 per litre"
Brandy Twenty Three...,"€ 47,50",United States,4.40,Central Waters Brewing Company,13.8%,Stout - Imperial / Double,500ml,"€ 4,58 per litre"
Firebar,"€ 41,00",United States,4.35,Black Project Spontaneous & Wild Ales,6.2%,Sour - Fruited,500ml,"€ 82,00 per litre"
Bourbon Twenty Three...,"€ 47,50",United States,4.35,Central Waters Brewing Company,13%,Stout - Other,500ml,"€ 82,00 per litre"
Helter Skelter,"€ 14,50",England,4.33,Siren Craft Brew,13.5%,Stout - Imperial / Double Milk,500ml,"€ 82,00 per litre"
Super Dreadnought,"€ 32,70",United States,4.33,Black Project Spontaneous & Wild Ales/ Superstition Meadery,8.18%,Sour - Fruited,500ml,"€ 65,40 per litre"
Funky Blender Abricot,"€ 43,70",United States,4.32,Casey Brewing & Blending,7%,Farmhouse Ale - Saison,Bottle 750ml,"€ 58,27 per litre"
Bourbon Barrel Dark Apparition,"€ 20,20",United States,4.32,Jackie O's Brewery,11.3%,Stout - Russian Imperial,Bottle 750ml,"€ 58,27 per litre"
Funky Blender Raspberry +...,"€ 38,40",United States,4.32,Casey Brewing & Blending,6%,Farmhouse Ale - Saison,Bottle 750ml,"€ 58,27 per litre"
Funky Blender Raspberry +...,"€ 43,70",United States,4.32,Casey Brewing & Blending,6%,Farmhouse Ale - Saison,,
Kriek Lambiek 2019,"€ 24,30",Belgium,4.31,Geuzestekerij De Cam,6.5%,Lambic - Fruit,Bottle 750ml,"€ 32,40 per litre"
Rack & Ruin,"€ 24,70",England,4.31,Buxton Brewery/ Jackie O's Brewery,13.1%,Stout - Imperial / Double,Bottle 750ml,"€ 32,40 per litre"
The thing that should not...,"€ 14,20",Romania,4.30,Strange Companion,11%,Dark Ale,Bottle 750ml,"€ 32,40 per litre"
The thing that should not...,"€ 14,20",Romania,4.30,Strange Companion,11%,Dark Ale,Bottle 750ml,"€ 32,40 per litre"
Abricot Diversion,"€ 56,20",United States,4.29,Casey Brewing & Blending/ WeldWerks Brewing Co.,6%,Farmhouse Ale - Other,Bottle 750ml,"€ 32,40 per litre"
Funky Blender Nectarine,"€ 38,40",United States,4.28,Casey Brewing & Blending,7%,Wild Ale - American,Bottle 750ml,"€ 51,20 per litre"
Osiris Rex,"€ 41,00",United States,4.28,Black Project Spontaneous & Wild Ales,9%,Sour - Fruited,Bottle 750ml,"€ 54,67 per litre"
East Bank Apricot,"€ 42,40",United States,4.27,Casey Brewing & Blending,5.5%,Sour - Fruited,Bottle 750ml,"€ 54,67 per litre"
Fruit Stand Peach,"€ 43,90",United States,4.27,Casey Brewing & Blending,5.5%,Farmhouse Ale - Saison,Bottle 750ml,"€ 58,53 per litre"
Cygnus,"€ 41,00",United States,4.26,Black Project Spontaneous & Wild Ales,6.2%,Sour - Fruited,Bottle 750ml,"€ 54,67 per litre"
Joy Ride,"€ 43,20",United States,4.26,The Bruery,15%,Stout - Imperial / Double Pastry,Bottle 750ml,"€ 57,60 per litre"
Schmoutz,"€ 17,30",France,4.25,Hoppy Road,7%,Sour - Other,Bottle 750ml,"€ 57,60 per litre"
Sauvage Assemblage n°8 2021,"€ 18,00",France,4.24,Popihn Sauvages,6%,Wild Ale - Other,Bottle 750ml,"€ 24,00 per litre"
I've Got Friends In The...,"€ 10,60",Netherlands,4.23,Brouwerij Frontaal/ The Bruery,14%,Stout - Imperial / Double,330ml,"€ 32,12 per litre"
Allopatric,"€ 18,60",United States,4.23,Speciation Artisan Ales,10%,Sour - Fruited,Bottle 375ml,"€ 49,60 per litre"
Jamaica Blue Mountain...,"€ 62,80",United States,4.22,AleSmith Brewing Company,12%,Stout - Imperial / Double Coffee,Bottle 750ml,"€ 83,73 per litre"
Tilquin Gueuze cuvée 10 ans,"€ 37,20",Belgium,4.21,Gueuzerie Tilquin,7%,Lambic - Gueuze,Bottle 750ml,"€ 49,60 per litre"
Oude Geuze 2019,"€ 20,50",Belgium,4.21,Geuzestekerij De Cam,6.5%,Lambic - Gueuze,Bottle 750ml,"€ 27,33 per litre"
Dame Nature,"€ 20,80",France,4.21,La Montagnarde Sauvage,6.5%,Wild Ale - Other,Bottle 750ml,"€ 27,33 per litre"
Orage,"€ 15,80",France,4.21,La Montagnarde Sauvage,5.5%,Sour - Other,,
Funky Blender Cherry + Vanille,"€ 44,50",United States,4.21,Casey Brewing & Blending,6.8%,Farmhouse Ale - Saison,Bottle 750ml,"€ 59,33 per litre"
Les Ronces,"€ 33,00",United States,4.20,The Bruery Terreux,6%,Wild Ale - American,Bottle 750ml,"€ 44,00 per litre"
Sauvage Cassis 2022,"€ 18,00",France,4.20,Popihn Sauvages,6.5%,Wild Ale - Other,Bottle 750ml,"€ 24,00 per litre"
Surette Reserva Palisade Peach,"€ 24,10",United States,4.20,Crooked Stave Artisan Beer Project,6.2%,Sour - Other,Bottle 750ml,"€ 32,13 per litre"
Bière Vivante Mûre /...,"€ 15,50",France,4.19,La Brasserie des Voirons / LUG,6.5%,Grape Ale - Other,Bottle 750ml,"€ 20,67 per litre"
Wüühüü,"€ 28,30",Belgium,4.18,DUST Blending,8.8%,Farmhouse Ale - Saison,Bottle 750ml,"€ 37,73 per litre"
Sauvage 2021 Popihn X...,"€ 16,00",France,4.18,Popihn Sauvages,6.5%,Wild Ale - Other,Bottle 750ml,"€ 21,33 per litre"
Sauvage 2021 Popihn X Outland,"€ 16,00",France,4.18,Popihn Sauvages,6.5%,Wild Ale - Other,Bottle 750ml,"€ 21,33 per litre"
Befuddlement,"€ 35,30",United States,4.17,The Bruery Terreux,9.9%,Sour - Other,Bottle 750ml,"€ 47,07 per litre"
Origins,"€ 24,10",United States,4.16,Crooked Stave Artisan Beer Project,6.5%,Sour - Other,Bottle 750ml,"€ 32,13 per litre"
Experimental 3,"€ 41,00",United States,4.16,Black Project Spontaneous & Wild Ales,5.9%,Sour - Other,Bottle 750ml,"€ 54,67 per litre"
Sorcery,"€ 4,00",France,4.16,La Débauche,14%,Stout - Imperial / Double Milk,330ml,"€ 12,12 per litre"
Framboise Vlier,"€ 39,20",Belgium,4.15,Geuzestekerij De Cam,6%,Lambic - Fruit,330ml,"€ 12,12 per litre"
Dire Wolf Canis Mexicanus,"€ 27,00",United States,4.15,Wolf's Ridge Brewing,10.4%,Stout - Russian Imperial,Bottle 650ml,"€ 41,54 per litre"
Data Lore,"€ 41,00",United States,4.15,Black Project Spontaneous & Wild Ales/ Our Mutual Friend Brewing Company,4.4%,Sour - Other,Bottle 750ml,"€ 54,67 per litre"
To My Detriment,"€ 5,40",France,4.15,Prizm Brewing Co.,12%,Stout - Imperial / Double,330ml,"€ 16,36 per litre"
Funky Blender Peach,"€ 43,70",United States,4.14,Casey Brewing & Blending,7%,Wild Ale - American,Bottle 750ml,"€ 58,27 per litre"
Ipnosi,"€ 9,70",France,4.14,Brasserie La Malpolon,6.6%,Farmhouse Ale - Saison,Bottle 750ml,"€ 58,27 per litre"
Aoltbeer 2021-10 - Dornfelder,"€ 20,00",Germany,4.14,Kemker Kultuur (Brauerei J. Kemker),7%,Sour - Fruited,Bottle 750ml,"€ 26,67 per litre"
Wild Cassis,"€ 8,70",France,4.13,Brasserie Iron,6%,Wild Ale - Other,,
Sans Pagaie,"€ 33,20",United States,4.13,The Bruery,5.8%,Wild Ale - American,Bottle 750ml,"€ 44,27 per litre"
Sleepy Hollow,"€ 17,54",United States,4.12,J. Wakefield Brewing,6%,Sour - Fruited Berliner Weisse,Bottle 750ml,"€ 44,27 per litre"
Cuvée Guilloire 2021,"€ 10,90",France,4.12,Brasserie La Malpolon,4.3%,Farmhouse Ale - Grisette,Bottle 750ml,"€ 44,27 per litre"
Amaroo,"€ 9,90",United States,4.12,Aslin Beer Company/ Black Project Spontaneous & Wild Ales,10%,Stout - Imperial / Double,Bottle 750ml,"€ 44,27 per litre"
Jurassique,"€ 14,00",France,4.11,Antoine Marois,5.5%,Cider - Dry,Bottle 750ml,"€ 44,27 per litre"
Chai - Vieille Cerise,"€ 8,50",France,4.10,Brasserie La Malpolon,6.7%,Farmhouse Ale - Saison,Bottle 750ml,"€ 11,33 per litre"
Parasol,"€ 7,30",France,4.10,Ellipse,4.5%,Farmhouse Ale - Other,Bottle 750ml,"€ 9,73 per litre"
Tatanka V2,"€ 5,50",France,4.10,Hoppy Road,10.7%,Stout - Imperial / Double,330ml,"€ 16,67 per litre"
Bière Vivante de Terre,"€ 12,50",France,4.09,La Brasserie des Voirons / LUG,6%,Wild Ale - Other,330ml,"€ 16,67 per litre"
Chante Loup 2020,"€ 13,00",France,4.09,Brasserie La Malpolon,5.5%,Cider - Graff,Bottle 750ml,"€ 17,33 per litre"
Malus Domestica Lambicus,"€ 30,90",Belgium,4.09,Geuzestekerij De Cam,7%,Lambic - Fruit,Bottle 750ml,"€ 17,33 per litre"
Rosière,"€ 14,00",France,4.09,Antoine Marois,7%,Cider - Dry,Bottle 750ml,"€ 18,67 per litre"
Coffee Coal 1,"€ 6,30",France,4.08,Brasserie Iron/ Experimental Brewery,9.4%,Stout - Coffee,330ml,"€ 19,09 per litre"
Imperial Stout BA Cerise...,"€ 5,50",France,4.08,Brasserie Iron,11%,Stout - Imperial / Double,330ml,"€ 19,09 per litre"
Farmhouse St Joseph 2022...,"€ 6,10",France,4.08,Independent House,6.4%,Farmhouse Ale - Saison,330ml,"€ 19,09 per litre"
Imperial Stout Piment...,"€ 6,00",France,4.07,Brasserie Iron,13%,Stout - Imperial / Double,330ml,"€ 18,18 per litre"
Rabarber Lambiek,"€ 32,90",Belgium,4.06,Geuzestekerij De Cam,7.2%,Lambic - Fruit,Bottle 750ml,"€ 43,87 per litre"
The Stoner,"€ 28,30",Belgium,4.06,DUST Blending,6.3%,Farmhouse Ale - Saison,Bottle 750ml,"€ 37,73 per litre"
Shadow on The Wall,"€ 5,40",France,4.06,Prizm Brewing Co.,13%,Stout - Imperial / Double Coffee,330ml,"€ 16,36 per litre"
Habu,"€ 41,00",United States,4.06,Black Project Spontaneous & Wild Ales,7.1%,Wild Ale - American,Bottle 750ml,"€ 54,67 per litre"
Bière Vivante de Têtu 2021,"€ 13,50",France,4.06,La Brasserie des Voirons / LUG,6.5%,Wild Ale - Other,Bottle 750ml,"€ 54,67 per litre"
Odyssey,"€ 20,53",Canada,4.06,Willibald Farm Brewery,11.2%,Stout - Russian Imperial,Bottle 750ml,"€ 54,67 per litre"
Rochefort 10,"€ 4,30",Belgium,4.05,Abbaye Notre-Dame de Saint-Rémy,11.3%,Belgian Quadrupel,330ml,"€ 13,03 per litre"
Monstruous Fat Big Stout -...,"€ 6,70",France,4.05,The Piggy Brewing Company,12%,Stout - Imperial / Double Oatmeal,330ml,"€ 13,03 per litre"
Le Pic 2023,"€ 10,60",France,4.05,Sacrilège,7.2%,Grape Ale - Other,Bottle 750ml,"€ 14,13 per litre"
Trailblazer,"€ 4,70",France,4.05,Hoppy Road,11.1%,Stout - Imperial / Double,Bottle 750ml,"€ 14,13 per litre"
Merci Michel!,"€ 28,30",Belgium,4.05,DUST Blending,8.3%,Farmhouse Ale - Saison,Bottle 750ml,"€ 37,73 per litre"
Xocoatl,"€ 7,30",France,4.05,Independent House,10.5%,Stout - Imperial / Double Pastry,Bottle 750ml,"€ 37,73 per litre"
Cuvée Bourgeon 2023,"€ 11,30",France,4.04,Sacrilège,6.8%,Grape Ale - Other,Bottle 750ml,"€ 37,73 per litre"
Chai - Gourgas Pomace 2021,"€ 11,10",France,4.04,Brasserie La Malpolon,5.4%,Wild Ale - Other,Bottle 750ml,"€ 37,73 per litre"
Sticks & Stones,"€ 10,50",Estonia,4.04,Põhjala,13.5%,Stout - Imperial / Double,330ml,"€ 31,82 per litre"
Genetic Drift 2021,"€ 16,30",United States,4.04,Speciation Artisan Ales,6.5%,Wild Ale - American,Bottle 375ml,"€ 43,47 per litre"
Chai - Quart de Rouge 2021,"€ 8,30",France,4.04,Brasserie La Malpolon,7%,Grape Ale - Other,Bottle 750ml,"€ 11,07 per litre"
Pawpaw Cherry Perpetum,"€ 14,00",United States,4.04,Jackie O's Brewery,6.7%,Sour - Fruited Berliner Weisse,Bottle 750ml,"€ 11,07 per litre"
Vanilla Quest,"€ 6,10",France,4.04,The Piggy Brewing Company,10%,Stout - Imperial / Double Oatmeal,330ml,"€ 18,48 per litre"
Chevrette- Cidre Sous Bois,"€ 16,20",France,4.03,Antoine Marois,7.5%,Cider - Traditional / Apfelwein,330ml,"€ 18,48 per litre"
Oud Bruin Oak Leaf 2019,"€ 5,20",Belgium,4.03,Brouwerij 't Verzet,6%,Sour - Flanders Oud Bruin,330ml,"€ 15,76 per litre"
Oude Lambiek 2019,"€ 20,60",Belgium,4.03,Geuzestekerij De Cam,5%,Lambic - Traditional,Bottle 750ml,"€ 27,47 per litre"
Casa Nera,"€ 6,80",France,4.03,The Piggy Brewing Company,12%,Stout - Imperial / Double,Bottle 750ml,"€ 27,47 per litre"
Cloudmaster,"€ 32,60",United States,4.03,Black Project Spontaneous & Wild Ales,4.1%,Sour - Other,,
Le Morris - Riesling,"€ 28,30",Belgium,4.03,DUST Blending,8.7%,Farmhouse Ale - Saison,Bottle 750ml,"€ 37,73 per litre"
Señor Cybies,"€ 24,10",United States,4.02,Crooked Stave Artisan Beer Project,8.4%,Sour - Fruited,Bottle 750ml,"€ 32,13 per litre"
Imperial Stout 12 Mois BA,"€ 4,90",France,4.02,Brasserie Iron,11%,Stout - Imperial / Double,330ml,"€ 14,85 per litre"
Le Morris - Gamay,"€ 28,30",Belgium,4.01,DUST Blending,8.1%,Farmhouse Ale - Saison,Bottle 750ml,"€ 37,73 per litre"
Rednecks' Revenge,"€ 5,10",France,4.01,Hoppy Road,9.5%,IPA - Triple New England / Hazy,Can 440ml,"€ 11,59 per litre"
Get The Funk Out,"€ 24,10",United States,4.01,Crooked Stave Artisan Beer Project,5.71%,Wild Ale - American,Bottle 750ml,"€ 32,13 per litre"
DIPA DDH HBC 630/Sabro/Mosaic,"€ 5,60",France,4.00,Popihn,8%,IPA - Imperial / Double New England / Hazy,Bottle 750ml,"€ 32,13 per litre"
Femme Fanale,"€ 18,80",Czech Republic,4.00,Wild Creatures,6.5%,Wild Ale - Other,Bottle 750ml,"€ 25,07 per litre"
This Is Hop*less,"€ 3,20",France,4.00,Brasserie Bendorf,5%,Historical Beer - Gruit / Ancient Herbed Ale,Bottle 750ml,"€ 25,07 per litre"
Hors Piste III Jasmin...,"€ 7,50",France,4.00,Ellipse,7.2%,Historical Beer - Gruit / Ancient Herbed Ale,Bottle 750ml,"€ 25,07 per litre"
Hors Piste III Jasmin...,"€ 3,80",France,4.00,Ellipse,7.2%,Historical Beer - Gruit / Ancient Herbed Ale,Bottle 750ml,"€ 25,07 per litre"
Paradoxe,"€ 4,50",France,4.00,Ellipse,5%,Sour - Other,Bottle 750ml,"€ 25,07 per litre"
Promenons-nous dans les bois,"€ 12,40",France,3.99,Hoppy Road,7%,Farmhouse Ale - Other,Bottle 750ml,"€ 25,07 per litre"
Kumpeni,"€ 19,30",Netherlands,3.99,De Kromme Haring/ DØNEKES/ Elixer/ Fermenthings/ + 6 breweries,6%,Historical Beer - Gruit / Ancient Herbed Ale,Bottle 750ml,"€ 25,73 per litre"
Wild Saint-Emillion Foeder...,"€ 5,90",France,3.98,Brasserie Iron,7%,Wild Ale - Other,Bottle 750ml,"€ 25,73 per litre"
Wild Saint-Emillion Foeder...,"€ 13,80",France,3.98,Brasserie Iron,7%,Wild Ale - Other,Bottle 750ml,"€ 25,73 per litre"
Cuvée Eliott,"€ 3,40",France,3.98,Le Père l'amer,11.2%,Barleywine - Other,330ml,"€ 10,30 per litre"
Jakarta Trip,"€ 6,80",France,3.97,La Bièrothèque/ The Piggy Brewing Company,11%,Stout - Imperial / Double Oatmeal,330ml,"€ 10,30 per litre"
Funky blender Grape,"€ 40,20",United States,3.97,Casey Brewing & Blending,7%,Sour - Fruited,Bottle 750ml,"€ 53,60 per litre"
Wild West Kriek Framboos,"€ 5,60",Belgium,3.97,Brouwerij Alvinne,6%,Sour - Fruited,,
Bière Vivante Vermouth 2021,"€ 12,50",France,3.97,La Brasserie des Voirons / LUG,6%,Wild Ale - Other,,
Monstruous Fat Pig Stout -...,"€ 7,00",France,3.97,The Piggy Brewing Company,11%,Stout - Imperial / Double Oatmeal,,
Permon - Bourbon Barrel Stout,"€ 21,90",Czech Republic,3.96,Pivovar Permon,10.5%,Stout - Coffee,,
Cuvée Anna,"€ 6,60",Belgium,3.95,Brouwerij Alvinne,6.5%,Sour - Other,330ml,"€ 20,00 per litre"
Onyx Amburana,"€ 6,60",Belgium,3.95,Brasserie Atrium,11%,Stout - Russian Imperial,330ml,"€ 20,00 per litre"
NPC,"€ 5,10",Spain,3.95,Gross,6%,IPA - New England / Hazy,330ml,"€ 20,00 per litre"
Double Barry,"€ 28,30",Belgium,3.95,DUST Blending,6.2%,Farmhouse Ale - Saison,Bottle 750ml,"€ 37,73 per litre"
Fou du Roi,"€ 6,00",France,3.95,Le Père l'amer,10%,Belgian Tripel,Bottle 750ml,"€ 37,73 per litre"
Pistaccino,"€ 5,70",France,3.95,Brasserie Iron,10%,Stout - Imperial / Double Milk,330ml,"€ 17,27 per litre"
Rhub-Elle,"€ 15,30",Belgium,3.94,Lambiek Fabriek,5%,Lambic - Other,Bottle 750ml,"€ 20,40 per litre"
Black Belle,"€ 15,90",Belgium,3.94,Lambiek Fabriek,7%,Lambic - Fruit,Bottle 750ml,"€ 21,20 per litre"
Tutty Fruity II,"€ 28,30",Belgium,3.94,DUST Blending,6.5%,Farmhouse Ale - Saison,Bottle 750ml,"€ 37,73 per litre"
Freakshow,"€ 5,40",France,3.94,Prizm Brewing Co.,8%,IPA - Imperial / Double New England / Hazy,Can 440ml,"€ 12,27 per litre"
Farmhouse St Perray 2022...,"€ 6,10",France,3.93,Independent House,6.1%,Farmhouse Ale - Saison,Can 440ml,"€ 12,27 per litre"
American Anthem,"€ 35,30",United States,3.93,The Bruery,14.2%,Brown Ale - American,Can 440ml,"€ 12,27 per litre"
Amburana Dream,"€ 22,60",United States,3.92,Denver Beer Co.,9%,Porter - Imperial / Double,Can 440ml,"€ 12,27 per litre"
Cuvée Sofie,"€ 4,90",Belgium,3.92,Brouwerij Alvinne,8%,Sour - Other,Can 440ml,"€ 12,27 per litre"
Voyage Voyage by Ianis,"€ 3,70",France,3.92,Brasserie Iron,6%,Sour - Fruited,Can 440ml,"€ 12,27 per litre"
"Gose Concombre, Aneth, Citron","€ 3,40",France,3.92,Brasserie Iron,6%,Sour - Traditional Gose,Can 440ml,"€ 12,27 per litre"
Metamorphosis,"€ 18,90",Czech Republic,3.91,Wild Creatures,7.7%,Wild Ale - Other,,
Cuvée Freddy,"€ 4,90",Belgium,3.90,Brouwerij Alvinne,8%,Sour - Flanders Oud Bruin,330ml,"€ 14,85 per litre"
Embrasse Blended Whiskey BA,"€ 6,50",Belgium,3.90,Brouwerij De Dochter van de Korenaar,9%,Belgian Strong Dark Ale,330ml,"€ 19,70 per litre"
Nobody says the B word,"€ 17,54",United States,3.90,J. Wakefield Brewing,6%,Sour - Fruited Berliner Weisse,330ml,"€ 19,70 per litre"
Fliärblome,"€ 22,10",Germany,3.89,Kemker Kultuur (Brauerei J. Kemker),5.5%,Sour - Other,330ml,"€ 19,70 per litre"
Calamity,"€ 5,50",France,3.89,Hoppy Road,10.6%,Stout - Imperial / Double,330ml,"€ 16,67 per litre"
Ciderstorm,"€ 28,30",Belgium,3.89,DUST Blending,6.9%,Cider - Other Fruit,Bottle 750ml,"€ 37,73 per litre"
Appel Wien 2020-04,"€ 16,80",Germany,3.88,Kemker Kultuur (Brauerei J. Kemker),6%,Cider - Traditional / Apfelwein,Bottle 750ml,"€ 22,40 per litre"
Muscar-Elle,"€ 8,70",Belgium,3.88,Lambiek Fabriek,8.8%,Lambic - Fruit,Bottle 750ml,"€ 22,40 per litre"
Maitre Corbeau,"€ 5,10",France,3.88,ZooBrew Brasserie Animale,10.6%,Stout - Russian Imperial,Bottle 750ml,"€ 22,40 per litre"
La Roche,"€ 9,90",France,3.88,Antoine Marois,6%,Cider - Traditional / Apfelwein,Bottle 750ml,"€ 22,40 per litre"
Florida Weisse Mangue /...,"€ 5,30",France,3.87,Popihn,5.5%,Sour - Fruited Berliner Weisse,Bottle 750ml,"€ 22,40 per litre"
Hors Piste II - Port Sud,"€ 7,50",France,3.87,Ellipse,6.2%,Historical Beer - Gruit / Ancient Herbed Ale,Bottle 750ml,"€ 10,00 per litre"
Hors Piste II - Port Sud,"€ 3,80",France,3.87,Ellipse,6.2%,Historical Beer - Gruit / Ancient Herbed Ale,330ml,"€ 11,52 per litre"
Brett-Elle,"€ 7,90",Belgium,3.87,Lambiek Fabriek,5.5%,Lambic - Gueuze,330ml,"€ 11,52 per litre"
Brett-Elle Magnum,"€ 32,60",Belgium,3.87,Lambiek Fabriek,5.5%,Lambic - Gueuze,330ml,"€ 11,52 per litre"
Baby Jesus Oloroso BA,"€ 5,30",Belgium,3.87,Brouwerij 't Verzet,10%,Porter - Imperial / Double Coffee,330ml,"€ 16,06 per litre"
On Range et Bois,"€ 14,10",France,3.86,Brasserie La Malpolon/ Cyclic Beer Farm,6%,Sour - Other,Bottle 750ml,"€ 18,80 per litre"
L'internationale,"€ 15,80",France,3.86,La Montagnarde Sauvage,6.5%,Farmhouse Ale - Bière de Garde,Bottle 750ml,"€ 21,07 per litre"
Holy Cake 1 - Limon Pie,"€ 3,80",France,3.86,Experimental Brewery,5.2%,Sour - Smoothie / Pastry,330ml,"€ 11,52 per litre"
Rochefort 8,"€ 3,20",Belgium,3.85,Abbaye Notre-Dame de Saint-Rémy,9.2%,Belgian Strong Dark Ale,,
Phi Rabarber Amarillo,"€ 5,60",Belgium,3.84,Brouwerij Alvinne,8%,Sour - Fruited,,
Passionfruit & Guava Cider,"€ 3,80",France,3.84,Polygon Cider,5%,Cider - Other Fruit,,
Pineapple Cider,"€ 3,80",France,3.84,Polygon Cider,5.5%,Cider - Other Fruit,,
Gose Betterave/Passion CAN...,"€ 3,80",France,3.83,Brasserie Iron,6.1%,Sour - Fruited Gose,,
Djadja,"€ 3,40",France,3.83,Brasserie Iron,6%,IPA - New England / Hazy,,
Sans Pardon,"€ 4,50",Belgium,3.83,Brouwerij De Dochter van de Korenaar,11%,Stout - Russian Imperial,,
Wild Carotte Violette,"€ 5,90",France,3.82,Brasserie Iron,6.9%,Wild Ale - Other,330ml,"€ 17,88 per litre"
Lust 2021-01,"€ 21,30",Germany,3.82,Kemker Kultuur (Brauerei J. Kemker),6%,Cider - Other Fruit,330ml,"€ 17,88 per litre"
Narita,"€ 3,50",France,3.82,Prizm Brewing Co.,6%,Sour - Fruited,330ml,"€ 10,61 per litre"
Berliner Framboos,"€ 4,40",Belgium,3.82,Brouwerij Alvinne/ Laugar Brewery,4%,Sour - Fruited Berliner Weisse,330ml,"€ 13,33 per litre"
Trêve,"€ 3,10",France,3.81,Sacrilège,5.4%,Farmhouse Ale - Saison,330ml,"€ 9,39 per litre"
West Coast IPA Tardif de...,"€ 5,30",France,3.81,Popihn,7.2%,IPA - American,Can 440ml,"€ 12,05 per litre"
Appel Wien 2020-03,"€ 16,80",Germany,3.81,Kemker Kultuur (Brauerei J. Kemker),6%,Cider - Traditional / Apfelwein,Bottle 750ml,"€ 22,40 per litre"
Sour Times,"€ 7,60",France,3.80,Brasserie du Midi,4%,Sour - Fruited Berliner Weisse,Bottle 750ml,"€ 10,13 per litre"
La Vermontoise,"€ 7,00",Belgium,3.80,Brasserie de Blaugies/ Hill Farmstead Brewery,6%,Farmhouse Ale - Saison,Bottle 750ml,"€ 10,13 per litre"
Bali,"€ 3,50",France,3.80,Prizm Brewing Co.,5.7%,IPA - New England / Hazy,330ml,"€ 10,61 per litre"
Ashiitaké 1,"€ 7,50",France,3.80,Experimental Brewery,4.3%,Sour - Other Gose,330ml,"€ 10,61 per litre"
Artic Mosaic,"€ 4,46",France,3.80,Le Père l'amer,4%,IPA - Session,330ml,"€ 10,61 per litre"
Gose Abricot Laurier,"€ 3,30",France,3.79,Brasserie Iron,6%,Sour - Fruited Gose,330ml,"€ 10,00 per litre"
Cafe Racer,"€ 3,30",France,3.79,Independent House,7.2%,Stout - Coffee,,
Zakuzaharra,"€ 5,30",France,3.79,Ixo,10%,Stout - Imperial / Double Pastry,,
Summer Raids,"€ 5,00",France,3.78,Prizm Brewing Co.,5%,Pale Ale - New Zealand,Can 440ml,"€ 11,36 per litre"
Mango Jam,"€ 8,35",France,3.77,The Piggy Brewing Company,6%,Sour - Fruited,Can 440ml,"€ 18,98 per litre"
Pourparlers,"€ 3,20",France,3.77,Sacrilège,6.2%,Farmhouse Ale - Saison,330ml,"€ 9,70 per litre"
Wild Oloroso BA,"€ 4,40",France,3.76,Brasserie Iron,7%,Wild Ale - Other,330ml,"€ 9,70 per litre"
Halte,"€ 3,00",France,3.76,Sacrilège,4.2%,Farmhouse Ale - Grisette,330ml,"€ 9,09 per litre"
Rochefort Triple,"€ 3,20",Belgium,3.76,Abbaye Notre-Dame de Saint-Rémy,8.1%,Belgian Tripel,330ml,"€ 9,70 per litre"
Kwiek,"€ 16,80",Belgium,3.76,Dok Brewing Company/ Nevel Wild Ales,6.1%,Sour - Other Gose,330ml,"€ 9,70 per litre"
Imperial Stout Effet...,"€ 3,40",France,3.76,Effet Papillon,9%,Stout - Imperial / Double,330ml,"€ 9,70 per litre"
God is a Rabbit,"€ 3,80",France,3.76,ZooBrew Brasserie Animale,5.1%,Sour - Fruited Gose,330ml,"€ 9,70 per litre"
"Babylone, Babylone by Solène","€ 3,80",France,3.75,Brasserie Iron,6%,Sour - Other,330ml,"€ 9,70 per litre"
Comma,"€ 6,40",France,3.75,Ellipse,5%,Wheat Beer - American Pale Wheat,Bottle 750ml,"€ 8,53 per litre"
Menehune's treasure,"€ 17,54",United States,3.75,Harland Brewing Company/ J. Wakefield Brewing,6%,Sour - Fruited Berliner Weisse,Bottle 750ml,"€ 8,53 per litre"
Coup de Grisou,"€ 3,20",France,3.75,Hoppy Road,4.6%,Farmhouse Ale - Grisette,Bottle 750ml,"€ 8,53 per litre"
Funky Blender Cherry,"€ 38,80",United States,3.74,Casey Brewing & Blending,6%,Sour - Fruited,Bottle 750ml,"€ 51,73 per litre"
Home Tone,"€ 5,44",France,3.74,Hoppy Road,7%,IPA - Farmhouse,Bottle 750ml,"€ 51,73 per litre"
La Moneuse,"€ 7,00",Belgium,3.74,Brasserie de Blaugies,8%,Farmhouse Ale - Saison,Bottle 750ml,"€ 51,73 per litre"
Kupela Cidre demi-sec,"€ 2,40",France,3.73,Kupela Sagardoa - Cidre basque,4%,Cider - Basque,330ml,"€ 7,27 per litre"
Berliner Weisse Framboise,"€ 5,30",France,3.73,Popihn,4%,Sour - Fruited Berliner Weisse,330ml,"€ 7,27 per litre"
Rave Party,"€ 3,20",France,3.72,Brasserie Iron,5.2%,Sour - Other,,
Saison d'Epeautre,"€ 6,80",Belgium,3.72,Brasserie de Blaugies,6%,Farmhouse Ale - Saison,,
Sorioneku,"€ 2,60",France,3.72,Ixo,7%,Lager - Strong,,
Florida Weisse Passion /...,"€ 5,30",France,3.72,Popihn,4%,Sour - Fruited Berliner Weisse,,
Dumbo,"€ 3,40",France,3.72,Azimut Brasserie,6%,IPA - American,,
Saison Farmhouse,"€ 2,90",France,3.72,Popihn,6.5%,Farmhouse Ale - Saison,,
Rochefort 6,"€ 2,80",Belgium,3.71,Abbaye Notre-Dame de Saint-Rémy,7.5%,Belgian Dubbel,330ml,"€ 8,48 per litre"
Billie,"€ 3,40",France,3.71,Brasserie Iron,5.5%,IPA - New England / Hazy,330ml,"€ 8,48 per litre"
Outer Wild,"€ 4,50",France,3.71,Brasserie Iron,7%,Wild Ale - Other,330ml,"€ 13,64 per litre"
Répit Bio,"€ 4,10",France,3.71,Sacrilège,5.5%,Farmhouse Ale - Saison,330ml,"€ 12,42 per litre"
Lassi Josh,"€ 3,90",France,3.70,Brasserie MX,7.5%,Blonde / Golden Ale - Other,330ml,"€ 12,42 per litre"
Bywater,"€ 3,40",France,3.69,Azimut Brasserie,6%,IPA - White / Wheat,330ml,"€ 12,42 per litre"
Multifruit Cider,"€ 3,80",France,3.69,Polygon Cider,5%,Cider - Other Fruit,330ml,"€ 12,42 per litre"
Embrasse,"€ 3,80",Belgium,3.69,Brouwerij De Dochter van de Korenaar,9%,Belgian Strong Dark Ale,330ml,"€ 11,52 per litre"
Calypso by Agathe,"€ 3,60",France,3.69,Brasserie Iron,6%,Sour - Fruited,330ml,"€ 11,52 per litre"
Icauna,"€ 2,50",France,3.69,Popihn,4.8%,Pale Ale - American,330ml,"€ 7,58 per litre"
Embrasse Peated Whisky BA,"€ 7,50",Belgium,3.68,Brouwerij De Dochter van de Korenaar,9%,Belgian Strong Dark Ale,330ml,"€ 22,73 per litre"
Umeboshi,"€ 6,10",Belgium,3.67,Brasserie Zythologist,6%,Farmhouse Ale - Other,330ml,"€ 22,73 per litre"
Erebus,"€ 4,96",France,3.67,Hoppy Road,6.2%,Porter - Baltic,330ml,"€ 22,73 per litre"
Omega,"€ 3,00",Belgium,3.66,Brouwerij Alvinne,6%,Sour - Other,330ml,"€ 9,09 per litre"
Trafalgar,"€ 3,20",France,3.66,Hoppy Road,6%,Bitter - Best,,
Chai - Repas de Famille,"€ 12,50",France,3.65,Brasserie La Malpolon,6%,Farmhouse Ale - Other,Bottle 750ml,"€ 16,67 per litre"
Black Mamba,"€ 3,90",France,3.65,Brasserie du Midi,6.5%,IPA - Black / Cascadian Dark Ale,Bottle 750ml,"€ 16,67 per litre"
Phi Smoked Pineapple,"€ 5,30",Belgium,3.65,Brouwerij Alvinne,8%,Sour - Fruited,Bottle 750ml,"€ 16,67 per litre"
Farmhouse Sour 2 Lingonberries,"€ 5,30",Belgium,3.65,Brouwerij Alvinne,8%,Sour - Fruited,330ml,"€ 16,06 per litre"
Siesta Key Beach,"€ 3,40",France,3.65,Azimut Brasserie,6%,IPA - White / Wheat,330ml,"€ 16,06 per litre"
Mur Porteur,"€ 3,00",France,3.64,Brasserie La Malpolon,5%,Porter - English,330ml,"€ 16,06 per litre"
Bower Bird,"€ 2,90",France,3.64,ZooBrew Brasserie Animale,5.6%,IPA - American,330ml,"€ 8,79 per litre"
Belle-Fleur,"€ 3,20",Belgium,3.63,Brouwerij De Dochter van de Korenaar,6%,IPA - Belgian,330ml,"€ 9,70 per litre"
King Louie,"€ 3,20",France,3.62,ZooBrew Brasserie Animale,7.5%,IPA - Rye,330ml,"€ 9,70 per litre"
La Moneuse Special Winter,"€ 8,00",Belgium,3.62,Brasserie de Blaugies,8%,Winter Ale,330ml,"€ 9,70 per litre"
Darbyste,"€ 7,00",Belgium,3.62,Brasserie de Blaugies,5.8%,Farmhouse Ale - Saison,330ml,"€ 9,70 per litre"
1984,"€ 3,00",France,3.61,Hoppy Road,6.5%,Farmhouse Ale - Saison,330ml,"€ 9,09 per litre"
Blend,"€ 4,80",France,3.61,Brasserie Iron,5.8%,Other,330ml,"€ 9,09 per litre"
Kupela Hard Cider Brut 33,"€ 2,50",France,3.61,Kupela Sagardoa - Cidre basque,6%,Cider - Basque,330ml,"€ 9,09 per litre"
Way to Beyrouth,"€ 3,60",France,3.59,Brasserie MX,4.5%,Blonde / Golden Ale - Other,330ml,"€ 9,09 per litre"
Deep Side Of Hapiness,"€ 3,10",France,3.58,Azimut Brasserie,5.2%,Pale Ale - New England / Hazy,330ml,"€ 9,09 per litre"
Aventure,"€ 2,90",France,3.58,Effet Papillon,5%,Farmhouse Ale - Saison,330ml,"€ 8,79 per litre"
Triple,"€ 3,40",France,3.58,Pragmatic,8%,Belgian Tripel,330ml,"€ 8,79 per litre"
Nautilus,"€ 2,80",France,3.57,ZooBrew Brasserie Animale,3.5%,Sour - Traditional Gose,330ml,"€ 8,48 per litre"
Saison Antoine,"€ 6,80",France,3.55,Sacrilège,5.4%,Farmhouse Ale - Saison,Bottle 750ml,"€ 9,07 per litre"
Insolente IPA,"€ 6,10",France,3.55,La Berlue,8%,IPA - Imperial / Double,Bottle 750ml,"€ 8,13 per litre"
Insolente IPA,"€ 3,10",France,3.55,La Berlue,8%,IPA - Imperial / Double,330ml,"€ 9,39 per litre"
Berliner Weisse,"€ 3,30",Belgium,3.55,Brasserie de la Mule,3.5%,Sour - Berliner Weisse,330ml,"€ 10,00 per litre"
Witbier,"€ 3,10",France,3.55,Pragmatic,4.5%,Wheat Beer - Witbier / Blanche,330ml,"€ 10,00 per litre"
Rye de Smoke,"€ 2,90",France,3.54,Brasserie La Malpolon,6%,Farmhouse Ale - Kornøl,330ml,"€ 8,79 per litre"
Lug Brune,"€ 6,70",France,3.54,La Brasserie des Voirons / LUG,6%,Brown Ale - Belgian,Bottle 750ml,"€ 8,93 per litre"
Lug Brune,"€ 3,90",France,3.54,La Brasserie des Voirons / LUG,6%,Brown Ale - Belgian,330ml,"€ 11,82 per litre"
Borderline,"€ 3,10",France,3.54,Azimut Brasserie,4.5%,IPA - Session,330ml,"€ 11,82 per litre"
Cindy Bunny,"€ 3,40",France,3.54,La Débauche,8.5%,Belgian Tripel,330ml,"€ 10,30 per litre"
Porter Tonka Excentrique,"€ 3,50",France,3.53,La Berlue,6%,Porter - Other,330ml,"€ 10,61 per litre"
MPA Mediterranean Pale Ale,"€ 2,90",France,3.53,Brasserie La Malpolon,5%,Pale Ale - Other,330ml,"€ 10,61 per litre"
Bien-Sûr Cranberries,"€ 6,00",Belgium,3.52,Brouwerij De Dochter van de Korenaar,7%,Sour - Fruited,330ml,"€ 10,61 per litre"
III Gravity,"€ 2,60",Belgium,3.52,Brasserie de Jandrain-Jandrenouille,7.5%,Belgian Strong Golden Ale,330ml,"€ 10,61 per litre"
American Pale ale,"€ 5,80",France,3.52,Effet Papillon,5.5%,Pale Ale - American,Bottle 750ml,"€ 7,73 per litre"
Taquine Blonde,"€ 2,90",France,3.51,La Berlue,5%,Pale Ale - Other,330ml,"€ 8,79 per litre"
Kupela Aingura  Cidre Bio...,"€ 6,70",France,3.51,Kupela Sagardoa - Cidre basque,5.5%,Cider - Sweet,330ml,"€ 8,79 per litre"
BJCwhat?,"€ 3,70",France,3.50,Le Père l'amer,3.1%,Stout - Other,330ml,"€ 8,79 per litre"
Barbe Rouge,"€ 3,20",France,3.50,Brasserie du Midi,5.5%,Red Ale - Irish,330ml,"€ 9,70 per litre"
L'Expresso,"€ 3,80",France,3.50,Brasserie l'Excuse,6.6%,Stout - Coffee,330ml,"€ 11,52 per litre"
Blanche Lime Basilic,"€ 3,10",France,3.50,Azimut Brasserie,4.5%,Wheat Beer - Witbier / Blanche,330ml,"€ 9,39 per litre"
Premium Pils,"€ 3,00",France,3.49,Azimut Brasserie,5%,Pilsner - Italian,330ml,"€ 9,39 per litre"
Nector,"€ 2,50",France,3.49,Brasserie Iron,5.5%,Pale Ale - American,330ml,"€ 7,58 per litre"
Wheat Ale,"€ 5,80",France,3.48,Effet Papillon,5.1%,Wheat Beer - American Pale Wheat,Bottle 750ml,"€ 7,73 per litre"
Wheat Ale,"€ 2,90",France,3.48,Effet Papillon,5.1%,Wheat Beer - American Pale Wheat,330ml,"€ 8,79 per litre"
Labyrinthe,"€ 6,50",France,3.48,Ellipse,5%,Pale Ale - Other,Bottle 750ml,"€ 8,67 per litre"
Labyrinthe,"€ 3,30",France,3.48,Ellipse,5%,Pale Ale - Other,330ml,"€ 10,00 per litre"
Origin'Ale,"€ 2,80",France,3.47,Le Père l'amer,5%,Pale Ale - American,330ml,"€ 8,48 per litre"
Baby Jesus BA,"€ 23,00",Belgium,3.46,Brouwerij 't Verzet,10%,Porter - Imperial / Double Coffee,Bottle 750ml,"€ 30,67 per litre"
Berliner Ryesse,"€ 2,90",Belgium,3.45,Brouwerij Alvinne/ Laugar Brewery,4.5%,Sour - Berliner Weisse,330ml,"€ 8,79 per litre"
Blanche-Witbier,"€ 2,90",France,3.44,Brasserie Iron,5.5%,Wheat Beer - Witbier / Blanche,330ml,"€ 8,79 per litre"
Stout,"€ 3,40",France,3.44,Pragmatic,5.5%,Stout - Oatmeal,330ml,"€ 8,79 per litre"
Désinvolte Blanche,"€ 2,90",France,3.44,La Berlue,5%,Wheat Beer - Other,330ml,"€ 8,79 per litre"
Désinvolte Blanche,"€ 5,80",France,3.44,La Berlue,5%,Wheat Beer - Other,Bottle 750ml,"€ 7,73 per litre"
Gosemasio,"€ 3,30",France,3.43,Brasserie MX,4%,Sour - Other Gose,Bottle 750ml,"€ 7,73 per litre"
Helles,"€ 3,30",Belgium,3.42,Brasserie de la Mule,4.8%,Lager - Helles,330ml,"€ 10,00 per litre"
Malkogorri Patxaran,"€ 2,50",France,3.42,Ixo,8.8%,Bock - Doppelbock,330ml,"€ 10,00 per litre"
Sanguine,"€ 2,90",France,3.40,Brasserie Iron,5%,Wheat Beer - Witbier / Blanche,330ml,"€ 8,79 per litre"
Zinnebir,"€ 2,80",Belgium,3.40,Brasserie de la Senne,5.8%,Pale Ale - Belgian,330ml,"€ 8,48 per litre"
Holy Cake 2 - Piña Colada,"€ 3,80",France,3.38,Experimental Brewery,5%,Sour - Smoothie / Pastry,330ml,"€ 11,52 per litre"
Pale Ale,"€ 3,10",France,3.36,Pragmatic,5.5%,Pale Ale - Other,,
Lunatique Ambrée,"€ 2,90",France,3.35,La Berlue,6%,Brown Ale - English,330ml,"€ 8,79 per litre"
Bruxellensis,"€ 3,80",Belgium,3.32,Brasserie de la Senne,6.5%,Brett Beer,330ml,"€ 11,52 per litre"
IXO Horia Bio,"€ 2,20",France,3.32,Ixo,4.5%,Blonde / Golden Ale - Other,330ml,"€ 11,52 per litre"
Easy Going,"€ 3,40",France,3.32,Brasserie du Midi,4.5%,Blonde / Golden Ale - Other,330ml,"€ 10,30 per litre"
Swaf,"€ 3,50",France,3.29,La Berlue,4%,Farmhouse Ale - Saison,330ml,"€ 10,30 per litre"
Saison Van de Bruwer,"€ 3,80",Belgium,3.28,Brasserie de la Senne,5.3%,Farmhouse Ale - Brett,330ml,"€ 11,52 per litre"
IXO Gorrasta Bio,"€ 2,40",France,3.28,Ixo,5%,Lager - Amber / Red,330ml,"€ 11,52 per litre"
Lug Rousse,"€ 3,90",France,3.25,La Brasserie des Voirons / LUG,6%,Red Ale - Irish,330ml,"€ 11,82 per litre"
Sauce Magic beau Gosse,"€ 3,30",France,3.21,Brasserie Iron,6%,Spiced / Herbed Beer,330ml,"€ 11,82 per litre"
IXO Xuria Bio,"€ 2,40",France,3.19,Ixo,4.2%,Wheat Beer - Witbier / Blanche,330ml,"€ 11,82 per litre"
Begibeltz,"€ 2,40",France,3.13,Ixo,6.2%,Brown Ale - Belgian,330ml,"€ 11,82 per litre"
Ants Pants,"€ 3,10",Belgium,3.04,Brouwerij 't Verzet,4.8%,Porter - English,330ml,"€ 9,39 per litre"
Golgoth - Arbre à Ail,"€ 3,60",France,2.93,Brasserie Iron,10%,Stout - Imperial / Double Oatmeal,330ml,"€ 9,39 per litre"
Bière Vivante de Chardo 2021,"€ 13,50",France,?,La Brasserie des Voirons / LUG,6.5%,Farmhouse Ale - Saison,330ml,"€ 9,39 per litre"
Hermine Cidre Métisse,"€ 16,20",France,?,Antoine Marois,6.5%,Cider - Traditional / Apfelwein,,
Jart-Elle,"€ 16,10",Belgium,?,Lambiek Fabriek,6.5%,Lambic - Kriek,,
Kupela Bio,"€ 2,60",France,?,Kupela Sagardoa - Cidre basque,6%,Cider - Traditional / Apfelwein,,
Kupela Sagardoa Gorria...,"€ 5,60",France,?,Kupela Sagardoa - Cidre basque,6%,Cider - Traditional / Apfelwein,,
Kupela Sagardoa Moko Beltza...,"€ 4,40",France,?,Kupela Sagardoa - Cidre basque,6%,Cider - Dry,,
Mango Cider,"€ 3,80",France,?,Polygon,6%,Cider - Dry,,
IPA,"€ 3,40",France,?,Pragmatic,6%,Stout - Coffee,,
Wild Town,"€ 9,70",France,?,Experimental Brewery,7%,Farmhouse Ale - Saison,,
"Check 1, 2","€ 3,29",United States,4.21,Mikerphone Brewing,8%,IPA - Imperial / Double,,
Poetic Hustler,"€ 3,29",United States,4.12,Mikerphone Brewing,8%,IPA - Imperial / Double,,
Nimloth,"€ 26,95",Belgium,4.04,Brouwerij Alvinne,6%,Sour - Fruited,Bottle 750ml,"€ 35,93 per litre"
Númenor,"€ 22,91",Belgium,3.89,Brouwerij Alvinne,9%,Belgian Tripel,Bottle 750ml,"€ 30,55 per litre"
A Pile of Stone,"€ 26,95",Belgium,3.76,Brouwerij Alvinne,9%,Farmhouse Ale - Saison,Bottle 750ml,"€ 35,93 per litre"
JW Lees Harvest Ale 2014,"€ 6,00",England,4.18,JW Lees and Co,11.5%,Barleywine - English,Bottle 275ml,"€ 21,82 per litre"
JW Lees Harvest Ale 2017,"€ 6,00",England,4.08,JW Lees and Co,11.5%,Barleywine - English,Bottle 275ml,"€ 21,82 per litre"
JW Lees Harvest Ale 2015,"€ 6,00",England,4.02,JW Lees and Co,11.5%,Barleywine - English,Bottle 275ml,"€ 21,82 per litre"
JW Lees Harvest Ale 2018,"€ 6,00",England,4.01,JW Lees and Co,11.5%,Barleywine - English,Bottle 275ml,"€ 21,82 per litre"
JW Lees Harvest Ale 2019,"€ 6,00",England,3.63,JW Lees and Co,11.5%,Barleywine - English,Bottle 275ml,"€ 21,82 per litre"
Cerberus 2022,"€ 12,00",Scotland,4.00,Otherworld Brewing,10.5%,Stout - Imperial / Double,Can 440ml,"€ 27,27 per litre"
Laurelin 2021,"€ 26,95",Belgium,4.23,Brouwerij Alvinne,8%,Sour - Fruited,Bottle 750ml,"€ 35,93 per litre"
Fool of A Took,"€ 26,95",Belgium,4.08,Brouwerij Alvinne,8%,Sour - Other,Bottle 750ml,"€ 35,93 per litre"
Meesterstuk 2023 BA Sherry,"€ 6,50",Netherlands,4.06,Jopen,10.5%,Stout - Imperial / Double,330ml,"€ 19,70 per litre"
Muifel Vatgerijpt #11 Zuster Agatha Barbancourt Rum BA,"€ 7,95",Netherlands,4.00,Muifelbrouwerij,11%,Belgian Quadrupel,330ml,"€ 24,09 per litre"
Bake My Day Oloroso & Ledaig BA,"€ 5,85",Netherlands,3.78,Jopen,10%,Stout - Pastry,330ml,"€ 17,73 per litre"
Lervig Stoutella By Rackhouse,"€ 19,50",Norway,4.43,LERVIG,13%,Stout - Imperial / Double,330ml,"€ 17,73 per litre"
Lervig Vanilla Dreams,"€ 19,50",Norway,4.31,LERVIG,13.1%,Stout - Imperial / Double,330ml,"€ 17,73 per litre"
Abraham '23 BA Woodford Reserve,"€ 11,49",Netherlands,3.95,Kaapse Brouwers,10%,Stout - Imperial / Double,Bottle 375ml,"€ 30,64 per litre"
AUPA TOVARISCH Russian Imperial Stout,"€ 6,95",Spain,4.07,Laugar Brewery,12%,Stout - Russian Imperial,330ml,"€ 21,06 per litre"
Grand Prestige Barleywine Kruik,"€ 8,50",Netherlands,3.81,Hertog Jan,10%,Barleywine - Other,500ml,"€ 17,00 per litre"
Adler Alt Fränkisches Lagerbier,"€ 2,10",Germany,3.47,Schwarzer Adler Bräu Stettfeld,5.2%,Lager - Vienna,500ml,"€ 4,20 per litre"
Leann Folláin,"€ 3,75",Ireland,3.66,O'Hara's Brewery,6%,Stout - Foreign / Export,Can 440ml,"€ 8,52 per litre"
"Brewing Morticia Bourbon, Oak & Coffee","€ 9,95",United States,4.03,Barrier Brewing Company,10.1%,Stout - Imperial / Double Coffee,473ml,"€ 21,04 per litre"
Prearis Préaris Grand Cru 2023 BA Whiskey,"€ 12,50",Belgium,3.98,Vliegende Paard Brouwers,10%,Belgian Quadrupel,Bottle 375ml,"€ 33,33 per litre"
Prearis Préaris Grand Cru 2023 BA Brandy,"€ 12,50",Belgium,3.94,Vliegende Paard Brouwers,10%,Belgian Quadrupel,Bottle 375ml,"€ 33,33 per litre"
Bang The Elephant The Bodhisattva,"€ 7,50",England,3.82,Bang The Elephant Brewing Co,5.2%,IPA - New England / Hazy,Can 440ml,"€ 17,05 per litre"
Oude Geuze Golden Blend (season 20|21) Blend No. 33 - 75cl,"€ 18,60",Belgium,4.32,Brouwerij 3 Fonteinen,7.2%,Lambic - Gueuze,Bottle 750ml,"€ 24,80 per litre"
Strenge Winter (season 21|22) Blend No. 87 - 75cl,"€ 19,20",Belgium,4.16,Brouwerij 3 Fonteinen,7%,Lambic - Other,Bottle 750ml,"€ 25,60 per litre"
Oude Lambik 2017 (seizoen 22|23) Blend No. 57  - 75cl,"€ 16,20",Belgium,4.12,Brouwerij 3 Fonteinen,7%,Lambic - Traditional,Bottle 750ml,"€ 21,60 per litre"
Aoltbeer 07-2022 Plums,"€ 28,30",Germany,4.11,Kemker Kultuur (Brauerei J. Kemker),6%,Farmhouse Ale - Saison,Bottle 750ml,"€ 37,73 per litre"
Aoltbeer (10-2022) Mirabelle,"€ 28,30",Germany,4.10,Kemker Kultuur (Brauerei J. Kemker),6%,Sour - Other,Bottle 750ml,"€ 37,73 per litre"
Aoltbeer (04-2022),"€ 24,50",Germany,4.10,Kemker Kultuur (Brauerei J. Kemker),6%,Sour - Other,Bottle 750ml,"€ 32,67 per litre"
Rosée Des Crosses,"€ 19,70",Belgium,3.86,L'Ermitage,7%,Grape Ale - Other,Bottle 750ml,"€ 26,27 per litre"
Geuze Dansaert,"€ 20,50",Belgium,3.80,Brussels Beer Project,7%,Lambic - Gueuze,Bottle 750ml,"€ 27,33 per litre"
Christmas,"€ 2,85",Belgium,3.43,Brouwerij Kompel,8.5%,Winter Ale,330ml,"€ 8,64 per litre"
Barrel-Aged Ten Fidy 2023,"€ 7,49",United States,4.35,Oskar Blues Brewery,12.5%,Stout - Imperial / Double,330ml,"€ 8,64 per litre"
La Petite Mort,"€ 50,60",United States,4.35,Superstition Meadery,13%,Mead - Other,Bottle 375ml,"€ 134,93 per litre"
Dead of Night,"€ 50,60",United States,4.29,Superstition Meadery,13.5%,Mead - Melomel,Bottle 375ml,"€ 134,93 per litre"
Vin De Mûre,"€ 27,80",United States,4.27,Superstition Meadery,16.5%,Mead - Melomel,Bottle 375ml,"€ 74,13 per litre"
Pastry Mistress,"€ 27,80",United States,4.16,Superstition Meadery,14%,Mead - Other,Bottle 375ml,"€ 74,13 per litre"
Rumpelplumskin,"€ 27,80",United States,4.14,Superstition Meadery,12%,Mead - Other,Bottle 375ml,"€ 74,13 per litre"
Cognac Barrel-Aged Desert Monsoon,"€ 39,50",United States,4.02,Superstition Meadery,16%,Mead - Melomel,Bottle 375ml,"€ 105,33 per litre"
Hazelnut Prophecy,"€ 27,80",United States,4.01,Superstition Meadery,16%,Mead - Other,Bottle 375ml,"€ 74,13 per litre"
Night Goddess,"€ 39,50",United States,3.99,Superstition Meadery,12%,Mead - Other,Bottle 375ml,"€ 105,33 per litre"
Rotterdams Blond Bier,"€ 3,29",Netherlands,3.46,Trots Rotterdams Bier,5.9%,Blonde / Golden Ale - Other,330ml,"€ 9,97 per litre"
HODR – Coffee Stout,"€ 3,05",Netherlands,3.54,Walhalla Brouwerij & Proeflokaal,6%,Stout - Coffee,330ml,"€ 9,24 per litre"
Broken Dream,"€ 3,80",England,3.82,Siren Craft Brew,6.5%,Stout - Oatmeal,Can 330ml,"€ 11,52 per litre"
Blauw Belgian Strong Ale,"€ 5,40",Belgium,3.90,Bières de Chimay,9%,Belgian Strong Dark Ale,330ml,"€ 16,36 per litre"
Winter,"€ 9,95",Belgium,3.55,Ter Dolen,9.1%,Winter Warmer,Bottle 750ml,"€ 13,27 per litre"
Vuur+Gloed,"€ 8,95",Netherlands,3.38,Brouwerij De 7 Deugden,8.5%,Winter Ale,Bottle 750ml,"€ 11,93 per litre"
Apricotta (Cellar Series),"€ 8,75",Estonia,4.08,Põhjala,12%,Strong Ale - American,330ml,"€ 26,52 per litre"
Strudel Stout (Cellar Series),"€ 7,85",Estonia,4.03,Põhjala,11.5%,Stout - Imperial / Double Pastry,330ml,"€ 23,79 per litre"
Overtone x Emperor's Sidious,"€ 12,00",England,3.97,North Brewing Co./ Overtone Brewing Co,13%,IPA - Imperial / Double Milkshake,Can 440ml,"€ 27,27 per litre"
Mango x Raspberry x Vanilla Smoothie Sour Ale,"€ 6,10",Latvia,4.29,Ārpus Brewing Co.,5%,Sour - Smoothie / Pastry,Can 440ml,"€ 13,86 per litre"
Blackcurrant x Blueberry x Cherry x Vanilla Smoothie Sour Ale,"€ 6,10",Latvia,4.24,Ārpus Brewing Co.,5%,Sour - Smoothie / Pastry,Can 440ml,"€ 13,86 per litre"
"Smoothie Sequence #2: Mango, Raspberry & Blackberry Smoothie Sour","€ 6,10",Netherlands,3.76,Folkingebrew,5%,Sour - Smoothie / Pastry,Can 440ml,"€ 13,86 per litre"
Máz Dobozos,"€ 2,10",Czech Republic,3.12,Svijany,4.8%,Pilsner - Czech / Bohemian,500ml,"€ 4,20 per litre"
Beer : Barrel : Time 2023,"€ 329,99",United States,4.68,Side Project Brewing,15%,Stout - Imperial / Double,Bottle 750ml,"€ 439,99 per litre"
Barrel Project 2023 Peated,"€ 5,95",Netherlands,3.91,Brouwerij Kees,10%,Stout - Imperial / Double,330ml,"€ 18,03 per litre"
St Feuillien Triple,"€ 3,40",Belgium,3.66,Brasserie St-Feuillien,8.5%,Belgian Tripel,330ml,"€ 10,30 per litre"
Carte Blanche,"€ 3,20",Belgium,3.64,Brouwerij Wolf,8.5%,Belgian Strong Golden Ale,330ml,"€ 9,70 per litre"
Bruin,"€ 2,90",Belgium,3.61,Abbaye de Maredsous,8%,Belgian Dubbel,330ml,"€ 8,79 per litre"
Triporteur From Heaven,"€ 3,10",Belgium,3.55,BOMBrewery,6.2%,Belgian Blonde,330ml,"€ 9,39 per litre"
Lull's Wit,"€ 3,85",Netherlands,3.32,De Grieze,6.2%,Wheat Beer - Witbier / Blanche,330ml,"€ 11,67 per litre"
GroGro NO Coast IPA,"€ 6,10",Netherlands,3.53,Dutch Bargain,5.8%,IPA - American,Can 440ml,"€ 13,86 per litre"
Rouge Vermillon,"€ 15,00",France,4.03,Brasserie La Malpolon,6%,Sour - Flanders Red Ale,Bottle 750ml,"€ 20,00 per litre"
Gueuzérable Tilquin (2020-2021),"€ 30,00",Belgium,4.13,Gueuzerie Tilquin,10%,Lambic - Gueuze,Bottle 750ml,"€ 40,00 per litre"
Baltic Porter Day 2022 BA (Cellar Series),"€ 8,95",Estonia,4.10,Põhjala,10.5%,Porter - Imperial / Double Baltic,330ml,"€ 27,12 per litre"
Zuidwester,"€ 3,35",Netherlands,3.48,Dutch Bargain,8.5%,Belgian Tripel,330ml,"€ 10,15 per litre"
Golden Blend Magnum (Season 21|22) Blend No. 70,"€ 81,50",Belgium,4.27,Brouwerij 3 Fonteinen,5.5%,Lambic - Gueuze,Bottle 1500ml,"€ 54,33 per litre"
Platinum Blend Magnum (Season 21|22) Blend No. 69,"€ 92,20",Belgium,4.25,Brouwerij 3 Fonteinen,5.8%,Lambic - Gueuze,Bottle 1500ml,"€ 61,47 per litre"
Oude Gueuze Tilquin à l'Ancienne 2020-2021 Magnum,"€ 60,00",Belgium,4.06,Gueuzerie Tilquin,7%,Lambic - Gueuze,Bottle 1500ml,"€ 40,00 per litre"
Tilquin Meerts Box 21/22,"€ 50,40",Belgium,3.97,Gueuzerie Tilquin,5.6%,Lambic - Fruit,Bottle 375ml,"€ 134,40 per litre"
La Trappe Tripel,"€ 6,90",Netherlands,3.75,Bierbrouwerij De Koningshoeven,8%,Belgian Tripel,Bottle 750ml,"€ 9,20 per litre"
Störtebeker BIO Keller-Bier 1402,"€ 2,19",Germany,3.29,Störtebeker Braumanufaktur,4.8%,Kellerbier / Zwickelbier,500ml,"€ 4,38 per litre"
Muri-Elle,"€ 12,85",Belgium,4.03,Lambiek Fabriek,7%,Lambic - Fruit,Bottle 750ml,"€ 17,13 per litre"
Jart-Elle,"€ 7,95",Belgium,3.89,Lambiek Fabriek,6%,Lambic - Kriek,Bottle 375ml,"€ 21,20 per litre"
Jart-Elle - 75cl,"€ 12,45",Belgium,3.89,Lambiek Fabriek,6%,Lambic - Kriek,Bottle 750ml,"€ 16,60 per litre"
Schaarbeekse Oude Kriek - 2021,"€ 12,65",Belgium,3.87,Brouwerij Eylenbosch,6.5%,Lambic - Kriek,Bottle 375ml,"€ 33,73 per litre"
Brett-Elle,"€ 7,90",Belgium,3.87,Lambiek Fabriek,6.3%,Lambic - Gueuze,Bottle 375ml,"€ 21,07 per litre"
Brett-Elle - 75cl,"€ 13,90",Belgium,3.87,Lambiek Fabriek,6.3%,Lambic - Gueuze,Bottle 750ml,"€ 18,53 per litre"
Oude Geuze - 2021,"€ 7,80",Belgium,3.74,Brouwerij Eylenbosch,5.8%,Lambic - Gueuze,Bottle 375ml,"€ 20,80 per litre"
Oude Kriek - 2022,"€ 9,00",Belgium,3.70,Brouwerij Eylenbosch,6.2%,Lambic - Kriek,Bottle 375ml,"€ 24,00 per litre"
Bockbier – MHD 08.06.2024,"€ 2,45",Germany,3.64,Brauerei Ott,6.8%,Bock - Single / Traditional,500ml,"€ 4,90 per litre"
"Oui, Oui, Mon Chéri","€ 4,97",Netherlands,3.52,Brouwerij Kees,13%,Stout - Imperial / Double,330ml,"€ 15,06 per litre"
Deep In Stout,"€ 8,00",Poland,4.29,Browar Stu Mostów,13.5%,Stout - Imperial / Double,Bottle 330ml,"€ 24,24 per litre"
No Answer,"€ 62,99",United States,4.50,Anchorage Brewing Company,15%,Strong Ale - American,Bottle 375ml,"€ 167,97 per litre"
Red Eye November (2023),"€ 35,99",United States,4.36,Bottle Logic Brewing,15.3%,Stout - Imperial / Double Coffee,,
Abraxas (2023),"€ 29,99",United States,4.31,Perennial Artisan Ales,10.5%,Stout - Imperial / Double,Bottle 750ml,"€ 39,99 per litre"
Grey Monday (2021),"€ 39,99",United States,4.30,The Bruery,19%,Stout - Imperial / Double,Bottle 750ml,"€ 53,32 per litre"
French Toast Brunch (2023),"€ 19,99",United States,4.28,Prairie Artisan Ales,12.6%,Stout - Imperial / Double Pastry,Bottle 750ml,"€ 53,32 per litre"
Yesternight,"€ 23,99",United States,4.24,Belleflower Brewing,12.8%,Stout - Imperial / Double Pastry,Bottle 750ml,"€ 53,32 per litre"
Indulge Me (2023),"€ 19,99",United States,4.23,Prairie Artisan Ales,14.9%,Stout - Imperial / Double Pastry,355ml,"€ 56,31 per litre"
Godrics Reserve,"€ 29,99",United States,4.15,Bottle Logic Brewing,13.1%,Strong Ale - English,500ml,"€ 59,98 per litre"
Fantome Pissenlit,"€ 8,90",Belgium,3.75,Brasserie Fantôme,8%,Farmhouse Ale - Saison,Bottle 750ml,"€ 11,87 per litre"
LeFort Tripel,"€ 7,95",Belgium,3.72,Omer Vander Ghinste,8.8%,Belgian Tripel,Bottle 750ml,"€ 10,60 per litre"
CYCLE BREWING Sunday 2023,"€ 58,80",United States,4.34,Cycle Brewing Company,12.5%,Barleywine - American,Bottle 650ml,"€ 90,46 per litre"
CYCLE BREWING Tuesday 2023,"€ 58,80",United States,4.32,Cycle Brewing Company,12%,Stout - Imperial / Double,Bottle 650ml,"€ 90,46 per litre"
CYCLE BREWING Monday 2023,"€ 58,80",United States,4.28,Cycle Brewing Company,12.5%,Stout - Imperial / Double Pastry,Bottle 650ml,"€ 90,46 per litre"
CYCLE BREWING OMNIPOLLO Friday 2023,"€ 58,80",United States,4.22,Cycle Brewing Company,12.5%,Stout - Imperial / Double Coffee,Bottle 650ml,"€ 90,46 per litre"
CYCLE BREWING Wednesday 2023,"€ 58,80",United States,4.19,Cycle Brewing Company,12%,Stout - Imperial / Double,Bottle 650ml,"€ 90,46 per litre"
CYCLE BREWING Thursday 2023,"€ 58,80",United States,4.19,Cycle Brewing Company,12.5%,Stout - Imperial / Double Coffee,Bottle 650ml,"€ 90,46 per litre"
CYCLE BREWING Rare Dos,"€ 51,20",United States,4.32,Cycle Brewing Company,10%,Stout - Imperial / Double,Bottle 650ml,"€ 78,77 per litre"
Jule Malt - 2022,"€ 4,50",Denmark,3.74,To Øl,13%,Stout - Imperial / Double Milk,Bottle 650ml,"€ 78,77 per litre"
Pohjala Varske,"€ 3,30",Estonia,3.48,Põhjala,5%,Lager - IPL (India Pale Lager),330ml,"€ 10,00 per litre"
Aurora,"€ 379,99",United States,4.67,Toppling Goliath Brewing Co.,14.45%,Stout - Imperial / Double,330ml,"€ 10,00 per litre"
Pecan Pie Nut Crusher – Barrel Aged Imperial Stout,"€ 9,25",Germany,4.05,FrauGruber Brewing,13.8%,Stout - Imperial / Double Pastry,Can 440ml,"€ 21,02 per litre"
Rueuze,"€ 28,90",United States,4.18,The Bruery,6.4%,Lambic - Gueuze,Bottle 750ml,"€ 38,53 per litre"
Weird Weather Non-Alcoholic IPA,"€ 3,99",Denmark,3.31,Mikkeller,0.3%,Non-Alcoholic - IPA,330ml,"€ 12,09 per litre"
Heeren Van Swieten,"€ 3,29",Netherlands,3.42,Brouwerij De 12 Stuyvers,6%,Belgian Blonde,330ml,"€ 9,97 per litre"
Kamin Imperial Porter,"€ 10,60",Estonia,4.15,Põhjala,11%,Porter - Imperial / Double,330ml,"€ 32,12 per litre"
Mango Shake Sour,"€ 6,20",Sweden,3.72,Dugges Bryggeri,6%,Sour - Smoothie / Pastry,3300ml,"€ 1,88 per litre"
Spontanbasil,"€ 18,34",Belgium,3.93,Brouwerij Lindemans/ Mikkeller,6%,Lambic - Other,Bottle 750ml,"€ 24,45 per litre"
Oude Geuze Black Label B9,"€ 11,12",Belgium,3.74,Brouwerij Boon,7%,Lambic - Gueuze,Bottle 750ml,"€ 14,83 per litre"
Selfish Games Sugar Plum Bock,"€ 4,25",Hungary,3.24,HORIZONT Brewing,5.7%,Bock - Single / Traditional,330ml,"€ 12,88 per litre"
Val-dieu Excellence Du Val-dieu 2023,"€ 29,99",Belgium,4.09,Brasserie de l'Abbaye du Val-Dieu,11.5%,Belgian Strong Golden Ale,Bottle 750ml,"€ 39,99 per litre"
Oude Gueuze Barrel Seclection Oude Pijpen 2023,"€ 10,37",Belgium,4.07,Oud Beersel,6.5%,Lambic - Gueuze,Bottle 375ml,"€ 27,65 per litre"
Gouden Carolus Whisky Infused,"€ 3,35",Belgium,4.00,Brouwerij Het Anker,11.7%,Belgian Strong Dark Ale,330ml,"€ 10,15 per litre"
Wintervrund Winterbier,"€ 2,00",Netherlands,3.34,Gulpener Bierbrouwerij,8.5%,Winter Ale,300ml,"€ 6,67 per litre"
Endolith Barleywine,"€ 25,40",United States,4.41,Jackie O's Brewery,13.6%,Barleywine - English,Bottle 375ml,"€ 67,73 per litre"
Vanilla Coffee Bourbon Barrel Dark Apparition 2023 Imperial Stout,"€ 25,40",United States,4.30,Jackie O's Brewery,13.2%,Stout - Russian Imperial,Bottle 375ml,"€ 67,73 per litre"
Yule Malt 2023,"€ 9,54",Denmark,4.03,To Øl,11.5%,Stout - Imperial / Double Milk,330ml,"€ 28,91 per litre"
Bullhouse - Road Trippin,"€ 4,00",Northern Ireland,3.58,Bullhouse Brew Co,4%,Pale Ale - XPA (Extra Pale),Can 440ml,"€ 9,09 per litre"
Lambiek Fabriek: Single & Wild Colon-Elle 2023,"€ 16,95",Belgium,3.90,Lambiek Fabriek,8.5%,Lambic - Gueuze,Bottle 750ml,"€ 22,60 per litre"
Lambiek Fabriek: Jart-Elle Oude Kriek 2022,"€ 5,95",Belgium,3.89,Lambiek Fabriek,6%,Lambic - Kriek,Bottle 375ml,"€ 15,87 per litre"
Lambiek Fabriek: Sporty Geuze Origin-Elle 2023,"€ 10,95",Belgium,3.89,Lambiek Fabriek,6.5%,Lambic - Gueuze,Bottle 750ml,"€ 14,60 per litre"
Tilquin blackberry jam 200gr,"€ 6,16",Belgium,4.00,Gueuzerie Tilquin,4.8%,Lambic - Fruit,,
Schorsch Eisbock Steinoptik,"€ 44,99",Germany,3.35,Schorschbräu,30%,Bock - Eisbock,330ml,"€ 136,33 per litre"
Schorschweizen Eisbock Steinoptik,"€ 44,99",Germany,3.25,Schorschbräu,30%,Freeze-Distilled Beer,330ml,"€ 136,33 per litre"
Schorschweizen Imperial Black Wheat Beer Steinoptik,"€ 16,99",Germany,3.09,Schorschbräu,15%,Bock - Weizenbock,330ml,"€ 51,48 per litre"
FINBACK Biomechanical,"€ 10,70",United States,4.13,Finback Brewery,7.7%,IPA - American,473ml,"€ 22,62 per litre"
BOTTLE LOGIC More Time To Explain 2021,"€ 58,20",United States,4.33,Bottle Logic Brewing,12.5%,Stout - Imperial / Double,500ml,"€ 116,40 per litre"
BOTTLE LOGIC More Time To Explain 2023,"€ 58,20",United States,4.31,Bottle Logic Brewing,13.1%,Stout - Imperial / Double Pastry,500ml,"€ 116,40 per litre"
BOTTLE LOGIC Resonant Frequency 2023,"€ 46,50",United States,4.08,Bottle Logic Brewing,14.7%,Barleywine - English,500ml,"€ 93,00 per litre"
BOTTLE LOGIC Wild Conjecture,"€ 9,50",United States,3.99,Bottle Logic Brewing,7.5%,IPA - New England / Hazy,473ml,"€ 20,08 per litre"
BOTTLE LOGIC Geometry of Curves 2022,"€ 46,50",United States,4.18,Bottle Logic Brewing,12.4%,Strong Ale - Other,500ml,"€ 93,00 per litre"
BOTTLE LOGIC Self Aware,"€ 9,50",United States,3.77,Bottle Logic Brewing,7.2%,IPA - American,473ml,"€ 20,08 per litre"
BOTTLE LOGIC Shock Bracer,"€ 9,50",United States,3.91,Bottle Logic Brewing,8.5%,IPA - Imperial / Double,473ml,"€ 20,08 per litre"
BOTTLE LOGIC Fundamental Observation 2023,"€ 58,20",United States,4.45,Bottle Logic Brewing,13%,Stout - Imperial / Double,500ml,"€ 116,40 per litre"
BOTTLE LOGIC Mind Over Batter 2023,"€ 46,50",United States,4.23,Bottle Logic Brewing,12%,Stout - Imperial / Double Pastry,500ml,"€ 93,00 per litre"
Bio Alkoholfrei Beach Brew,"€ 2,29",Germany,3.44,Finne Brauerei,5.2%,Wheat Beer - Hefeweizen,330ml,"€ 6,94 per litre"
Away From The Keyboard,"€ 8,60",Sweden,4.04,Nerdbrewing,11.5%,Stout - Imperial / Double Pastry,330ml,"€ 26,06 per litre"
Moms Pineapple Pie,"€ 6,00",Sweden,3.63,Fermenterarna,6%,Sour - Fruited,Can 440ml,"€ 13,64 per litre"
Alvinne / Granizo Cuvée Grandine,"€ 24,97",Belgium,3.84,Brouwerij Alvinne,6.5%,Historical Beer - Lichtenhainer,Bottle 750ml,"€ 33,29 per litre"
Peace & Joy 2022 Bordeaux BA,"€ 21,55",Belgium,3.73,Brouwerij Alvinne,10%,Winter Ale,Bottle 750ml,"€ 28,73 per litre"
Spritz This!,"€ 7,30",United States,3.76,The Bruery Terreux,7.2%,Sour - Other,340ml,"€ 21,47 per litre"
Oud Bruin,"€ 31,55",Netherlands,3.96,Tommie Sjef,7.1%,Sour - Flanders Oud Bruin,Bottle 750ml,"€ 42,07 per litre"
Vatgerijpt 009/2023 Quadrupel Teeling,"€ 6,50",Netherlands,3.92,Eggens,11%,Belgian Quadrupel,330ml,"€ 19,70 per litre"
Sailing'23 Rum Barrel Aged Imperial Stout,"€ 6,50",Netherlands,3.92,Berging Brouwerij,10.2%,Stout - Russian Imperial,330ml,"€ 19,70 per litre"
Scoundrel Imperial Stout,"€ 10,10",England,4.24,Emperor's Brewery,13.8%,Stout - Imperial / Double,Can 330ml,"€ 30,61 per litre"
Sloepy Seconds Fruited Sour,"€ 4,25",Estonia,3.52,Anderson's Craft Beer,4.5%,Sour - Fruited,Can 330ml,"€ 12,88 per litre"
Kessel Run Peanut Butter Jelly Imperial Porter,"€ 10,10",England,3.68,Emperor's Brewery,13.1%,Porter - Imperial / Double,Can 330ml,"€ 30,61 per litre"
Insel-Brauerei Quadriga Imperial,"€ 6,99",Germany,3.61,Rügener Insel-Brauerei,10.5%,Bière de Champagne / Bière Brut,330ml,"€ 21,18 per litre"
HODR,"€ 3,60",Netherlands,3.54,Walhalla Brouwerij & Proeflokaal,6%,Stout - Coffee,330ml,"€ 10,91 per litre"
Stokerij De Molenberg - Aurora (2023 - 10th Anniversary Edition),"€ 59,50",Belgium,4.11,Brouwerij-Stokerij Sako,46%,Lambic - Gueuze,500ml,"€ 119,00 per litre"
Toetëlèr Amber Tripel,"€ 2,45",Belgium,3.41,Brouwerij Den Toetëlèr,8.5%,Belgian Tripel,330ml,"€ 7,42 per litre"
Toetëlèr Speculaas,"€ 2,51",Belgium,3.09,Brouwerij Den Toetëlèr,8.5%,Spiced / Herbed Beer,330ml,"€ 7,61 per litre"
Scoundrel,"€ 11,52",England,4.07,Emperor's Brewery,13.8%,Stout - Imperial / Double,330ml,"€ 34,91 per litre"
Kessel Run,"€ 11,62",England,3.68,Emperor's Brewery,13.1%,Porter - Imperial / Double,330ml,"€ 35,21 per litre"
Land Van Mortagne,"€ 4,14",Belgium,3.60,Brouwerij Alvinne,12.8%,Belgian Quadrupel,330ml,"€ 12,55 per litre"
Sailing '23 Tres Hombres Rum Barrel Aged Barley Wine,"€ 5,90",Netherlands,3.43,Berging Brouwerij,12.1%,Belgian Quadrupel,330ml,"€ 17,88 per litre"
Sailing '23 Tres Hombres Rum Barrel Aged Imperial Dry Stout,"€ 5,90",Netherlands,3.43,Berging Brouwerij,10.2%,Belgian Quadrupel,330ml,"€ 17,88 per litre"
No Sleep,"€ 62,99",United States,4.39,Anchorage Brewing Company,15%,Strong Ale - American,330ml,"€ 17,88 per litre"
King of Darkness,"€ 119,95",United States,4.31,Anchorage Brewing Company,16%,Stout - Imperial / Double,Bottle 375ml,"€ 319,87 per litre"
Gift From Demeter Blend 2,"€ 12,50",Denmark,3.69,Baghaven Brewing and Blending,7.6%,Wild Ale - Other,Bottle 750ml,"€ 16,67 per litre"
Barrel Aged Pater Pek,"€ 8,50",Netherlands,4.00,Rock City Brewing,11%,Stout - Russian Imperial,330ml,"€ 25,76 per litre"
Pere Noel 2023,"€ 2,50",Belgium,3.72,Brouwerij De Ranke,7%,Winter Ale,330ml,"€ 7,58 per litre"
Fruli Strawberry,"€ 4,00",Belgium,3.68,Delirium - Huyghe Brewery,4.1%,Fruit Beer,330ml,"€ 12,12 per litre"
Yule Malt 2023,"€ 5,91",Denmark,4.03,To Øl,11.5%,Stout - Imperial / Double Milk,330ml,"€ 17,91 per litre"
French Toast Bänger Imperial Stout,"€ 5,30",Estonia,4.07,Põhjala,12%,Stout - Imperial / Double Pastry,330ml,"€ 16,06 per litre"
Bake My Day – Imperial Chocolate Pastry Stout,"€ 6,50",Netherlands,3.94,Jopen,11%,Stout - Pastry,330ml,"€ 19,70 per litre"
Bake My Day – Smoked Imperial Chocolate Pastry Stout,"€ 6,50",Netherlands,3.78,Jopen,10.8%,Stout - Pastry,330ml,"€ 19,70 per litre"
Bourbon County Brand Sir Isaac's Stout 2022,"€ 59,99",United States,4.36,Goose Island Beer Co.,13.9%,Stout - Imperial / Double,500ml,"€ 119,98 per litre"
To Ol Yule Malt 2023,"€ 11,95",Denmark,4.03,To Øl,11.5%,Stout - Imperial / Double Milk,330ml,"€ 36,21 per litre"
Xocoveza,"€ 4,50",Mexico,4.01,Cervecería Insurgente/ Chris Banker/ Stone Brewing,8.1%,Stout - Imperial / Double Milk,355ml,"€ 12,68 per litre"
Marionberry (Batch 5),"€ 44,99",United States,4.43,Schramm's Mead,12.5%,Mead - Melomel,Bottle 375ml,"€ 119,97 per litre"
Bourbon Barrel Brick Kiln,"€ 23,99",United States,4.19,Jackie O's Brewery,12.4%,Barleywine - English,Bottle 375ml,"€ 63,97 per litre"
Nowhere To Be,"€ 29,99",United States,4.19,Civil Society Brewing,11%,Stout - Imperial / Double Pastry,Bottle 375ml,"€ 63,97 per litre"
Abbaye d'Aulne Ambrée,"€ 7,95",Belgium,3.33,Brasserie de l'Abbaye d'Aulne,6%,Red Ale - American Amber / Red,Bottle 750ml,"€ 10,60 per litre"
Midnight Harvest 2023,"€ 6,39",Spain,4.10,Laugar Brewery,10%,Stout - Imperial / Double,330ml,"€ 19,36 per litre"
Aupa Tovarisch Oloroso BA,"€ 7,25",Spain,3.91,Laugar Brewery,12%,Stout - Russian Imperial,330ml,"€ 21,97 per litre"
LSB 2022,"€ 5,87",Spain,3.89,Laugar Brewery,10%,Barleywine - Other,330ml,"€ 17,79 per litre"
Parabola,"€ 12,00",Scotland,4.14,Overtone Brewing Co,11%,Stout - Imperial / Double Pastry,Can 440ml,"€ 27,27 per litre"
Fireside Brewing Smokin' Hot Blonde (Female),"€ 4,25",Netherlands,3.47,Mister Hop,5.5%,Blonde / Golden Ale - Other,330ml,"€ 12,88 per litre"
Kehrwieder Côtes-d'Armor Barrel Aged Imperial Stout,"€ 9,99",Germany,4.04,Kehrwieder Kreativbrauerei,11%,Stout - Imperial / Double,330ml,"€ 30,27 per litre"
Dubbel,"€ 2,60",Netherlands,3.63,Bierbrouwerij De Koningshoeven,7%,Belgian Dubbel,330ml,"€ 7,88 per litre"
Moen Harvest,"€ 18,95",Belgium,3.82,Brouwerij Alvinne,5.5%,Wild Ale - Other,Bottle 750ml,"€ 25,27 per litre"
Deamon #19 Astaroth – Smoked Imperial Stout Barrel Aged Benrinnes,"€ 5,79",Netherlands,4.01,Walhalla Brouwerij & Proeflokaal,10%,Smoked Beer,330ml,"€ 17,55 per litre"
La Vie En Rose,"€ 27,30",United States,4.21,Jester King Brewery,6.2%,Farmhouse Ale - Saison,Bottle 750ml,"€ 36,40 per litre"
Nocturn Chrysalis,"€ 34,80",United States,4.21,Jester King Brewery,5.9%,Wild Ale - American,500ml,"€ 69,60 per litre"
Vague Recollection,"€ 27,30",United States,4.01,Jester King Brewery,5.3%,Farmhouse Ale - Saison,Bottle 750ml,"€ 36,40 per litre"
Blackberry Grisette,"€ 27,30",United States,3.90,Jester King Brewery,5.7%,Farmhouse Ale - Grisette,Bottle 750ml,"€ 36,40 per litre"
Cuvée Andy,"€ 4,49",Belgium,3.54,Brouwerij Alvinne,6.5%,IPA - Sour,330ml,"€ 13,61 per litre"
Tropical Trip,"€ 9,45",United States,4.39,Smooj,5%,Hard Seltzer,355ml,"€ 26,62 per litre"
Lord Jim (batch 8),"€ 52,95",United States,4.40,Schramm's Mead,14%,Mead - Metheglin,Bottle 375ml,"€ 141,20 per litre"
Struise Black Damnationxvi - Ivan The Terrible,"€ 6,14",Belgium,4.21,De Struise Brouwers,15%,Stout - Russian Imperial,Bottle 375ml,"€ 141,20 per litre"
Sourire De Mortagne Rum Ba 2021,"€ 5,35",Belgium,3.87,Brouwerij Alvinne,12%,Sour - Other,330ml,"€ 16,21 per litre"
Wildwuchs Broid NEIPA BIO,"€ 3,99",Germany,3.56,Wildwuchs Brauwerk Hamburg,6.3%,IPA - New England / Hazy,330ml,"€ 12,09 per litre"
Oud Bruin 2023,"€ 36,00",Netherlands,4.08,Nevel Wild Ales/ Tommie Sjef,7.2%,Wild Ale - Other,Bottle 750ml,"€ 48,00 per litre"
Frambozenlambiek Oogst 2021 21/22 Assemblage n°11,"€ 39,13",Belgium,4.25,Brouwerij 3 Fonteinen,6.4%,Lambic - Framboise,Bottle 750ml,"€ 52,17 per litre"
DUST Terwaar II,"€ 27,35",Belgium,4.17,DUST Blending,6.5%,Lambic - Other,Bottle 750ml,"€ 36,47 per litre"
DUST Terwaar I,"€ 27,35",Belgium,4.08,DUST Blending,6.5%,Farmhouse Ale - Saison,Bottle 750ml,"€ 36,47 per litre"
DUST Vlier + Vlier,"€ 27,35",Belgium,4.05,DUST Blending,6.1%,Farmhouse Ale - Saison,Bottle 750ml,"€ 36,47 per litre"
DUST Terwaar III,"€ 27,35",Belgium,4.01,DUST Blending,6.5%,Lambic - Other,Bottle 750ml,"€ 36,47 per litre"
DUST Queen C,"€ 27,35",Belgium,3.91,DUST Blending,6.5%,Cider - Graff,Bottle 750ml,"€ 36,47 per litre"
DUST Rhublabla,"€ 27,35",Belgium,3.89,DUST Blending,4.2%,Cider - Other Fruit,Bottle 750ml,"€ 36,47 per litre"
DUST Stardust,"€ 27,35",United States,3.68,New Braunfels Brewing Company,6.7%,Farmhouse Ale - Saison,Bottle 750ml,"€ 36,47 per litre"
Spontaan,"€ 24,90",Germany,4.05,Kemker Kultuur (Brauerei J. Kemker),6%,Wild Ale - Other,Bottle 750ml,"€ 33,20 per litre"
DUST Jurange,"€ 27,35",Belgium,3.98,DUST Blending,8.9%,Farmhouse Ale - Saison,Bottle 750ml,"€ 36,47 per litre"
DUST Chardonia,"€ 27,35",Belgium,3.96,DUST Blending,6.7%,Farmhouse Ale - Saison,Bottle 750ml,"€ 36,47 per litre"
DUST Le Pecheur de Vigne,"€ 27,35",Belgium,3.94,DUST Blending,6.4%,Farmhouse Ale - Saison,Bottle 750ml,"€ 36,47 per litre"
DUST Pommay Gamay,"€ 27,35",Belgium,3.87,DUST Blending,8.2%,Cider - Graff,Bottle 750ml,"€ 36,47 per litre"
Blaugies La Moneuse Triple X,"€ 5,85",Belgium,3.78,Brasserie de Blaugies,10%,Farmhouse Ale - Saison,Bottle 375ml,"€ 15,60 per litre"
Gulden Draak Brewmaster Zwaar Blond,"€ 9,95",Belgium,3.83,Brouwerij Van Steenberge,10.5%,Belgian Strong Golden Ale,Bottle 750ml,"€ 13,27 per litre"
Meesterstuk 2024 Imperial Pastry Porter Hazelnut & Milk Chocolate,"€ 11,95",Netherlands,3.70,Jopen,11.11%,Porter - Imperial / Double,Bottle 750ml,"€ 15,93 per litre"
Lauterbacher Natur Weizen,"€ 2,19",Germany,3.63,Brauhaus Riegele,5.3%,Wheat Beer - Hefeweizen,500ml,"€ 4,38 per litre"
Lauterbacher Natur Hell,"€ 2,19",Germany,3.53,Brauhaus Riegele,4.8%,Lager - Helles,500ml,"€ 4,38 per litre"
Wychwood Hobgoblin Stout,"€ 4,49",England,3.36,Marston's Brewery,4.1%,Stout - English,500ml,"€ 8,98 per litre"
Komes Strong Blonde,"€ 2,60",Poland,3.62,Browar Fortuna,7.5%,Belgian Strong Golden Ale,Bottle 500ml,"€ 5,20 per litre"
Oude Kriek Jart-Elle,"€ 13,95",Belgium,3.93,Lambiek Fabriek,6%,Lambic - Kriek,Bottle 750ml,"€ 18,60 per litre"
Coulis Speciale,"€ 20,74",Belgium,3.85,Brouwerij Kestemont,5.5%,Lambic - Fruit,Bottle 750ml,"€ 27,65 per litre"
Verzet Oud Bruin Peach 2021,"€ 4,59",Belgium,3.60,Brouwerij 't Verzet,6%,Sour - Flanders Oud Bruin,330ml,"€ 13,91 per litre"
Verzet Rebel Local,"€ 2,63",Belgium,3.45,Brouwerij 't Verzet,8%,Belgian Tripel,330ml,"€ 7,97 per litre"
Duvel,"€ 3,29",Belgium,3.72,Duvel Moortgat,6.66%,Belgian Strong Golden Ale,330ml,"€ 9,97 per litre"
Framboise,"€ 19,97",Belgium,3.83,Brouwerij Kestemont,5.5%,Lambic - Framboise,Bottle 750ml,"€ 26,63 per litre"
Lambiek Fabriek: Brett-Elle Oude Geuze 2022,"€ 11,49",Belgium,4.06,Lambiek Fabriek,5.5%,Lambic - Gueuze,Bottle 750ml,"€ 15,32 per litre"
Smoking Souls,"€ 32,95",United States,3.99,The Bruery,14.6%,Barleywine - American,Bottle 375ml,"€ 87,87 per litre"
Tonka Stout 2023,"€ 15,50",Czech Republic,4.15,Rodinný Pivovar Zichovec,14.5%,Stout - Imperial / Double Pastry,Bottle 375ml,"€ 41,33 per litre"
Raspberry Stout 2023,"€ 15,50",Czech Republic,4.15,Rodinný Pivovar Zichovec,13%,Stout - Imperial / Double,Bottle 375ml,"€ 41,33 per litre"
Erebus,"€ 9,99",England,4.08,Tartarus Beers,14.5%,Stout - Imperial / Double,330ml,"€ 30,27 per litre"
La Chouffe Blonde,"€ 3,99",Belgium,3.82,Brasserie d'Achouffe,8%,Belgian Strong Golden Ale,330ml,"€ 12,09 per litre"
Houblon Chouffe IPA,"€ 3,99",Belgium,3.67,Brasserie d'Achouffe,9%,IPA - Belgian,330ml,"€ 12,09 per litre"
Mc Chouffe Belgisch Bruin Bier,"€ 3,99",Belgium,3.64,Brasserie d'Achouffe,8%,Belgian Strong Dark Ale,330ml,"€ 12,09 per litre"
Schimpf Hefeweizen Alkoholfrei,"€ 2,39",Germany,3.51,Kronenbrauerei Schimpf,5%,Wheat Beer - Hefeweizen,500ml,"€ 4,78 per litre"
Kerstpater (2021),"€ 3,58",Belgium,3.42,Brouwerij Van Den Bossche,9%,Winter Ale,330ml,"€ 10,85 per litre"
Resist (Limited Edition),"€ 3,90",België,3.42,"Gebrouwen bij BRAUW, Microbrouwers Syntra",10.7%,"Imperial Stout, Stout",330ml,"€ 11,82 per litre"
Beaming Bob,"€ 3,74",Netherlands,3.55,Two Chefs Brewing,6.2%,Gluten-Free,330ml,"€ 11,33 per litre"
Grand Cru,"€ 3,69",Belgium,3.65,Brouwerij Rodenbach,6%,Sour - Flanders Red Ale,330ml,"€ 11,18 per litre"
Fruitage,"€ 2,99",Belgium,3.50,Brouwerij Rodenbach,3.9%,Fruit Beer,Bottle 250ml,"€ 11,96 per litre"
Classic,"€ 2,59",Belgium,3.45,Brouwerij Rodenbach,5.2%,Sour - Flanders Red Ale,Bottle 250ml,"€ 10,36 per litre"
Halderbergs Quadrupel,"€ 3,69",Netherlands,3.53,Brouwerij 't Meuleneind,12.5%,Belgian Quadrupel,Bottle 250ml,"€ 10,36 per litre"
Blond,"€ 3,39",Netherlands,3.23,Vlaardingse Bierbrouwerij,4.7%,Wheat Beer - Witbier / Blanche,330ml,"€ 10,27 per litre"
Riebedebie,"€ 2,95",Belgium,3.22,Brouwerij De Bie,9%,Belgian Strong Golden Ale,330ml,"€ 8,94 per litre"
Who Do You Love DDH DIPA,"€ 7,10",Spain,4.01,Caleya,8.2%,IPA - Imperial / Double New England / Hazy,Can 440ml,"€ 16,14 per litre"
Stargazer DDH DIPA,"€ 3,65",Spain,3.95,Caleya,8.2%,IPA - Imperial / Double New England / Hazy,Can 440ml,"€ 8,30 per litre"
Gold Lines (Red Edition) BA Barley Wine,"€ 9,99",Germany,3.77,Blech.Brut,11.8%,Barleywine - English,330ml,"€ 30,27 per litre"
Experimental ´kust´ Blend,"€ 4,50",Netherlands,3.54,Dutch Bargain,9%,Grape Ale - Other,330ml,"€ 13,64 per litre"
"Coffee Connaisseur, Moi? Winter '23/'24","€ 4,50",Netherlands,3.93,Dutch Bargain,13%,Stout - Imperial / Double Coffee,330ml,"€ 13,64 per litre"
"Rive Bianche -  37,5cl","€ 10,70",Italy,4.00,Siemàn,5.9%,Lambic - Fruit,Bottle 375ml,"€ 28,53 per litre"
"Bucce -  37,5cl","€ 10,60",Italy,3.99,Siemàn,5.9%,Lambic - Fruit,Bottle 375ml,"€ 28,27 per litre"
Val-Dieu Excellence Du Val-Dieu,"€ 29,95",Belgium,4.10,Brasserie de l'Abbaye du Val-Dieu,12%,Belgian Strong Golden Ale,Bottle 750ml,"€ 39,93 per litre"
Reindeer Rum,"€ 8,30",Hungary,3.61,Yeast Side,11.5%,Stout - Imperial / Double,330ml,"€ 25,15 per litre"
Schneider Weisse TAP6 Aventinus,"€ 3,80",Germany,3.81,Schneider Weisse G. Schneider & Sohn,8.2%,Bock - Weizendoppelbock,500ml,"€ 7,60 per litre"
Stille Nacht 2023,"€ 6,25",Belgium,4.05,Brouwerij De Dolle Brouwers,12%,Belgian Strong Golden Ale,330ml,"€ 18,94 per litre"
Cosmic Wonder Bird Pastry Stout with Peanut Butter and Coconut,"€ 8,40",Netherlands,4.09,Moersleutel Craft Brewery,12%,Stout - Imperial / Double Pastry,Can 440ml,"€ 19,09 per litre"
Slippery Slope Imperial Oatmeal Stout,"€ 6,65",Netherlands,3.87,Moersleutel Craft Brewery,12%,Stout - Imperial / Double Oatmeal,Can 440ml,"€ 15,11 per litre"
Lervig Paragon 2022,"€ 17,95",Norway,4.30,LERVIG,14.4%,Barleywine - Other,Bottle 375ml,"€ 47,87 per litre"
Kompaan Seline Sentinelle (Foreign Legion 2023),"€ 5,04",Netherlands,3.74,KOMPAAN Dutch Craft Beer Company,5%,Brown Ale - Imperial / Double,330ml,"€ 15,27 per litre"
Kompaan Giorgy Ironneck (Foreign Legion 2023),"€ 5,04",Netherlands,3.73,KOMPAAN Dutch Craft Beer Company,5%,Porter - Imperial / Double,330ml,"€ 15,27 per litre"
Meesterstuk 2024,"€ 5,95",Netherlands,3.70,Jopen,11.11%,Porter - Imperial / Double,330ml,"€ 18,03 per litre"
Kompaan Serge Sentinelle (Foreign Legion 2023),"€ 5,04",Netherlands,3.65,KOMPAAN Dutch Craft Beer Company,5%,Brown Ale - Imperial / Double,330ml,"€ 15,27 per litre"
Kaapse / Bax Bier Hanz,"€ 3,60",Netherlands,3.64,Kaapse Brouwers,11.5%,Porter - Imperial / Double Baltic,330ml,"€ 10,91 per litre"
De Smokkelaar / Chaosbieren The Cake Is A Lie,"€ 5,40",Netherlands,3.53,Chaosbieren,8.8%,Porter - Other,Can 440ml,"€ 12,27 per litre"
DDH Hopheart New England IPA,"€ 4,65",Latvia,3.80,Ārpus Brewing Co.,6.2%,IPA - New England / Hazy,Can 440ml,"€ 10,57 per litre"
Kasteel Barista Chocolate Quad,"€ 9,50",Belgium,3.77,Kasteel Brouwerij Vanhonsebrouck,11%,Belgian Quadrupel,Bottle 750ml,"€ 12,67 per litre"
Tripel,"€ 3,50",Netherlands,3.62,Gooische Bierbrouwerij,8.5%,Belgian Tripel,330ml,"€ 10,61 per litre"
Gruut Blond,"€ 3,15",Belgium,3.33,Gentse Gruut Stadsbrouwerij,5.5%,Historical Beer - Gruit / Ancient Herbed Ale,330ml,"€ 9,55 per litre"
Ruby Rode Vruchten En Hout,"€ 2,75",Belgium,3.19,Abbaye de Leffe,5%,Fruit Beer,330ml,"€ 8,33 per litre"
Sweet And Sour Tangerine,"€ 9,40",United States,4.07,Untitled Art,7%,IPA - Fruited,473ml,"€ 19,87 per litre"
Sticky Fingers Salted Caramel Bock,"€ 4,10",Netherlands,3.42,KOMPAAN Dutch Craft Beer Company,7%,Bock - Single / Traditional,Can 330ml,"€ 12,42 per litre"
Stadsbrouwerij Suikerohm,"€ 5,75",Netherlands,3.63,100 Watt Brewery/ Oldskool Brewery,12%,Barleywine - English,330ml,"€ 17,42 per litre"
Meesterstuk 2024,"€ 6,50",Netherlands,3.70,Jopen,11.11%,Porter - Imperial / Double,330ml,"€ 17,42 per litre"
Eem Potig,"€ 3,95",Netherlands,3.37,Brouwerij Eembier,7.5%,Stout - Other,330ml,"€ 17,42 per litre"
De la Senne Saison,"€ 4,22",Belgium,3.96,Brasserie de la Senne,6%,Farmhouse Ale - Saison,330ml,"€ 12,79 per litre"
La Mule / Nestor Vin Berliner Wine Grolleau,"€ 4,37",Belgium,3.69,Brasserie de la Mule,5%,Sour - Fruited Berliner Weisse,330ml,"€ 13,24 per litre"
Pale Fire,"€ 4,80",England,3.71,Pressure Drop Brewing,4.8%,Pale Ale - American,Can 440ml,"€ 10,91 per litre"
Lervig Rackhouse: All I Want For Christmas,"€ 24,00",Norway,4.16,LERVIG,15%,Stout - Imperial / Double,Bottle 750ml,"€ 32,00 per litre"
SchuppenBoer Tripel Moscatel Barrel Aged,"€ 3,50",Belgium,3.60,Brouwerij Het Nest,8%,Belgian Tripel,330ml,"€ 10,61 per litre"
Dusk,"€ 3,69",Netherlands,3.48,ROTT. Brouwers,5%,Stout - Milk / Sweet,330ml,"€ 10,61 per litre"
Staffelberg Wienerla,"€ 1,90",Germany,3.48,Staffelberg-Bräu,5.4%,Lager - Vienna,500ml,"€ 3,80 per litre"
Verzet Moose Blues,"€ 2,61",Belgium,3.37,Brouwerij 't Verzet,7.5%,Belgian Strong Dark Ale,330ml,"€ 7,91 per litre"
Van Honsebrouck Filou,"€ 7,95",Belgium,3.53,Kasteel Brouwerij Vanhonsebrouck,8.5%,Belgian Tripel,Bottle 750ml,"€ 10,60 per litre"
Hazy Vibes: Talus & Cashmere  - THT/BBE 09/24,"€ 6,10",Spain,3.95,Cervecera Península,8%,IPA - Imperial / Double New England / Hazy,Can 440ml,"€ 13,86 per litre"
Hazy Vibes: Hallertau Blanc & Ella -  THT/BBE 08/24,"€ 6,10",Spain,3.85,Cervecera Península,6.1%,IPA - New England / Hazy,Can 440ml,"€ 13,86 per litre"
Hazy Vibes: Simcoe & El Dorado  - THT/BBE 09/24,"€ 6,10",Spain,3.83,Cervecera Península,7%,IPA - New England / Hazy,Can 440ml,"€ 13,86 per litre"
90&apos;s Nostalgia   -  THT/BBE 09/24,"€ 6,00",Spain,3.79,Cervecera Península,7.7%,IPA - American,Can 440ml,"€ 13,64 per litre"
Summer Zest -  THT/BBE 08/24,"€ 5,60",Spain,3.70,Cervecera Península,4.8%,Sour - Fruited Gose,Can 440ml,"€ 12,73 per litre"
Moersleutel Nectar Fusion,"€ 6,99",Netherlands,3.85,Moersleutel Craft Brewery,11%,Rye Wine,Can 440ml,"€ 15,89 per litre"
Tripel Kanunnik,"€ 9,50",Belgium,3.67,Brouwerij Wilderen,8.2%,Belgian Tripel,Bottle 750ml,"€ 12,67 per litre"
Elevage Rum (2023),"€ 16,95",France,4.06,Popihn Sauvages,7%,Wild Ale - Other,Bottle 750ml,"€ 22,60 per litre"
Péché Mortel,"€ 7,45",Canada,4.10,Brasserie Dieu du Ciel!,9.5%,Stout - Imperial / Double Coffee,Bottle 341ml,"€ 21,85 per litre"
Hazy Blues,"€ 2,79",United States,3.78,Oskar Blues Brewery,7%,IPA - New England / Hazy,355ml,"€ 7,86 per litre"
Hazy Blues,"€ 10,15",United States,3.78,Oskar Blues Brewery,7%,IPA - New England / Hazy,355ml,"€ 28,59 per litre"
Hazy Blues,"€ 19,59",United States,3.78,Oskar Blues Brewery,7%,IPA - New England / Hazy,355ml,"€ 55,18 per litre"
Hazy Blues,"€ 27,59",United States,3.78,Oskar Blues Brewery,7%,IPA - New England / Hazy,355ml,"€ 77,72 per litre"
Gold Lines – Barrel Aged Barley Wine ( Red Edition ),"€ 9,75",Germany,3.77,Blech.Brut,11.8%,Barleywine - English,330ml,"€ 29,55 per litre"
St. Feuillien Quadruple,"€ 2,60",Belgium,3.75,Brasserie St-Feuillien,11%,Belgian Quadrupel,330ml,"€ 29,55 per litre"
Triple,"€ 7,10",Belgium,3.73,Bières de Chimay,8%,Belgian Tripel,Bottle 750ml,"€ 9,47 per litre"
Kasteel Rouge,"€ 2,80",Belgium,3.58,Kasteel Brouwerij Vanhonsebrouck,8%,Fruit Beer,330ml,"€ 8,48 per litre"
Doree,"€ 2,80",Belgium,3.55,Bières de Chimay,4.8%,Belgian Enkel / Patersbier,330ml,"€ 8,48 per litre"
Apple,"€ 2,00",Belgium,3.49,Brouwerij Lindemans,3.5%,Lambic - Fruit,Bottle 250ml,"€ 8,00 per litre"
Faro,"€ 5,20",Belgium,3.47,Brouwerij Lindemans,4.5%,Lambic - Faro,Bottle 750ml,"€ 6,93 per litre"
Gueuze,"€ 1,90",Belgium,3.41,Brouwerij Lindemans,5%,Lambic - Gueuze,Bottle 250ml,"€ 7,60 per litre"
Sally Skull,"€ 19,99",Denmark,3.81,Amager Bryghus,12.5%,Scotch Ale / Wee Heavy,Bottle 750ml,"€ 26,65 per litre"
Appel - Blauwe Bes Geuze,"€ 39,85",Belgium,3.99,Publitasting,6.3%,Lambic - Gueuze,Bottle 750ml,"€ 53,13 per litre"
Winter Geitje (Limited Edition),"€ 3,39",Belgium,3.45,Huisbrouwerij De Geiteling,9.8%,Belgian Tripel,330ml,"€ 10,27 per litre"
Dracarys,"€ 3,51",Belgium,3.28,Microbrouwerij De Rechter,10%,Belgian Tripel,330ml,"€ 10,64 per litre"
150,"€ 3,80",Belgium,3.75,Bières de Chimay,10%,Belgian Strong Golden Ale,330ml,"€ 11,52 per litre"
Barrel Aged Serie No.40 – Specialty Saison Tequila Barrel Aged,"€ 6,95",Netherlands,3.84,Bronckhorster Brewing Company,11.5%,Farmhouse Ale - Saison,330ml,"€ 21,06 per litre"
Meesterstuk 2024 Imperial Pastry Porter Hazelnut & Milk Chocolate,"€ 5,95",Netherlands,3.70,Jopen,11.11%,Porter - Imperial / Double,330ml,"€ 18,03 per litre"
LabRatchet Espresso Lava Cake,"€ 6,79",Netherlands,4.11,Moersleutel Craft Brewery,15%,Stout - Imperial / Double Pastry,Can 440ml,"€ 15,43 per litre"
Zwarte Snorre - Vat #35 - Pinot Noir,"€ 4,76",Netherlands,4.08,Berghoeve Brouwerij,11%,Stout - Russian Imperial,330ml,"€ 14,42 per litre"
Gruut Amber Ale,"€ 3,20",Belgium,3.33,Gentse Gruut Stadsbrouwerij,6.6%,Historical Beer - Gruit / Ancient Herbed Ale,330ml,"€ 9,70 per litre"
Off the Rack Australian Dark Rum 2022 by Rackhouse,"€ 17,85",Norway,4.35,LERVIG,15%,Stout - Imperial / Double,Bottle 375ml,"€ 47,60 per litre"
Fresh Hop Püls,"€ 2,90",Germany,3.57,ÜberQuell Brauwerkstätten,4.7%,Pilsner - German,330ml,"€ 8,79 per litre"
Blue,"€ 7,50",Belgium,3.90,Bières de Chimay,9%,Belgian Strong Dark Ale,Bottle 750ml,"€ 10,00 per litre"
Blue,"€ 3,40",Belgium,3.90,Bières de Chimay,9%,Belgian Strong Dark Ale,330ml,"€ 10,30 per litre"
Kriek,"€ 4,10",Belgium,3.57,Brouwerij Lindemans,3.5%,Lambic - Kriek,355ml,"€ 11,55 per litre"
Kasteel Xtra,"€ 2,10",Belgium,3.28,Kasteel Brouwerij Vanhonsebrouck,4.5%,Belgian Blonde,330ml,"€ 6,36 per litre"
Kessel Run Peanut Butter Jelly Imperial Porter,"€ 10,20",England,3.68,Emperor's Brewery,13.1%,Porter - Imperial / Double,330ml,"€ 30,91 per litre"
Brugsee Zot Sportzot,"€ 3,60",Belgium,2.76,Brouwerij De Halve Maan,0.4%,Non-Alcoholic - Pale Ale,330ml,"€ 10,91 per litre"
Solar Eclipse (2022),"€ 16,95",United States,4.31,Kuhnhenn Brewing Company,18.5%,Stout - Imperial / Double,355ml,"€ 47,75 per litre"
Strawberry Eisbock 2022,"€ 23,76",United States,4.01,Kuhnhenn Brewing Company,15%,Bock - Eisbock,Bottle 375ml,"€ 63,36 per litre"
Plum Barleywine (Cellar Series),"€ 8,95",Estonia,3.89,Põhjala,12%,Barleywine - American,330ml,"€ 27,12 per litre"
Rubbens IPA,"€ 2,50",Belgium,3.44,Stokerij Brouwerij Rubbens,5.5%,IPA - Belgian,330ml,"€ 7,58 per litre"
Delirium Tremens,"€ 2,75",Belgium,3.85,Delirium - Huyghe Brewery,8.5%,Belgian Strong Golden Ale,330ml,"€ 8,33 per litre"
Zwier Gitaarbrouw  Butterscotch Blond Met Telecaster,"€ 4,90",Netherlands,3.34,Zwiergitaarbrouw,6.5%,Blonde / Golden Ale - Other,330ml,"€ 8,33 per litre"
Grand Prestige,"€ 7,95",Netherlands,3.81,Hertog Jan,10%,Barleywine - Other,Bottle 750ml,"€ 10,60 per litre"
Gouverneur Blond,"€ 1,70",Netherlands,3.45,Lindeboom,6.5%,Belgian Blonde,300ml,"€ 5,67 per litre"
Duvel Irisch Whiskey Barrel Aged #7,"€ 27,00",Belgium,3.84,Duvel Moortgat,11.5%,Belgian Strong Golden Ale,Bottle 750ml,"€ 36,00 per litre"
Oud Beersel: Oude Geuze 2022,"€ 5,50",Belgium,3.94,Brouwerij Boon,6.5%,Lambic - Gueuze,Bottle 375ml,"€ 14,67 per litre"
Dinkelmalz Alkoholfrei BIO,"€ 2,29",Germany,2.99,Riedenburger Brauhaus,6.5%,Malt Beer,330ml,"€ 6,94 per litre"
Wildwuchs Schlankes,"€ 2,99",Germany,3.30,Wildwuchs Brauwerk Hamburg,4.7%,Lager - Pale,330ml,"€ 9,06 per litre"
Mandarine,"€ 13,00",France,3.98,Sacrilège,6.3%,Wild Ale - Other,Bottle 750ml,"€ 17,33 per litre"
Framboise whisky 2022,"€ 15,00",France,4.03,Sacrilège,5.8%,Sour - Fruited,Bottle 750ml,"€ 20,00 per litre"
Pêche Calvados 2022,"€ 14,50",France,4.00,Sacrilège,5.6%,Sour - Fruited,Bottle 750ml,"€ 19,33 per litre"
Cuvée Racine 2022,"€ 13,00",France,3.96,Sacrilège,5.6%,Wild Ale - Other,Bottle 750ml,"€ 17,33 per litre"
Éclipse,"€ 13,00",France,3.78,Sacrilège,5.6%,Wild Ale - Other,Bottle 750ml,"€ 17,33 per litre"
Bon Secours Prestige,"€ 5,95",Belgium,3.66,Brasserie Caulier,9%,Belgian Tripel,Bottle 750ml,"€ 7,93 per litre"
Plein Soleil,"€ 19,60",France,4.30,Nano Brasserie SPO,11%,Brett Beer,Bottle 750ml,"€ 26,13 per litre"
Tilquin Meerts Box 21/22,"€ 78,00",Belgium,3.97,Gueuzerie Tilquin,5.6%,Lambic - Fruit,355ml,"€ 219,72 per litre"
More Time To Explain (2023),"€ 37,40",United States,4.31,Bottle Logic Brewing,13.1%,Stout - Imperial / Double Pastry,500ml,"€ 74,80 per litre"
Hoppug - Paint It Black BA French Brandy,"€ 4,07",Belgium,3.55,Brouwerij Hoppug,11%,Stout - Imperial / Double Milk,330ml,"€ 12,33 per litre"
Hoppug - Paint It Black BA Triple Sec,"€ 4,07",Belgium,3.55,Brouwerij Hoppug,11%,Stout - Imperial / Double Milk,330ml,"€ 12,33 per litre"
Rust #6,"€ 7,75",Netherlands,3.78,Nevel Wild Ales,6%,Wild Ale - Other,Bottle 375ml,"€ 20,67 per litre"
Nobility (2023),"€ 10,90",Poland,4.26,PINTA Barrel Brewing,11%,Stout - Imperial / Double,330ml,"€ 33,03 per litre"
Torch,"€ 10,90",Poland,4.17,PINTA Barrel Brewing,14%,Barleywine - Other,330ml,"€ 33,03 per litre"
Prune 2022,"€ 19,77",Switzerland,3.97,À tue-tête,6.2%,Sour - Fruited,Bottle 750ml,"€ 26,36 per litre"
Zundert 8,"€ 2,70",Netherlands,3.65,Trappistenbrouwerij de Kievit B.V.,8%,Belgian Tripel,330ml,"€ 8,18 per litre"
Dieu du Ciel Aphrodite,"€ 8,50",Canada,3.96,Brasserie Dieu du Ciel!,6.5%,Stout - American,Bottle 341ml,"€ 24,93 per litre"
Dieu du Ciel Péché Mortel Bourbon,"€ 9,95",Canada,4.29,Brasserie Dieu du Ciel!,9.5%,Stout - Imperial / Double Coffee,Bottle 341ml,"€ 29,18 per litre"
Dieu du Ciel Péché Mortel (2023),"€ 7,95",Canada,4.21,Brasserie Dieu du Ciel!,9.5%,Stout - Imperial / Double Coffee,Bottle 341ml,"€ 23,31 per litre"
St. Bernardus Christmas Ale 2023,"€ 3,05",Belgium,3.95,Brouwerij St.Bernardus,10%,Winter Ale,Bottle 341ml,"€ 23,31 per litre"
Be Kind: Peach,"€ 29,99",Czech Republic,4.07,Métaphore,4.2%,Wild Ale - American,Bottle 750ml,"€ 39,99 per litre"
Be Kind 2022,"€ 29,99",Czech Republic,3.99,Métaphore,4%,Wild Ale - Other,Bottle 750ml,"€ 39,99 per litre"
Gemini | Circle the Wagons,"€ 10,80",United States,4.34,Mortalis Brewing Company,7%,Sour - Smoothie / Pastry,Can 473ml,"€ 22,83 per litre"
Diner Pie Series | Blueberry + Peach + Lemon,"€ 12,90",United States,4.23,Mortalis Brewing Company,6%,Fruit Beer,Can 473ml,"€ 27,27 per litre"
Benno,"€ 6,40",Austria,3.47,Stift Engelszell,6.9%,Belgian Dubbel,Bottle 330ml,"€ 19,39 per litre"
Avec Les Bons Voeux,"€ 3,85",Belgium,3.80,Brasserie Dupont,9.5%,Farmhouse Ale - Saison,Bottle 375ml,"€ 10,27 per litre"
Oude Geuze Platinum Blend 21/22 Assemblage N°57,"€ 15,41",Belgium,4.33,Brouwerij 3 Fonteinen,6%,Lambic - Gueuze,Bottle 375ml,"€ 41,09 per litre"
Must Kuld,"€ 4,79",Estonia,3.76,Põhjala,7.8%,Porter - Other,330ml,"€ 14,52 per litre"
La Trappe Tripel,"€ 4,80",Netherlands,3.75,Bierbrouwerij De Koningshoeven,8%,Belgian Tripel,330ml,"€ 14,55 per litre"
La Trappe Dubbel,"€ 4,30",Netherlands,3.63,Bierbrouwerij De Koningshoeven,7%,Belgian Dubbel,Bottle 330ml,"€ 13,03 per litre"
Double Barrel Assassin (Bourbon/Apple Brandy),"€ 1.199,00",United States,4.86,Toppling Goliath Brewing Co.,14.89%,Stout - Imperial / Double,,
Pacific Porpoise,"€ 89,99",United States,4.34,Horus Aged Ales,12.2%,Stout - Imperial / Double,,
Dade Dolphin,"€ 89,99",United States,4.25,Horus Aged Ales,12.2%,Stout - Imperial / Double Pastry,,
Paragon 2022 By Rackhouse,"€ 18,45",Norway,4.30,LERVIG,14.4%,Barleywine - Other,Bottle 375ml,"€ 49,20 per litre"
Underdone,"€ 23,61",England,4.21,Mills Brewing,6.6%,Farmhouse Ale - Other,Bottle 750ml,"€ 31,48 per litre"
High Cut,"€ 23,61",England,4.18,Mills Brewing,6.3%,Wild Ale - Other,Bottle 750ml,"€ 31,48 per litre"
Twig,"€ 23,61",England,4.12,Mills Brewing,5.4%,Wild Ale - Other,Bottle 750ml,"€ 31,48 per litre"
Draw Together,"€ 24,92",England,4.11,Mills Brewing,8.2%,Wild Ale - Other,Bottle 750ml,"€ 33,23 per litre"
Mills / Boxcar Old Dark Mild - Marsala Barrel,"€ 24,92",England,4.07,Mills Brewing,8%,Mild - Other,Bottle 750ml,"€ 33,23 per litre"
Chasselas 2022,"€ 17,99",Switzerland,4.21,À tue-tête,7.6%,Sour - Fruited,Bottle 750ml,"€ 33,23 per litre"
Prune 2022,"€ 19,99",Switzerland,3.97,À tue-tête,6.2%,Sour - Fruited,Bottle 750ml,"€ 26,65 per litre"
Surette 2023,"€ 15,99",Switzerland,4.05,À tue-tête,6.5%,Sour - Other,Bottle 750ml,"€ 26,65 per litre"
Noyau 2023,"€ 16,99",Switzerland,4.01,À tue-tête,7.5%,Sour - Ale,Bottle 750ml,"€ 26,65 per litre"
Betterave,"€ 16,99",Switzerland,3.80,À tue-tête,6%,Sour - Fruited,Bottle 750ml,"€ 22,65 per litre"
De Dochter V/d Korenaar Embrasse,"€ 3,40",Belgium,3.69,Brouwerij De Dochter van de Korenaar,9%,Belgian Strong Dark Ale,330ml,"€ 10,30 per litre"
De Aanhouder,"€ 3,70",Netherlands,3.64,Brewery42,9.3%,Belgian Quadrupel,330ml,"€ 11,21 per litre"
Gulden Draak Brewmaster,"€ 4,30",Belgium,3.83,Brouwerij Van Steenberge,10.5%,Belgian Strong Golden Ale,330ml,"€ 13,03 per litre"
Gulden Draak,"€ 10,50",Belgium,3.77,Brouwerij Van Steenberge,10.5%,Belgian Strong Dark Ale,Bottle 750ml,"€ 14,00 per litre"
Piraat Rum,"€ 14,50",Poland,3.36,Profesja,10.5%,Porter - Baltic,Bottle 750ml,"€ 19,33 per litre"
Anspach & Hobday - A Christmas Pale,"€ 5,40",England,3.50,Anspach & Hobday,4.5%,Pale Ale - Other,Can 440ml,"€ 12,27 per litre"
Meinen HopfenWeisse TAP 5,"€ 3,05",United States,3.78,Brooklyn Brewery/ Schneider Weisse G. Schneider & Sohn,8.2%,Wheat Beer - Hopfenweisse,500ml,"€ 6,10 per litre"
La Guillotine Blond Meergranen Tripel,"€ 2,75",Belgium,3.57,Delirium - Huyghe Brewery,8.5%,Belgian Strong Golden Ale,330ml,"€ 8,33 per litre"
Frost Giant 2023 BA Imperial Stout,"€ 34,99",Germany,4.10,FrauGruber Brewing,14.3%,Stout - Imperial / Double,500ml,"€ 69,98 per litre"
Mager Dunkel,"€ 2,00",Germany,3.34,Brauerei Mager Pottenstein,5.1%,Lager - Munich Dunkel,500ml,"€ 4,00 per litre"
WUK Oaked Batch 6,"€ 17,90",Belgium,3.66,De Brouwmoaten,8.5%,Belgian Strong Golden Ale,Bottle 750ml,"€ 23,87 per litre"
Orbital,"€ 4,20",Poland,3.68,Browarny Craft Beer,6%,Sour - Smoothie / Pastry,Can 500ml,"€ 8,40 per litre"
Foundation 2023,"€ 29,95",Belgium,4.17,Pellicle Vergistingen,8%,Cider - Dry,Bottle 750ml,"€ 39,93 per litre"
St. Bernardus Abt 12,"€ 6,90",Belgium,4.00,Brouwerij St.Bernardus,10%,Belgian Quadrupel,Bottle 330ml,"€ 20,91 per litre"
Loomi,"€ 7,50",France,3.73,Sacrilège,4.6%,Sour - Other,Bottle 750ml,"€ 10,00 per litre"
Maple Whiskey BA B.O.R.I.S.,"€ 14,20",United States,4.28,Hoppin' Frog Brewery,9.4%,Stout - Russian Imperial,473ml,"€ 30,02 per litre"
Barrel Aged D.O.R.I.S. The Destroyer,"€ 15,40",United States,4.24,Hoppin' Frog Brewery,12.7%,Stout - Russian Imperial,473ml,"€ 32,56 per litre"
Barrel Aged B.O.R.I.S,"€ 14,20",United States,4.18,Hoppin' Frog Brewery,9.4%,Stout - Russian Imperial,473ml,"€ 30,02 per litre"
Triple,"€ 3,10",Belgium,3.73,Bières de Chimay,8%,Belgian Tripel,330ml,"€ 9,39 per litre"
Störtebeker BIO Freibier Alkoholfrei,"€ 2,19",Germany,2.76,Störtebeker Braumanufaktur,0.5%,Non-Alcoholic - Lager,500ml,"€ 4,38 per litre"
Lervig Rackhouse All I want for Christmas,"€ 34,95",Norway,4.16,LERVIG,15%,Stout - Imperial / Double,Bottle 750ml,"€ 46,60 per litre"
Eisbock 2016,"€ 7,85",Germany,3.65,Brauhaus Faust - Miltenberg,12%,Bock - Eisbock,330ml,"€ 23,79 per litre"
Sporty Geuze Origin-Elle,"€ 12,39",Belgium,3.89,Lambiek Fabriek,6.5%,Lambic - Gueuze,Bottle 750ml,"€ 16,52 per litre"
Sporty Geuze Origin-Elle,"€ 6,67",Belgium,3.89,Lambiek Fabriek,6.5%,Lambic - Gueuze,Bottle 375ml,"€ 17,79 per litre"
Duvel Brasil Rhum Barrel Aged #8,"€ 25,00",Belgium,3.88,Duvel Moortgat,11%,Belgian Strong Golden Ale,Bottle 750ml,"€ 33,33 per litre"
Rubbens Fruit,"€ 2,40",Belgium,3.05,Stokerij Brouwerij Rubbens,6%,Fruit Beer,330ml,"€ 7,27 per litre"
Perzik Watergeus (3/2022),"€ 13,99",Netherlands,3.86,Vandenbroek,5.8%,Lambic - Fruit,Bottle 750ml,"€ 18,65 per litre"
Quetsch Watergeus (4/2023),"€ 14,49",Netherlands,?,Vandenbroek,5.8%,Lambic - Fruit,Bottle 750ml,"€ 19,32 per litre"
10 Year Barleywine,"€ 599,99",United States,4.79,Side Project Brewing,17%,Barleywine - English,Bottle 750ml,"€ 19,32 per litre"
Rubbens Blond,"€ 2,30",Belgium,3.32,Stokerij Brouwerij Rubbens,6%,Belgian Blonde,330ml,"€ 6,97 per litre"
Rubbens Dubbel,"€ 2,15",Belgium,3.26,Stokerij Brouwerij Rubbens,7%,Belgian Dubbel,330ml,"€ 6,52 per litre"
Corner Piece VINTAGE 2020,"€ 11,59",United States,4.21,Prairie Artisan Ales,11%,Stout - Imperial / Double Pastry,350ml,"€ 33,11 per litre"
Gold (Blend 36),"€ 23,20",Australia,4.02,Wildflower Brewing & Blending,5%,Wild Ale - Other,Bottle 750ml,"€ 30,93 per litre"
Good as Gold (Blend 16),"€ 22,00",Australia,4.01,Wildflower Brewing & Blending,5%,Wild Ale - Other,Bottle 750ml,"€ 29,33 per litre"
Derivation (Blend #17),"€ 189,99",United States,4.72,Side Project Brewing,15%,Stout - Imperial / Double,Bottle 375ml,"€ 506,64 per litre"
Triple Barrel Unrepentant Transgression,"€ 109,99",United States,4.33,Angry Chair Brewing,11%,Stout - Imperial / Double Pastry,Bottle 375ml,"€ 506,64 per litre"
Neverending Haze,"€ 2,79",United States,3.59,Stone Brewing,4%,IPA - Session,355ml,"€ 7,86 per litre"
Öö Cassis – Imperial Porter,"€ 5,95",Estonia,3.84,Põhjala,10.5%,Porter - Imperial / Double Baltic,330ml,"€ 18,03 per litre"
Rackhouse Spicy Dark Choco Molé – Pastry Imperial Stout,"€ 21,95",Norway,4.36,LERVIG,14.5%,Stout - Imperial / Double Pastry,Bottle 375ml,"€ 58,53 per litre"
Paragon 2022 by Rackhouse – Bourbon Barrel Aged Barley Wine,"€ 21,95",Norway,4.30,LERVIG,14.4%,Barleywine - Other,Bottle 375ml,"€ 58,53 per litre"
Möbius,"€ 8,10",United States,4.00,Equilibrium Brewery,7%,Porter - American,473ml,"€ 17,12 per litre"
Deer Horn,"€ 16,10",United States,3.98,Wren House Brewing Company,9.8%,Stout - Other,473ml,"€ 34,04 per litre"
Gather House,"€ 6,30",United States,3.83,The Drowned Lands Brewery,4.8%,Wheat Beer - Witbier / Blanche,473ml,"€ 13,32 per litre"
Wild Dry Cider - Furmint & Hárslevelü Grapes,"€ 14,71",Belgium,3.90,Oud Beersel,7.5%,Cider - Other Fruit,Bottle 750ml,"€ 19,61 per litre"
Intrepid Observation (2023),"€ 42,24",United States,4.38,Bottle Logic Brewing,12.7%,Strong Ale - American,500ml,"€ 84,48 per litre"
Solstice d'Hiver Bourbon,"€ 11,52",Canada,4.13,Brasserie Dieu du Ciel!,10.2%,Barleywine - American,Bottle 341ml,"€ 33,78 per litre"
Wild Ultra (2022),"€ 11,43",Canada,4.13,Brasserie Dieu du Ciel!,6.2%,IPA - Sour,500ml,"€ 22,86 per litre"
Paquette A La Plage,"€ 11,01",Canada,3.81,Brasserie Dieu du Ciel!,6.7%,IPA - American,500ml,"€ 22,02 per litre"
More Mango 2021,"€ 17,50",United States,4.20,The Rare Barrel,7.4%,Sour - Fruited,Bottle 375ml,"€ 46,67 per litre"
Playing For Keeps 2021,"€ 17,50",United States,4.19,The Rare Barrel,7.2%,Sour - Fruited,Bottle 375ml,"€ 46,67 per litre"
Ensorcelled 2022,"€ 17,50",United States,4.17,The Rare Barrel,7.8%,Sour - Other,Bottle 375ml,"€ 46,67 per litre"
"Home, Sour Home 2022","€ 15,50",United States,4.16,The Rare Barrel,7%,Sour - Fruited,Bottle 375ml,"€ 41,33 per litre"
Stone Age Love 2022,"€ 17,50",United States,4.10,The Rare Barrel,7.1%,Sour - Fruited,Bottle 375ml,"€ 46,67 per litre"
Map of the Sun 2022,"€ 17,50",United States,4.09,The Rare Barrel,7.7%,Sour - Fruited,Bottle 375ml,"€ 46,67 per litre"
Illusions of Forever 2022,"€ 17,50",United States,4.06,The Rare Barrel,7%,Sour - Fruited,Bottle 375ml,"€ 46,67 per litre"
Poptropica 2022,"€ 17,50",United States,3.97,The Rare Barrel,7.4%,Sour - Fruited,Bottle 375ml,"€ 46,67 per litre"
Gulden Draak 9000 Quadrupel,"€ 2,00",Belgium,3.82,Brouwerij Van Steenberge,10.5%,Belgian Quadrupel,330ml,"€ 6,06 per litre"
Gulden Draak Classic Strong Ale,"€ 2,05",Belgium,3.77,Brouwerij Van Steenberge,10.5%,Belgian Strong Dark Ale,330ml,"€ 6,21 per litre"
Gulden Draak Imperial Stout,"€ 2,45",Belgium,3.73,Brouwerij Van Steenberge,12%,Stout - Imperial / Double,330ml,"€ 7,42 per litre"
Bokbier 4-Granen Bok,"€ 3,10",Netherlands,3.39,Jopen,6.5%,Bock - Single / Traditional,Can 330ml,"€ 9,39 per litre"
Solar Eclipse (2022),"€ 14,99",United States,4.31,Kuhnhenn Brewing Company,18.5%,Stout - Imperial / Double,Can 330ml,"€ 9,39 per litre"
Bourbon Barrel Aged Toffee 4D,"€ 14,99",United States,4.27,Kuhnhenn Brewing Company,13.5%,Old / Stock Ale,Can 330ml,"€ 9,39 per litre"
BIG Berhta's Cinnamon Buns Barley Wine Ale,"€ 14,99",United States,4.20,Kuhnhenn Brewing Company,12%,Barleywine - American,Can 330ml,"€ 9,39 per litre"
BIG Berhta Barley Wine,"€ 14,99",United States,4.20,Kuhnhenn Brewing Company,12%,Barleywine - American,Can 330ml,"€ 9,39 per litre"
Bourbon Barrel Aged 4D Let Them Eat Cake,"€ 14,99",United States,4.17,Kuhnhenn Brewing Company,13.5%,Old / Stock Ale,Can 330ml,"€ 9,39 per litre"
Samoa Imperial Brown Ale,"€ 14,99",United States,4.10,Kuhnhenn Brewing Company,11.25%,Brown Ale - Imperial / Double,,
Strawberry Eisbock,"€ 39,99",United States,4.02,Kuhnhenn Brewing Company,15.5%,Bock - Eisbock,,
BA Big Berhta's Chocolate Caramel Love,"€ 14,99",United States,4.02,Kuhnhenn Brewing Company,12%,Barleywine - Other,,
Oude Gueuze Tilquin à l&apos;Ancienne - Cuvée Paul  -  75cl incl. statiegeld,"€ 15,00",Belgium,4.21,Gueuzerie Tilquin,30%,Lambic - Gueuze,Bottle 750ml,"€ 20,00 per litre"
Oude Gueuze Tilquin à l&apos;Ancienne - Cuvée Jean-Paul  -  75cl incl. statiegeld,"€ 15,00",Belgium,4.21,Gueuzerie Tilquin,7%,Lambic - Gueuze,Bottle 750ml,"€ 20,00 per litre"
Oude Gueuze Tilquin à l&apos;Ancienne - Cuvée Marie-Catherine  -  75cl incl. statiegeld,"€ 15,00",Belgium,4.17,Gueuzerie Tilquin,7%,Lambic - Gueuze,Bottle 750ml,"€ 20,00 per litre"
Oude Gueuze Tilquin à l&apos;Ancienne  -  75cl incl. statiegeld,"€ 10,40",Belgium,4.00,Gueuzerie Tilquin,7%,Lambic - Gueuze,Bottle 750ml,"€ 13,87 per litre"
Geometry of Curves 2022,"€ 40,50",United States,4.18,Bottle Logic Brewing,12.4%,Strong Ale - Other,500ml,"€ 81,00 per litre"
Sporty Geuze Origin-Elle,"€ 4,52",Belgium,3.89,Lambiek Fabriek,6.5%,Lambic - Gueuze,Bottle 375ml,"€ 12,05 per litre"
Bio Pils,"€ 2,29",Germany,3.32,Finne Brauerei,5.1%,Pilsner - German,330ml,"€ 6,94 per litre"
Bio Scottish Ale,"€ 3,49",Germany,3.19,Finne Brauerei,5.5%,Scottish Ale,330ml,"€ 10,58 per litre"
"Chimay Grande Réserve Fermentée En Barriques - Chêne Français, Chêne Américain, Calvados (05/2023)","€ 25,99",Belgium,4.05,Bières de Chimay,10.5%,Belgian Strong Dark Ale,330ml,"€ 10,58 per litre"
Quadrupel Vatgerijpt 010/2023 – Lambay Whiskey,"€ 6,75",Netherlands,3.97,Eggens,11%,Belgian Quadrupel,330ml,"€ 20,45 per litre"
Quadrupel Vatgerijpt 009/2023 – Teeling Whiskey,"€ 6,75",Netherlands,3.92,Eggens,11%,Belgian Quadrupel,330ml,"€ 20,45 per litre"
Starkol Oak Aged,"€ 39,70",Austria,3.97,Brauerei Hofstetten,10.5%,Bock - Eisbock,Bottle 750ml,"€ 52,93 per litre"
Granitbock WILDBRETT,"€ 44,70",Austria,3.90,Brauerei Hofstetten,7.3%,Sour - Other,Bottle 750ml,"€ 59,60 per litre"
Starkol,"€ 30,60",Austria,3.87,Brauerei Hofstetten,11.4%,Strong Ale - Other,Bottle 750ml,"€ 40,80 per litre"
G'froren's Eisbock,"€ 14,80",Austria,3.79,Brauerei Hofstetten,10.5%,Freeze-Distilled Beer,Bottle 330ml,"€ 44,85 per litre"
Granitbock,"€ 31,40",Austria,3.58,Brauerei Hofstetten,7.3%,Historical Beer - Steinbier,Bottle 750ml,"€ 41,87 per litre"
Mistica,"€ 7,50",Austria,3.47,Brauerei Hofstetten,6.5%,Altbier - Traditional,Bottle 330ml,"€ 22,73 per litre"
Walhalla Astaroth Benrinnes Speyside BA,"€ 6,95",Netherlands,4.01,Walhalla Brouwerij & Proeflokaal,10%,Smoked Beer,330ml,"€ 21,06 per litre"
Black Forest Gateau,"€ 6,53",England,3.94,Vocation Brewery,10%,Stout - Imperial / Double,Can 440ml,"€ 14,84 per litre"
Walhalla Astaroth Croftengea Peated BA,"€ 6,95",Netherlands,3.91,Walhalla Brouwerij & Proeflokaal,10%,Smoked Beer,330ml,"€ 21,06 per litre"
Dark Humor Club Tawny Port Wine BA,"€ 10,95",Estonia,3.64,Sori Brewing,10.2%,Stout - Imperial / Double,330ml,"€ 33,18 per litre"
Öö Cassis Baltic Porter,"€ 6,10",Estonia,3.84,Põhjala,10.5%,Porter - Imperial / Double Baltic,330ml,"€ 18,48 per litre"
Parabol,"€ 11,30",Scotland,4.03,Overtone Brewing Co,11%,Stout - Imperial / Double,Can 440ml,"€ 25,68 per litre"
Milk Stout Nitro,"€ 4,23",United States,3.93,Left Hand Brewing Company,6%,Stout - Milk / Sweet,404ml,"€ 10,47 per litre"
Holy Goat x Northern Monk Firebreather,"€ 9,90",Scotland,3.80,Holy Goat Brewing,6%,Sour - Fruited,Bottle 375ml,"€ 26,40 per litre"
Lervig Rackhouse Paragon 2022,"€ 19,99",Norway,4.30,LERVIG,14.4%,Barleywine - Other,Bottle 375ml,"€ 53,31 per litre"
Hönicka Luisenburg Pils,"€ 2,10",Germany,3.24,Hönicka Bräu,4.9%,Pilsner - German,500ml,"€ 4,20 per litre"
Walhalla Super Loki,"€ 6,61",Netherlands,3.79,Walhalla Brouwerij & Proeflokaal,5%,IPA - Imperial / Double,Can 440ml,"€ 15,02 per litre"
Walhalla Daemon #20 Ragana,"€ 4,70",Netherlands,3.69,Walhalla Brouwerij & Proeflokaal,9%,Porter - Baltic,330ml,"€ 14,24 per litre"
Gloed Barrel Aged Wild Ale Kersen & Zwarte Bessen,"€ 9,15",Netherlands,3.78,Nevel Wild Ales,5.8%,Wild Ale - Other,Bottle 375ml,"€ 24,40 per litre"
Tjiftjaf,"€ 2,28",Netherlands,3.44,Butcher’s Tears,5.2%,Pale Ale - Other,330ml,"€ 6,91 per litre"
Eminence: Celeia 2021  - SHOP ONLY,"€ 32,00",England,4.24,Mills Brewing,10%,Farmhouse Ale - Saison,Bottle 750ml,"€ 42,67 per litre"
Eminence: Motueka 2021 - SHOP ONLY,"€ 32,00",England,4.17,Mills Brewing,10%,Wild Ale - Other,Bottle 750ml,"€ 42,67 per litre"
BLUE STRAGGLER,"€ 6,80",Spain,4.00,Garage Beer Co.,11%,Stout - Imperial / Double,330ml,"€ 20,61 per litre"
MAIN SEQUENCE  -  THT/BBE 04/24,"€ 7,30",Spain,4.00,Garage Beer Co.,10%,IPA - Triple,Can 440ml,"€ 16,59 per litre"
Alma Del Arrumbador 2021 - SHOP ONLY,"€ 32,00",Denmark,3.98,Insight Cellars,10%,Wild Ale - Other,Bottle 750ml,"€ 42,67 per litre"
HORA PEPA -  THT/BBE 08/24,"€ 6,60",Spain,3.85,Garage Beer Co.,7%,Sour - Fruited Berliner Weisse,Can 440ml,"€ 15,00 per litre"
Blueberry Press 2021  - SHOP ONLY,"€ 32,00",United States,3.81,Mill House Brewing Company,10%,Cream Ale,Bottle 750ml,"€ 42,67 per litre"
Paragon 2022 By Rackhouse,"€ 18,55",Norway,4.30,LERVIG,14.4%,Barleywine - Other,Bottle 375ml,"€ 49,47 per litre"
Oude Lambiek,"€ 5,79",Belgium,3.59,Brouwerij Eylenbosch,5.8%,Lambic - Traditional,Bottle 375ml,"€ 15,44 per litre"
Leen,"€ 3,39",Netherlands,3.64,Kaapse Brouwers,11%,Barleywine - Other,330ml,"€ 10,27 per litre"
Blue Straggler,"€ 5,95",Spain,4.00,Garage Beer Co.,11%,Stout - Imperial / Double,330ml,"€ 18,03 per litre"
Cantaloupe Express (Alvinne collab),"€ 12,50",Belgium,3.59,Brouwerij Alvinne/ MadX,6.9%,Farmhouse Ale - Other,Bottle 750ml,"€ 16,67 per litre"
Intens Rood 20|21 Blend 78,"€ 18,99",Belgium,4.20,Brouwerij 3 Fonteinen,6%,Lambic - Kriek,Bottle 375ml,"€ 50,64 per litre"
Christmas Ale,"€ 8,50",Belgium,3.80,Brouwerij Corsendonk,8.1%,Winter Ale,Bottle 750ml,"€ 11,33 per litre"
Klophop Fresh Hop,"€ 2,25",Netherlands,3.34,vandeStreek bier,5%,Lager - Pale,330ml,"€ 6,82 per litre"
Daemon #20 Ragana – Baltic Porter With Cherries,"€ 3,99",Netherlands,3.69,Walhalla Brouwerij & Proeflokaal,9%,Porter - Baltic,330ml,"€ 12,09 per litre"
Arcane Rituals 2022,"€ 41,50",United States,4.33,Bottle Logic Brewing,12%,Barleywine - English,500ml,"€ 83,00 per litre"
Robusta By Rackhouse Bourbon Barrel Aged Imperial Breakfast Stout,"€ 18,95",Norway,4.36,LERVIG,14%,Stout - Imperial / Double Coffee,Bottle 375ml,"€ 50,53 per litre"
Pinetta Vespaiolo Ale,"€ 9,25",Netherlands,3.70,Oedipus Brewing,3.9%,IPA - Session,Bottle 375ml,"€ 24,67 per litre"
Pamela Vintage 2021 Gose,"€ 8,25",Netherlands,3.61,Oedipus Brewing,6.5%,Sour - Other,Bottle 375ml,"€ 22,00 per litre"
PerfectDraft,"€ 47,30",Belgium,3.27,Stella Artois,5.2%,Pilsner - Other,6000ml,"€ 7,88 per litre"
PerfectDraft    (Keg PerfectDraft 6L),"€ 50,00",Belgium,3.12,Brouwerij Hoegaarden,4.8%,Wheat Beer - Fruited,6000ml,"€ 8,33 per litre"
Gampert Kättlbier,"€ 2,00",United States,3.53,Storm Peak Brewing Company,4.9%,Pilsner - Other,500ml,"€ 4,00 per litre"
St Feuillien Cuvee de Noel,"€ 8,80",Belgium,3.48,Brasserie St-Feuillien,9%,Winter Ale,Bottle 750ml,"€ 11,73 per litre"
La Bière des Voisins Moscato,"€ 24,95",Switzerland,4.14,Chien Bleu,6%,Farmhouse Ale - Saison,Bottle 750ml,"€ 33,27 per litre"
Gamay Fully 2021,"€ 24,95",Switzerland,4.06,Chien Bleu,8.3%,Sour - Fruited,Bottle 750ml,"€ 33,27 per litre"
La Bière des Voisins Mondeuse,"€ 24,95",Switzerland,4.00,Chien Bleu,6.5%,Farmhouse Ale - Saison,Bottle 750ml,"€ 33,27 per litre"
Grande Reserve,"€ 6,95",Belgium,3.90,Bières de Chimay,9%,Belgian Strong Dark Ale,Bottle 750ml,"€ 9,27 per litre"
Het Boerenerf Cannonau,"€ 20,29",Belgium,3.97,Het Boerenerf Eylenbosch,7%,Cider - Other Fruit,Bottle 750ml,"€ 27,05 per litre"
Paranormal / Seven Island Sympsosium,"€ 3,20",Sweden,3.53,Paranormal Brewing Co/ Seven Island Brewery,8%,Stout - Imperial / Double,Can 330ml,"€ 9,70 per litre"
De Moersleutel / Vault City Cosmic Wonder Bird,"€ 7,20",Netherlands,4.09,Moersleutel Craft Brewery,12%,Stout - Imperial / Double Pastry,Can 440ml,"€ 16,36 per litre"
IPA,"€ 3,99",Netherlands,3.35,BrewDistrict24,5.5%,Blonde / Golden Ale - Other,330ml,"€ 12,09 per litre"
Cornet Oaked Alcohol-Free,"€ 2,45",Belgium,2.77,Brouwerij De Hoorn,0.3%,Non-Alcoholic - Other,330ml,"€ 7,42 per litre"
24690 Zuster Agatha,"€ 2,50",Netherlands,3.64,Muifelbrouwerij,10%,Belgian Quadrupel,330ml,"€ 7,58 per litre"
Hopeless Romantic Double New England IPA,"€ 10,10",United States,4.19,Long Live Beerworks,8%,IPA - Imperial / Double,Can 473ml,"€ 21,35 per litre"
Chip & Ale Milkshake IPA Borefts 2023,"€ 3,45",Netherlands,3.55,Brouwerij de Molen,7%,IPA - Milkshake,330ml,"€ 10,45 per litre"
The All Seeing Eye Double New England IPA,"€ 3,65",United States,4.26,Long Live Beerworks,8.4%,IPA - Imperial / Double New England / Hazy,Can 473ml,"€ 7,72 per litre"
Twig,"€ 20,45",England,4.12,Mills Brewing,5.4%,Wild Ale - Other,Bottle 750ml,"€ 27,27 per litre"
Glühkriek,"€ 16,20",Belgium,3.45,Brouwerij Liefmans,6.5%,Fruit Beer,Bottle 750ml,"€ 21,60 per litre"
Seawise,"€ 3,25",Netherlands,3.14,Dutch Bargain,4.3%,Wheat Beer - Fruited,330ml,"€ 9,85 per litre"
DOK Dubbel Inzet,"€ 3,07",Belgium,3.32,Dok Brewing Company,5.5%,Historical Beer - Other,330ml,"€ 9,30 per litre"
Shades of Red: Ruby,"€ 16,70",Belgium,3.55,Galea Craft Beers,9.3%,Sour - Fruited,Bottle 750ml,"€ 22,27 per litre"
La Trappe Tripel,"€ 2,89",Netherlands,3.75,Bierbrouwerij De Koningshoeven,8%,Belgian Tripel,330ml,"€ 8,76 per litre"
Frost Giant 2023 – Bourbon Barrel Aged Imperial Stout,"€ 24,95",Germany,4.10,FrauGruber Brewing,14.3%,Stout - Imperial / Double,500ml,"€ 49,90 per litre"
Juice Swinger – Imperial Gose,"€ 6,95",Germany,3.72,FrauGruber Brewing,6.8%,Sour - Fruited,Can 440ml,"€ 15,80 per litre"
Maple Barrel Stout (2022),"€ 34,95",United States,4.24,Central Waters Brewing Company,10.5%,Stout - Imperial / Double,Bottle 650ml,"€ 53,77 per litre"
Brew 7000,"€ 36,99",United States,4.44,Fremont Brewing,13.9%,Barleywine - English,Bottle 650ml,"€ 53,77 per litre"
The Rusty Nail,"€ 36,99",United States,4.43,Fremont Brewing,13.6%,Stout - Imperial / Double Oatmeal,Bottle 650ml,"€ 56,91 per litre"
Sucaba 2022,"€ 16,49",United States,4.32,Firestone Walker Brewing Company,13.5%,Barleywine - English,Bottle 650ml,"€ 56,91 per litre"
Brandy Barrel Barley Wine,"€ 16,49",United States,4.31,Firestone Walker Brewing Company,13.8%,Barleywine - American,Bottle 650ml,"€ 56,91 per litre"
Collective Choice,"€ 16,49",United States,4.30,Firestone Walker Brewing Company,12.4%,Barleywine - Other,Bottle 650ml,"€ 56,91 per litre"
Run PNC,"€ 16,49",United States,4.28,Firestone Walker Brewing Company,14%,Stout - Imperial / Double,Bottle 650ml,"€ 56,91 per litre"
Boilermaker,"€ 16,49",United States,4.19,Firestone Walker Brewing Company,12%,Stout - Imperial / Double Milk,Bottle 650ml,"€ 56,91 per litre"
Cherry Parabola,"€ 16,49",United States,4.17,Firestone Walker Brewing Company,13.9%,Stout - Imperial / Double,Bottle 650ml,"€ 56,91 per litre"
Whiskey Barrel Wheat Wine,"€ 16,49",United States,4.17,Firestone Walker Brewing Company,11.7%,Wheat Beer - Wheat Wine,Bottle 650ml,"€ 56,91 per litre"
Old Man Hattan,"€ 16,49",United States,4.15,Firestone Walker Brewing Company,10%,Strong Ale - American,335ml,"€ 49,22 per litre"
Mo'Bretta Rose,"€ 18,49",United States,4.12,Firestone Walker Brewing Company,5.3%,Sour - Fruited Berliner Weisse,335ml,"€ 49,22 per litre"
Rye Chai Cha,"€ 16,49",United States,4.09,Firestone Walker Brewing Company,10%,Stout - Milk / Sweet,335ml,"€ 49,22 per litre"
Terroir Cinq,"€ 18,49",United States,4.06,Firestone Walker Brewing Company,9.1%,Wild Ale - American,335ml,"€ 49,22 per litre"
Ferus Spontaneous,"€ 18,49",United States,4.03,Firestone Walker Brewing Company,5.6%,Lambic - Gueuze,335ml,"€ 49,22 per litre"
Tequila Barrel Sunrise,"€ 16,49",United States,4.01,Firestone Walker Brewing Company,11%,Barleywine - American,355ml,"€ 46,45 per litre"
Ferus Fruitaneous,"€ 18,49",United States,3.99,Firestone Walker Brewing Company,5.5%,Lambic - Fruit,355ml,"€ 46,45 per litre"
Apricot Krisp / The Bruery,"€ 18,49",United States,3.97,Firestone Walker Brewing Company,7%,Wild Ale - Other,355ml,"€ 46,45 per litre"
Dad Bod Quad,"€ 16,49",United States,3.91,Firestone Walker Brewing Company,10.7%,Belgian Quadrupel,355ml,"€ 46,45 per litre"
Waukesha Press,"€ 16,49",United States,3.85,Firestone Walker Brewing Company,10.2%,Strong Ale - Other,,
Caramel Fudge Stout Grape Brandy Barrel Aged 2023 Pastry Stout,"€ 5,40",Netherlands,4.01,Brouwerij Kees,11%,Stout - Imperial / Double Pastry,Can 330ml,"€ 16,36 per litre"
Woest Imperial Stout,"€ 3,85",Netherlands,3.76,Dutch Bargain,10%,Stout - Imperial / Double,Can 330ml,"€ 11,67 per litre"
Kriek Mariage Parfait 2021,"€ 7,37",Belgium,3.81,Brouwerij Boon,8%,Lambic - Kriek,Bottle 375ml,"€ 19,65 per litre"
Igor Appleton Rum BA 2023,"€ 8,95",Netherlands,3.97,Kaapse Brouwers,11.2%,Stout - Imperial / Double Oatmeal,Bottle 375ml,"€ 23,87 per litre"
Abraham Woodford BA 2023,"€ 8,95",Netherlands,3.95,Kaapse Brouwers,10%,Stout - Imperial / Double,Bottle 375ml,"€ 23,87 per litre"
Dark Humor Club Christmas,"€ 4,95",Estonia,3.81,Sori Brewing,10.3%,Stout - Imperial / Double,330ml,"€ 15,00 per litre"
Winter Wizard,"€ 7,95",Denmark,3.78,Amager Bryghus,12%,Stout - Imperial / Double Pastry,Can 440ml,"€ 18,07 per litre"
Bertus Speyside BA 2023,"€ 8,95",Netherlands,3.74,Kaapse Brouwers,10.2%,Brown Ale - Imperial / Double,Bottle 375ml,"€ 23,87 per litre"
The Picture of Dorian Gray (Speyside BA),"€ 8,95",Netherlands,3.35,Kaapse Brouwers,4.2%,Stout - Irish Dry,Bottle 375ml,"€ 23,87 per litre"
Bayerisch Nizza Weizenbock,"€ 4,50",Germany,3.45,Hanscraft & Co.,5%,Wheat Beer - American Pale Wheat,Can 440ml,"€ 10,23 per litre"
Ark & Duif Port Barrel Aged Imperial Stout,"€ 6,75",Netherlands,3.70,Brouwerij de Molen,11.6%,Stout - Imperial / Double,330ml,"€ 20,45 per litre"
Nostalgia bierpakket (Limited Edition),"€ 42,60",Belgium,3.65,Brouwerij Kompel,10.5%,Belgian Strong Golden Ale,330ml,"€ 129,09 per litre"
Saaz,"€ 36,00",Netherlands,4.12,Tommie Sjef,6.8%,Wild Ale - Other,Bottle 750ml,"€ 48,00 per litre"
Greco,"€ 13,20",England,4.19,Buxton Brewery,14%,Stout - Imperial / Double,Bottle 330ml,"€ 40,00 per litre"
Vive La Fete Gin BA,"€ 5,75",Netherlands,3.55,Van Moll,9.8%,IPA - Imperial / Double,330ml,"€ 17,42 per litre"
Plain Dark Beer,"€ 8,65",Scotland,4.06,Newbarns Brewery,11%,Stout - Foreign / Export,Can 440ml,"€ 19,66 per litre"
Black Heart Nitro Stout,"€ 3,30",United States,3.83,BrewDog USA,7%,Stout - Oatmeal,Can 440ml,"€ 7,50 per litre"
Abt-generaal Quadrupel,"€ 3,95",Netherlands,3.70,Berne Abdijbier,10.5%,Belgian Quadrupel,330ml,"€ 11,97 per litre"
Abt Tripel,"€ 3,70",Netherlands,3.61,Berne Abdijbier,9%,Belgian Tripel,330ml,"€ 11,21 per litre"
XLNC Brandy BA,"€ 21,95",Belgium,4.05,Brouwerij Alvinne,11%,Sour - Other,Bottle 750ml,"€ 29,27 per litre"
Dieu Du Ciel! Solstice d'Hiver Bourbon 2023,"€ 9,99",Canada,4.13,Brasserie Dieu du Ciel!,10.2%,Barleywine - American,Bottle 341ml,"€ 29,30 per litre"
10 Year Green Label,"€ 39,90",United States,4.45,Cycle Brewing Company,12%,Stout - Imperial / Double Pastry,Bottle 650ml,"€ 61,38 per litre"
10 Year Red Label,"€ 39,90",United States,4.35,Cycle Brewing Company,12%,Stout - Imperial / Double Pastry,Bottle 650ml,"€ 61,38 per litre"
Raspberry: 2021 Harvest,"€ 34,99",United States,4.38,Hill Farmstead Brewery,6%,Farmhouse Ale - Other,Bottle 375ml,"€ 93,31 per litre"
Geometry of Curves (2022),"€ 38,90",United States,4.18,Bottle Logic Brewing,12.4%,Strong Ale - Other,500ml,"€ 77,80 per litre"
10 Year Yellow Label,"€ 39,90",United States,4.21,Cycle Brewing Company,12%,Stout - Imperial / Double Pastry,Bottle 650ml,"€ 61,38 per litre"
Civil Disobedience 36,"€ 36,99",United States,4.22,Hill Farmstead Brewery,6%,Farmhouse Ale - Saison,Bottle 650ml,"€ 61,38 per litre"
For TWCP,"€ 199,99",United States,4.62,Side Project Brewing,15%,Stout - Imperial / Double,Bottle 650ml,"€ 61,38 per litre"
Billionaires Hot Chocolate,"€ 199,99",United States,4.46,Side Project Brewing,15%,Stout - Imperial / Double,Bottle 650ml,"€ 61,38 per litre"
Bottle Logic Mind Over Batter 001 - 2023,"€ 39,95",United States,4.23,Bottle Logic Brewing,12%,Stout - Imperial / Double Pastry,500ml,"€ 79,90 per litre"
Rebelse Strop Brett Blond,"€ 2,75",Belgium,3.30,Brouwerij Roman,6.9%,Brett Beer,330ml,"€ 8,33 per litre"
Oude Mourvèdre Tilquin à l'Ancienne 2022-2023,"€ 27,20",Belgium,4.21,Gueuzerie Tilquin,7.7%,Lambic - Fruit,Bottle 750ml,"€ 36,27 per litre"
Oude Viognier Tilquin à l'Ancienne 2022-2023,"€ 27,20",Belgium,4.20,Gueuzerie Tilquin,8%,Lambic - Fruit,Bottle 750ml,"€ 36,27 per litre"
Gageleer Superior Dark Biologisch Gagel Bier,"€ 3,60",Belgium,3.34,Beers For Nature,8.5%,Spiced / Herbed Beer,330ml,"€ 10,91 per litre"
Meesterstuk 2023 Whisky Barrel Aged Imperial Stout,"€ 7,45",Netherlands,4.18,Jopen,11.8%,Stout - Imperial / Double Pastry,330ml,"€ 22,58 per litre"
De Cam Framboise,"€ 11,30",Belgium,4.13,Geuzestekerij De Cam,6.9%,Lambic - Framboise,Bottle 375ml,"€ 30,13 per litre"
Cellar Series Apricotta Apricot Brandy Barrel Aged American Strong Ale,"€ 8,95",Estonia,4.08,Põhjala,12%,Strong Ale - American,330ml,"€ 27,12 per litre"
Blond,"€ 3,35",Belgium,3.58,Brouwerij De Poes,8%,Belgian Strong Golden Ale,330ml,"€ 10,15 per litre"
Gruut Bruin Glutenvrij,"€ 3,30",Belgium,3.05,Gentse Gruut Stadsbrouwerij,3.5%,Gluten-Free,330ml,"€ 10,00 per litre"
Flying Buffalo BA Imperial Stout 2022,"€ 10,50",United States,4.17,Griffin Claw Brewing Company,12%,Stout - Russian Imperial,355ml,"€ 29,58 per litre"
Flying Buffalo BA Becharas Coffee (2022),"€ 10,50",United States,4.16,Griffin Claw Brewing Company,12%,Stout - Russian Imperial,355ml,"€ 29,58 per litre"
S'mores Blueprint Pastry Stout,"€ 25,40",United States,4.09,Equilibrium Brewery,11%,Stout - Imperial / Double Pastry,500ml,"€ 50,80 per litre"
Split Scrape And Pastry,"€ 30,45",United States,4.30,Transient Artisan Ales,14.5%,Stout - Imperial / Double,500ml,"€ 60,90 per litre"
Freestyle No. 7,"€ 29,77",United States,4.18,Casey Brewing & Blending,6.5%,Farmhouse Ale - Bière de Coupage,Bottle 750ml,"€ 39,69 per litre"
Roasters Paradise Kianderi - Kenya,"€ 8,34",Hungary,4.15,Mad Scientist,13%,Stout - Imperial / Double Coffee,330ml,"€ 25,27 per litre"
Vanilla Velvet (10/12/21),"€ 39,88",United States,4.12,Casey Brewing & Blending,8%,Farmhouse Ale - Saison,Bottle 750ml,"€ 53,17 per litre"
Solstice D'Hiver 2023,"€ 9,17",Canada,3.79,Brasserie Dieu du Ciel!,10.2%,Barleywine - American,Bottle 355ml,"€ 25,83 per litre"
Berliner Eiche – Berliner Weisse auch Eichenchips gelagert,"€ 3,45",Germany,3.28,Brauerei Lemke,4%,Sour - Berliner Weisse,330ml,"€ 10,45 per litre"
Toltron Blue (Toasted Coconut),"€ 9,95",United States,4.11,Short Throw Brewing Co.,11.6%,Stout - Imperial / Double,355ml,"€ 28,03 per litre"
Toltron Yellow (Vanilla Beans),"€ 9,95",United States,4.00,Short Throw Brewing Co.,11.6%,Stout - Imperial / Double,355ml,"€ 28,03 per litre"
"Hybrid Sequence 0,009","€ 24,90",United States,3.98,Stillwater Artisanal,6.6%,Wild Ale - Other,Bottle 750ml,"€ 33,20 per litre"
Oxidation,"€ 24,90",Germany,3.81,Freigeist Bierkultur,6%,Grape Ale - Other,Bottle 750ml,"€ 33,20 per litre"
Bacchanalia Pinot Noir,"€ 24,90",Germany,3.39,Freigeist Bierkultur,8%,Wild Ale - Other,Bottle 750ml,"€ 33,20 per litre"
Welschriesling 2019,"€ 24,90",Germany,3.29,Freigeist Bierkultur,6%,Wild Ale - Other,Bottle 750ml,"€ 33,20 per litre"
Bistro Peach & Raspberry Crumble,"€ 10,50",United States,4.24,Energy City Brewing,6.5%,Sour - Fruited Berliner Weisse,Bottle 750ml,"€ 33,20 per litre"
Bistro Pineapple Delight,"€ 10,50",United States,4.08,Energy City Brewing,6.5%,Sour - Fruited Berliner Weisse,473ml,"€ 22,20 per litre"
Bistro Orangealicious,"€ 10,50",United States,4.22,Energy City Brewing,8%,Sour - Fruited Berliner Weisse,473ml,"€ 22,20 per litre"
Antwerp Buffalo Trace Bourbon Barrel Aged,"€ 7,75",Belgium,4.20,Galea Craft Beers,14%,Stout - Russian Imperial,330ml,"€ 23,48 per litre"
Antwerp Vanilla brandy Barrel Aged,"€ 7,75",Belgium,4.13,Galea Craft Beers,14%,Stout - Russian Imperial,330ml,"€ 23,48 per litre"
La Mule Straight Saison,"€ 3,41",Belgium,3.47,Brasserie de la Mule,6%,Farmhouse Ale - Saison,330ml,"€ 10,33 per litre"
Straffe Hendrik Quadrupel,"€ 6,50",Belgium,3.89,Brouwerij De Halve Maan,11%,Belgian Quadrupel,330ml,"€ 19,70 per litre"
Coconut Bulletproof Porter,"€ 10,50",United States,4.20,Cellarmaker Brewing Company,8%,Porter - Other,473ml,"€ 22,20 per litre"
Kasteel Rubus Framboise,"€ 2,95",Belgium,3.57,Kasteel Brouwerij Vanhonsebrouck,7%,Fruit Beer,473ml,"€ 22,20 per litre"
Druif - Souvignier Gris 20/21 Assemblage n°50,"€ 28,71",Belgium,4.22,Brouwerij 3 Fonteinen,7.1%,Lambic - Fruit,Bottle 750ml,"€ 38,28 per litre"
Druif - Muscat Ottonel 22/23 Assemblage n° 30,"€ 35,45",Belgium,4.28,Brouwerij 3 Fonteinen,7.2%,Lambic - Fruit,Bottle 750ml,"€ 47,27 per litre"
Oude Geuze Golden Blend 21/22 Assemblage N°70,"€ 65,83",Belgium,4.27,Brouwerij 3 Fonteinen,5.5%,Lambic - Gueuze,Bottle 1500ml,"€ 43,89 per litre"
Oude Geuze Platinum Blend 21/22 Assemblage N°69,"€ 71,25",Belgium,4.25,Brouwerij 3 Fonteinen,5.8%,Lambic - Gueuze,Bottle 1500ml,"€ 47,50 per litre"
Druif -  Grüner Veltliner 22/23 Assemblage n° 38,"€ 31,17",Belgium,4.17,Brouwerij 3 Fonteinen,7.5%,Lambic - Fruit,Bottle 750ml,"€ 41,56 per litre"
Druif - Sylvaner 22/23 Assemblage n° 42,"€ 31,55",Belgium,4.14,Brouwerij 3 Fonteinen,8.1%,Lambic - Fruit,Bottle 750ml,"€ 42,07 per litre"
Pruim Opal 22/23 Assemblage n° 22,"€ 36,21",Belgium,4.25,Brouwerij 3 Fonteinen,6.5%,Lambic - Fruit,Bottle 750ml,"€ 48,28 per litre"
Pruim Vroege Tolse 22/23 Assemblage n° 21,"€ 36,21",Belgium,4.23,Brouwerij 3 Fonteinen,5.8%,Lambic - Fruit,Bottle 750ml,"€ 48,28 per litre"
More Time To Explain (2021),"€ 36,55",United States,4.33,Bottle Logic Brewing,12.4%,Stout - Imperial / Double,500ml,"€ 73,10 per litre"
More Time To Explain (2023),"€ 36,55",United States,4.31,Bottle Logic Brewing,13.1%,Stout - Imperial / Double Pastry,500ml,"€ 73,10 per litre"
Mind Over Batter (2023),"€ 35,99",United States,4.23,Bottle Logic Brewing,12%,Stout - Imperial / Double Pastry,500ml,"€ 71,98 per litre"
Pinetta 21,"€ 12,90",Netherlands,3.68,Oedipus Brewing,9.5%,Grape Ale - Italian,Bottle 375ml,"€ 34,40 per litre"
Staffelberg Märzen,"€ 1,90",Germany,3.37,Staffelberg-Bräu,5.5%,Märzen,500ml,"€ 3,80 per litre"
Edelherb,"€ 2,00",Germany,3.29,Kulmbacher Brauerei,4.9%,Pilsner - German,500ml,"€ 4,00 per litre"
Blond Ale,"€ 2,60",Belgium,3.67,Brouwerij De Halve Maan,6%,Belgian Blonde,330ml,"€ 7,88 per litre"
Zodiak IPA,"€ 4,30",Sweden,3.76,Omnipollo,6.2%,IPA - American,Can 330ml,"€ 13,03 per litre"
Delirium Christmas Belgian Winter Ale,"€ 5,70",Belgium,3.76,Delirium - Huyghe Brewery,10%,Winter Ale,330ml,"€ 17,27 per litre"
Cuvée BXL,"€ 14,89",Belgium,3.97,Brouwerij De Ranke,7%,Lambic - Other,Bottle 750ml,"€ 19,85 per litre"
Jessenhofke RGLR,"€ 2,82",Belgium,2.89,Biologische Brouwerij Jessenhofke,3.5%,Pale Ale - Belgian,330ml,"€ 8,55 per litre"
Monday (2022),"€ 36,95",United States,4.36,Cycle Brewing Company,12%,Stout - Imperial / Double Coffee,Bottle 650ml,"€ 56,85 per litre"
Friday (2022),"€ 39,95",United States,4.32,Cycle Brewing Company,12%,Stout - Imperial / Double,Bottle 650ml,"€ 61,46 per litre"
Sacrilicious,"€ 20,21",United States,3.97,Transient Artisan Ales,12.5%,Stout - Imperial / Double,500ml,"€ 40,42 per litre"
Freestyle No. 7,"€ 29,45",United States,4.18,Casey Brewing & Blending,6.5%,Farmhouse Ale - Bière de Coupage,Bottle 750ml,"€ 39,27 per litre"
Yoda Condition Imperial Stout With Toasted Coconut And Maple Syrup (2023),"€ 8,40",Sweden,4.11,Nerdbrewing,10.8%,Stout - Imperial / Double,330ml,"€ 25,45 per litre"
"Async Imperial Stout W Honey, Cinnamon Berries & Vanilla","€ 8,40",Sweden,4.00,Nerdbrewing,10%,Stout - Imperial / Double,330ml,"€ 25,45 per litre"
"Slerp Imperial Stout W Coffee, Caramel & Tonka Beans","€ 8,40",Sweden,3.94,Nerdbrewing,10.8%,Stout - Imperial / Double Coffee,330ml,"€ 25,45 per litre"
Brewdog Hazy Jane,"€ 2,59",Scotland,3.67,BrewDog,5%,IPA - New England / Hazy,330ml,"€ 7,85 per litre"
This Is The Way,"€ 19,95",United States,4.33,Prairie Artisan Ales,13.6%,Stout - Imperial / Double Pastry,330ml,"€ 7,85 per litre"
Split Scrape And Pastry,"€ 29,95",United States,4.30,Transient Artisan Ales,14.5%,Stout - Imperial / Double,500ml,"€ 59,90 per litre"
Inflammable Means Flammable?!,"€ 26,95",United States,4.25,Transient Artisan Ales,12.5%,Stout - Imperial / Double,500ml,"€ 53,90 per litre"
NY State of Mind,"€ 3,59",Poland,3.75,Funky Fluid,6%,IPA - American,Can 500ml,"€ 7,18 per litre"
Topping Revolution,"€ 4,87",Poland,3.68,Maltgarden,5.5%,Sour - Smoothie / Pastry,Can 500ml,"€ 9,74 per litre"
Bianca Smooj Piña Colada Lassi Gose x Smooj,"€ 16,90",Sweden,3.86,Omnipollo,6%,Sour - Smoothie / Pastry,Can 440ml,"€ 38,41 per litre"
Fusion: Przetwornia Chmielu,"€ 3,89",Poland,3.85,Funky Fluid,6.4%,IPA - New England / Hazy,Can 500ml,"€ 7,78 per litre"
Coconut Zingy,"€ 3,89",Poland,3.65,Funky Fluid,6.2%,IPA - Sour,Can 500ml,"€ 7,78 per litre"
Sticky Clouds,"€ 4,49",Poland,3.98,Funky Fluid,8.1%,IPA - Imperial / Double New England / Hazy,Can 500ml,"€ 8,98 per litre"
Messy,"€ 4,19",Poland,3.88,Funky Fluid,6.3%,IPA - New England / Hazy,Can 500ml,"€ 8,38 per litre"
Nittenauer Freie Liebe Alkoholfreies Lager,"€ 2,69",Germany,3.23,Brauhaus Nittenau,0.5%,Non-Alcoholic - Lager,330ml,"€ 8,15 per litre"
"Barrel-Aged Oh, Nuts! / Other Half","€ 49,99",United States,4.35,Trillium Brewing Company,14.6%,Stout - Imperial / Double,500ml,"€ 99,98 per litre"
Barrel-Aged Feed Your Soul / Weathered Souls,"€ 49,99",United States,4.30,Trillium Brewing Company,14.8%,Stout - Imperial / Double,500ml,"€ 99,98 per litre"
Barrel-Aged Way Outside The Lines / Omnipollo,"€ 49,99",United States,4.30,Trillium Brewing Company,13%,Stout - Imperial / Double Coffee,500ml,"€ 99,98 per litre"
Fort Point,"€ 11,29",United States,4.21,Trillium Brewing Company,6.6%,Pale Ale - American,500ml,"€ 99,98 per litre"
Gelato: Giallo,"€ 5,24",Poland,3.91,Funky Fluid,5.5%,Sour - Smoothie / Pastry,Can 500ml,"€ 10,48 per litre"
Gate No1-2023,"€ 8,79",Poland,4.03,Maltgarden,10.5%,Stout - Imperial / Double,Can 330ml,"€ 26,64 per litre"
Gate No2-2022,"€ 8,79",Poland,4.01,Maltgarden,10.5%,Stout - Imperial / Double Coffee,Can 330ml,"€ 26,64 per litre"
Vinum Rye Wisky Barrel Aged Barley Wine ( Jahrgang 2023 ),"€ 9,75",Germany,4.00,Brauerei Lemke,13.5%,Barleywine - English,330ml,"€ 29,55 per litre"
Waldmeister Weisse – Berliner Weisse,"€ 3,75",Germany,3.34,Brauerei Lemke,4%,Sour - Berliner Weisse,330ml,"€ 11,36 per litre"
Bohemian Pilsner – Pilsner,"€ 3,15",Germany,3.31,Brauerei Lemke,5%,Pilsner - Czech / Bohemian,330ml,"€ 9,55 per litre"
Jolly Rodger Imperial Coffee Porter (2022),"€ 17,49",United States,4.27,Drake's Brewing Company,15.7%,Porter - Imperial / Double Coffee,330ml,"€ 9,55 per litre"
Santas Brass (2022),"€ 17,49",United States,4.24,Drake's Brewing Company,14.8%,Barleywine - American,Bottle 375ml,"€ 46,64 per litre"
Death of The Sun (2020),"€ 17,49",United States,4.20,Drake's Brewing Company,14.2%,Stout - Imperial / Double,Bottle 375ml,"€ 46,64 per litre"
Death of The Sun (2023),"€ 17,49",United States,4.08,Drake's Brewing Company,12.9%,Stout - Imperial / Double,Bottle 375ml,"€ 46,64 per litre"
Denogginizer,"€ 3,59",United States,3.89,Drake's Brewing Company,9.8%,IPA - Imperial / Double,355ml,"€ 10,11 per litre"
1500,"€ 2,95",United States,3.66,Drake's Brewing Company,5.5%,Pale Ale - American,355ml,"€ 10,11 per litre"
Rose de Gambrinus,"€ 9,50",Belgium,4.27,Brasserie Cantillon,5%,Lambic - Framboise,Bottle 375ml,"€ 25,33 per litre"
BA Almond Cake,"€ 39,90",United States,4.43,Trillium Brewing Company,15.7%,Stout - Imperial / Double,500ml,"€ 79,80 per litre"
Cuvée de Tetreault 2019,"€ 29,90",United States,4.32,Trillium Brewing Company,11.4%,Wild Ale - American,Bottle 750ml,"€ 39,87 per litre"
Oenobier: Pinot Noir / Pinot Meunier / Chardonnay,"€ 12,90",United States,4.13,Trillium Brewing Company,11.6%,Wild Ale - American,330ml,"€ 39,09 per litre"
Intens Rood (season 18|19) Blend No. 112,"€ 33,94",Belgium,4.29,Brouwerij 3 Fonteinen,6.3%,Lambic - Kriek,Bottle 750ml,"€ 45,25 per litre"
Pruim Mirabelle (season 21|22) Blend No. 21,"€ 35,28",Belgium,4.27,Brouwerij 3 Fonteinen,7.3%,Lambic - Fruit,Bottle 750ml,"€ 47,04 per litre"
Pruim Belle De Louvain (season 21|22) Blend No. 17,"€ 35,28",Belgium,4.24,Brouwerij 3 Fonteinen,7.7%,Lambic - Fruit,Bottle 750ml,"€ 47,04 per litre"
Cuvée Miel (season 21|22) Blend No. 89,"€ 35,69",Belgium,4.14,Brouwerij 3 Fonteinen,8.9%,Lambic - Gueuze,Bottle 750ml,"€ 47,59 per litre"
Tripel Kanunnik,"€ 7,95",Belgium,3.67,Brouwerij Wilderen,8.2%,Belgian Tripel,Bottle 750ml,"€ 10,60 per litre"
Maltgarden / Neon Raptor Endless Party,"€ 4,09",Poland,3.77,Maltgarden,6%,IPA - New England / Hazy,Can 500ml,"€ 8,18 per litre"
Gefelicibierd,"€ 9,95",Netherlands,3.58,Mister Hop,7%,Blonde / Golden Ale - Other,Bottle 750ml,"€ 13,27 per litre"
High Speed Blender,"€ 4,87",Poland,3.91,Maltgarden,5.2%,Sour - Smoothie / Pastry,Can 500ml,"€ 9,74 per litre"
Fresh Sliced Mangoes,"€ 5,62",Poland,3.88,Maltgarden,5.2%,Sour - Smoothie / Pastry,Can 500ml,"€ 11,24 per litre"
Summer Movie,"€ 4,40",Poland,3.63,Maltgarden,5.9%,IPA - New England / Hazy,Can 500ml,"€ 8,80 per litre"
Start Drinking Purple,"€ 2,99",United States,3.70,Abnormal Beer Co.,6.2%,Sour - Fruited Berliner Weisse,Can 500ml,"€ 8,80 per litre"
Goschie Farms Estate Beer,"€ 22,60",United States,4.29,The Ale Apothecary,7.44%,Wild Ale - American,Bottle 375ml,"€ 60,27 per litre"
Ralph,"€ 19,50",United States,4.24,The Ale Apothecary,7.15%,Wild Ale - American,Bottle 375ml,"€ 52,00 per litre"
Tripel Trappel,"€ 9,95",Belgium,3.52,Brouwerij Van Steenberge,9%,Belgian Tripel,Bottle 750ml,"€ 13,27 per litre"
Chiemsee Dark – Schwarzbier,"€ 3,45",Germany,3.53,Camba Bavaria,5.6%,Schwarzbier,Can 440ml,"€ 7,84 per litre"
Chiemsee HopLa – Dry Hopped Lager,"€ 2,95",Germany,3.44,Camba Bavaria,5.4%,Lager - IPL (India Pale Lager),Can 440ml,"€ 6,70 per litre"
Weiherer/Fat Head's Hopferla IPA,"€ 5,89",Germany,3.33,Brauerei Kundmüller/ Fat Head's Brewery,7.5%,IPA - American,500ml,"€ 11,78 per litre"
Oude Geuze Platinum Blend (season 21|22) Blend #57 37.5cl,"€ 22,70",Belgium,4.33,Brouwerij 3 Fonteinen,6%,Lambic - Gueuze,Bottle 375ml,"€ 60,53 per litre"
Nostalgia Collection #8 - De Laatste Mijn (Limited Edition),"€ 3,43",Belgium,3.60,Brouwerij Kompel,8.5%,Belgian Strong Dark Ale,330ml,"€ 10,39 per litre"
Inflammable Means Flammable?!,"€ 30,95",United States,4.25,Transient Artisan Ales,12.5%,Stout - Imperial / Double,500ml,"€ 61,90 per litre"
Sacrilicious,"€ 30,95",United States,3.97,Transient Artisan Ales,12.5%,Stout - Imperial / Double,500ml,"€ 61,90 per litre"
Yorkshire Stingo,"€ 7,50",England,3.82,Samuel Smith,8%,Strong Ale - English,Bottle 550ml,"€ 13,64 per litre"
St. Bernardus Abt 12 Quadrupel 33cl,"€ 5,10",Belgium,4.00,Brouwerij St.Bernardus,10%,Belgian Quadrupel,330ml,"€ 15,45 per litre"
Duchesse De Bourgogne Flanders Red Ale 33cl,"€ 5,30",Belgium,3.66,Brouwerij Verhaeghe,6.2%,Sour - Flanders Red Ale,Bottle 330ml,"€ 16,06 per litre"
Madeleine,"€ 4,50",Netherlands,3.34,Oedipus Brewing,6%,Bock - Single / Traditional,330ml,"€ 13,64 per litre"
Delicious Citrus IPA,"€ 2,90",United States,3.70,Stone Brewing,7.7%,IPA - American,330ml,"€ 8,79 per litre"
Meesterstuk 2023 Ba Whisky Barrel,"€ 6,99",Netherlands,4.18,Jopen,11.8%,Stout - Imperial / Double Pastry,330ml,"€ 21,18 per litre"
Meesterstuk 2023 Ba Oloroso,"€ 6,99",Netherlands,4.06,Jopen,10.5%,Stout - Imperial / Double,330ml,"€ 21,18 per litre"
American IS - Barrel Aged Blend x Terra Kahwa,"€ 7,92",France,4.06,Popihn,12.5%,Stout - Imperial / Double Coffee,330ml,"€ 24,00 per litre"
Ta I Trä Jubileum,"€ 15,75",Sweden,3.93,Närke Kulturbryggeri,9.3%,Barleywine - Other,Bottle 250ml,"€ 63,00 per litre"
Single & Wild Colon-Elle,"€ 20,15",Belgium,3.97,Lambiek Fabriek,11%,Lambic - Gueuze,Bottle 750ml,"€ 26,87 per litre"
Mirabel-lambiek 2021,"€ 16,80",Belgium,4.26,Geuzestekerij De Cam,6%,Lambic - Fruit,Bottle 375ml,"€ 44,80 per litre"
Oude Geuze 2017,"€ 29,80",Belgium,4.18,Geuzestekerij De Cam,6%,Lambic - Gueuze,Bottle 750ml,"€ 39,73 per litre"
Oude Geuze 2020,"€ 20,70",Belgium,4.15,Geuzestekerij De Cam,6.5%,Lambic - Gueuze,Bottle 750ml,"€ 27,60 per litre"
Oude Geuze 2021,"€ 10,50",Belgium,4.09,Geuzestekerij De Cam,6.5%,Lambic - Gueuze,Bottle 375ml,"€ 28,00 per litre"
Kweepeer 2022,"€ 17,20",Belgium,4.00,Geuzestekerij De Cam,5%,Lambic - Fruit,Bottle 375ml,"€ 45,87 per litre"
Mehndi (2021),"€ 99,99",United States,4.45,More Brewing Company,13%,Stout - Imperial / Double,Bottle 375ml,"€ 45,87 per litre"
Eunoia Batch 14,"€ 159,99",United States,4.55,Phase Three Brewing,14%,Stout - Imperial / Double,,
Blueberry Pie Crust,"€ 79,99",United States,4.47,Standard Meadery,14%,Mead - Melomel,,
Barrel-Aged Imperial Perception of Depth,"€ 147,95",United States,4.47,Phase Three Brewing,15.5%,Brown Ale - Imperial / Double,,
Departure Batch 2,"€ 82,99",United States,4.45,Standard Meadery,11.5%,Mead - Melomel,,
Vintage Nectar (2020),"€ 42,99",United States,4.32,3 Sons Brewing Co.,14.5%,Stout - Imperial / Double,Bottle 375ml,"€ 114,64 per litre"
Sxxxy Lumberjack,"€ 52,99",United States,4.22,3 Sons Brewing Co.,14%,Barleywine - English,Bottle 375ml,"€ 114,64 per litre"
Big Berhta's Cinnamon Buns (2022),"€ 14,80",United States,4.20,Kuhnhenn Brewing Company,12%,Barleywine - American,330ml,"€ 44,85 per litre"
Samoa Imperial Brown Ale (2022),"€ 14,80",United States,4.10,Kuhnhenn Brewing Company,11.25%,Brown Ale - Imperial / Double,330ml,"€ 44,85 per litre"
Broward County Brand Barleywine (2022),"€ 34,99",United States,4.23,3 Sons Brewing Co.,13.9%,Barleywine - English,Bottle 375ml,"€ 93,31 per litre"
Black Tiger,"€ 3,79",Belgium,3.31,La Source Beer Co.,4.8%,Sour - Other Gose,330ml,"€ 11,48 per litre"
Phase Rule,"€ 239,95",United States,4.59,Side Project Brewing,15%,Stout - Imperial / Double,Bottle 375ml,"€ 639,87 per litre"
Eternal Nightmares (2021),"€ 39,99",United States,4.36,Hidden Springs Ale Works,12%,Stout - Imperial / Double,500ml,"€ 79,98 per litre"
Charbon,"€ 2,95",Belgium,3.50,Brouwerij De Dochter van de Korenaar,7%,Smoked Beer,330ml,"€ 8,94 per litre"
Hœnir,"€ 6,12",Netherlands,3.88,Big Belly Brewing Company,11%,Stout - Foreign / Export,330ml,"€ 18,55 per litre"
Nooner (Batch 11),"€ 20,40",United States,4.23,Cycle Brewing Company,12%,Stout - Imperial / Double Pastry,Bottle 355ml,"€ 57,46 per litre"
10 Year Yellow Label,"€ 42,00",United States,4.21,Cycle Brewing Company,12%,Stout - Imperial / Double Pastry,Bottle 650ml,"€ 64,62 per litre"
Prearis Quadrupel,"€ 2,70",Belgium,3.74,Vliegende Paard Brouwers,10%,Belgian Quadrupel,330ml,"€ 8,18 per litre"
Dr Raptor,"€ 4,05",Netherlands,3.68,Uiltje Brewing Company,8.2%,IPA - Imperial / Double,330ml,"€ 12,27 per litre"
Ritterguts Lichtenhainer Weisse,"€ 5,50",Germany,3.40,Ritterguts Gose,4.3%,Historical Beer - Lichtenhainer,500ml,"€ 11,00 per litre"
Vote For Rick Astley,"€ 10,60",Canada,4.24,Wood Brothers Brewing Co.,6.8%,IPA - American,330ml,"€ 32,12 per litre"
Persistent Cloud Vol. 2,"€ 10,60",Canada,4.23,Wood Brothers Brewing Co.,7.4%,IPA - American,330ml,"€ 32,12 per litre"
Billie's BA 24hr Stout,"€ 7,40",Estonia,4.10,Põhjala,12.5%,Stout - Imperial / Double,330ml,"€ 22,42 per litre"
Oud Bruin,"€ 3,10",Belgium,3.52,Brouwerij Westkwartier,6%,Sour - Flanders Oud Bruin,330ml,"€ 9,39 per litre"
Rushing out in the Rain,"€ 15,31",Czech Republic,4.00,Métaphore,4.1%,Farmhouse Ale - Grisette,Bottle 750ml,"€ 20,41 per litre"
Festuca,"€ 16,95",Czech Republic,4.15,Hibernata,5.5%,Farmhouse Ale - Other,Bottle 750ml,"€ 22,60 per litre"
Vorrei Un Aperitivo,"€ 28,75",Czech Republic,3.98,Métaphore,4.6%,Wild Ale - Other,Bottle 750ml,"€ 38,33 per litre"
Hypsikerós,"€ 19,25",Czech Republic,3.97,Hibernata,9.7%,Winter Warmer,Bottle 750ml,"€ 25,67 per litre"
Spontan quadrupleraspberry,"€ 69,80",Denmark,4.19,Mikkeller,9.9%,Lambic - Framboise,Bottle 375ml,"€ 186,13 per litre"
Help Yourself,"€ 12,50",United States,4.12,Highland Park Brewery,6%,Farmhouse Ale - Saison,500ml,"€ 25,00 per litre"
Kingdom Of Dolls,"€ 25,00",United States,4.06,Modern Times Beer,6.3%,Farmhouse Ale - Saison,Bottle 750ml,"€ 33,33 per litre"
Opal,"€ 15,50",Denmark,4.05,Baghaven Brewing and Blending,7%,Sour - Fruited,Bottle 375ml,"€ 41,33 per litre"
Havnesæson,"€ 23,50",Denmark,4.04,Baghaven Brewing and Blending,7%,Farmhouse Ale - Saison,Bottle 750ml,"€ 31,33 per litre"
Ears Of Plenty,"€ 22,20",Denmark,4.04,Baghaven Brewing and Blending,7.5%,Farmhouse Ale - Saison,Bottle 750ml,"€ 29,60 per litre"
Flaxation,"€ 24,20",United States,4.03,Sour Cellars,5.6%,Wild Ale - American,Bottle 750ml,"€ 32,27 per litre"
Violet Beverage,"€ 15,50",Denmark,4.02,Baghaven Brewing and Blending,7.6%,Wild Ale - American,Bottle 375ml,"€ 41,33 per litre"
Kriek Mythology,"€ 12,50",United States,4.02,Springdale Beer Co.,6.5%,Wild Ale - American,Bottle 500ml,"€ 25,00 per litre"
Nordlund's field blend #1,"€ 18,10",Denmark,4.02,Baghaven Brewing and Blending,8.8%,Sour - Other,Bottle 375ml,"€ 48,27 per litre"
Spätale 2018,"€ 19,60",Denmark,3.99,Baghaven Brewing and Blending,8.8%,Sour - Other,Bottle 375ml,"€ 52,27 per litre"
Spätale Blend #1,"€ 18,30",Denmark,3.99,Baghaven Brewing and Blending,8%,Sour - Other,Bottle 375ml,"€ 48,80 per litre"
Harvested,"€ 20,00",United States,3.99,Sour Cellars,5.6%,Sour - Other,Bottle 750ml,"€ 26,67 per litre"
I Found My Thrill,"€ 18,10",Denmark,3.99,Baghaven Brewing and Blending,7.4%,Wild Ale - Other,Bottle 375ml,"€ 48,27 per litre"
Shuvly Kouse,"€ 18,80",United States,3.97,Sour Cellars,7%,Sour - Other,Bottle 750ml,"€ 25,07 per litre"
Guavaja,"€ 13,30",Denmark,3.97,Baghaven Brewing and Blending,7.4%,Wild Ale - American,Bottle 375ml,"€ 35,47 per litre"
The Prometheus Effect,"€ 15,30",United States,3.95,Modern Times Beer,6.3%,Farmhouse Ale - Saison,Bottle 750ml,"€ 20,40 per litre"
Beer Club Blend #2,"€ 19,90",Denmark,3.95,Baghaven Brewing and Blending,7.2%,Farmhouse Ale - Saison,Bottle 750ml,"€ 26,53 per litre"
Vesalius 2016,"€ 17,70",Belgium,3.93,Brouwerij De Vlier,7%,Fruit Beer,Bottle 750ml,"€ 23,60 per litre"
Spontan Double Cassis,"€ 15,70",Denmark,3.88,Mikkeller,7.7%,Lambic - Fruit,Bottle 375ml,"€ 41,87 per litre"
Gift From Demeter,"€ 20,20",Denmark,3.87,Baghaven Brewing and Blending,6.5%,Farmhouse Ale - Saison,Bottle 750ml,"€ 26,93 per litre"
Bière des Champs,"€ 18,80",Denmark,3.87,Baghaven Brewing and Blending,6.5%,Farmhouse Ale - Saison,Bottle 750ml,"€ 25,07 per litre"
Saison des landes,"€ 23,50",Denmark,3.87,Baghaven Brewing and Blending,6.8%,Farmhouse Ale - Saison,Bottle 750ml,"€ 31,33 per litre"
Dynamic Tension,"€ 15,30",United States,3.87,Baere Brewing Co/ Cerebral Brewing,10.4%,Wild Ale - American,500ml,"€ 30,60 per litre"
Drinkitite,"€ 20,20",United States,3.87,Sour Cellars,6.4%,Sour - Other,Bottle 750ml,"€ 26,93 per litre"
Darkle,"€ 19,10",United States,3.85,Sour Cellars,11.4%,Wild Ale - American,Bottle 750ml,"€ 25,47 per litre"
Green Walnut,"€ 17,70",Belgium,3.85,Oud Beersel,6%,Lambic - Other,Bottle 750ml,"€ 23,60 per litre"
Kati,"€ 22,20",United States,3.85,2nd Shift Brewing/ Baghaven Brewing and Blending,6%,Wild Ale - Other,Bottle 750ml,"€ 29,60 per litre"
Pongelo,"€ 18,70",United States,3.82,Sour Cellars,6.4%,Sour - Other,Bottle 750ml,"€ 24,93 per litre"
Arcadiana,"€ 21,10",United States,3.81,Creature Comforts Brewing Company,6.2%,Farmhouse Ale - Saison,Bottle 750ml,"€ 28,13 per litre"
Biere de cabaret,"€ 22,20",Denmark,3.80,Baghaven Brewing and Blending,4%,Farmhouse Ale - Saison,Bottle 750ml,"€ 29,60 per litre"
Adega,"€ 19,00",Northern Ireland,3.77,Boundary Brewing,7%,Farmhouse Ale - Saison,Bottle 750ml,"€ 25,33 per litre"
Spontan Hibiscus,"€ 12,80",Denmark,3.75,Mikkeller,7.7%,Lambic - Other,Bottle 375ml,"€ 34,13 per litre"
Hallo Ich Bin Frederiksdal Cherry Berliner Weisse,"€ 8,00",Denmark,3.73,Mikkeller,5%,Sour - Fruited Berliner Weisse,Bottle 375ml,"€ 21,33 per litre"
Spontan Peach,"€ 12,80",Denmark,3.69,Mikkeller,7.7%,Lambic - Fruit,Bottle 375ml,"€ 34,13 per litre"
Zeus Taint,"€ 10,10",United States,3.64,Von Seitz TheoreticAles,5.7%,Farmhouse Ale - Saison,500ml,"€ 20,20 per litre"
3Fonteinen Hommage Bio Frambozen 18/19 assemblage No. 33,"€ 29,45",Belgium,4.38,Brouwerij 3 Fonteinen,5.8%,Lambic - Framboise,Bottle 750ml,"€ 39,27 per litre"
La Cresent Moon,"€ 12,71",United States,3.93,Funk Factory Geuzeria,6%,Lambic - Fruit,Bottle 750ml,"€ 16,95 per litre"
Weiherer Schwärzla Stout,"€ 2,99",Germany,3.38,Brauerei Kundmüller,5.3%,Stout - English,500ml,"€ 5,98 per litre"
Black Block Bourbon BA 2022,"€ 8,60",Spain,4.18,La Pirata Brewing,13%,Stout - Russian Imperial,330ml,"€ 26,06 per litre"
Black Block Pedro Ximenes BA (2021),"€ 8,60",Spain,4.06,La Pirata Brewing,13%,Stout - Russian Imperial,330ml,"€ 26,06 per litre"
Black Block Palo Cortado 2021,"€ 8,60",Spain,3.85,La Pirata Brewing,13%,Stout - Imperial / Double,330ml,"€ 26,06 per litre"
Life Jacket,"€ 16,49",United States,4.01,Revolution Brewing Company,15%,Barleywine - English,330ml,"€ 26,06 per litre"
Lucia,"€ 6,99",United States,3.78,Revolution Brewing Company,5.5%,Farmhouse Ale - Saison,330ml,"€ 26,06 per litre"
Ködös 2021,"€ 3,64",Hungary,3.66,BudaPrés Cider,7.7%,Cider - Dry,330ml,"€ 11,03 per litre"
Birs? 2022,"€ 3,64",Hungary,3.47,BudaPrés Cider,5.7%,Cider - Dry,330ml,"€ 11,03 per litre"
Tisztás. 2022,"€ 3,32",Hungary,3.27,BudaPrés Cider,6.4%,Cider - Dry,330ml,"€ 10,06 per litre"
Druif Dornfelder season 20/21 blend No. 27,"€ 29,95",Belgium,4.23,Brouwerij 3 Fonteinen,7.7%,Lambic - Fruit,Bottle 750ml,"€ 39,93 per litre"
Kuchlbauer Weisse,"€ 2,00",Germany,3.61,Weissbierbrauer Kuchlbauer,5.2%,Wheat Beer - Hefeweizen,500ml,"€ 4,00 per litre"
Bourbon Barrel Aged 12 Layer Cake,"€ 10,69",United States,4.21,Moody Tongue Brewing Company,13.9%,Stout - Imperial / Double,355ml,"€ 30,11 per litre"
Caramelized Chocolate Churro Baltic Porter,"€ 5,99",United States,3.76,Moody Tongue Brewing Company,7%,Porter - Baltic,330ml,"€ 18,15 per litre"
Scotch Barrel Aged Peated Scotch Ale,"€ 4,99",United States,3.73,Moody Tongue Brewing Company,11.8%,Scotch Ale / Wee Heavy,355ml,"€ 14,06 per litre"
Single Barrel Rain Shadow Brandy 2023,"€ 11,95",England,4.08,Buxton Brewery,10.5%,Stout - Imperial / Double,330ml,"€ 36,21 per litre"
Single Barrel Rain Shadow Rum 2023,"€ 11,95",England,3.90,Buxton Brewery,10.5%,Stout - Imperial / Double,330ml,"€ 36,21 per litre"
Ta I Trä Jubileum 2023,"€ 16,30",Sweden,3.93,Närke Kulturbryggeri,9.3%,Barleywine - Other,Bottle 250ml,"€ 65,20 per litre"
The Anti-IPA is Having a Moment,"€ 9,30",United States,3.77,Evil Twin Brewing NYC,5%,Rauchbier,473ml,"€ 19,66 per litre"
Delirium Tremens Strong Golden Ale,"€ 6,10",Belgium,3.85,Delirium - Huyghe Brewery,8.5%,Belgian Strong Golden Ale,330ml,"€ 18,48 per litre"
Westmalle Dubbel,"€ 4,30",Belgium,3.69,Brouwerij der Trappisten van Westmalle,7%,Belgian Dubbel,330ml,"€ 13,03 per litre"
Fat Pug,"€ 6,49",United States,3.73,Maplewood Brewing Company,5.9%,Stout - Milk / Sweet,330ml,"€ 13,03 per litre"
Zonnig Zeewit,"€ 4,50",Netherlands,3.19,Gebrouwen Door Vrouwen,3.8%,Wheat Beer - Witbier / Blanche,330ml,"€ 13,64 per litre"
Orval 2023,"€ 4,15",Belgium,3.89,Brasserie d'Orval,6.2%,Pale Ale - Belgian,330ml,"€ 12,58 per litre"
Tripel,"€ 11,99",Netherlands,3.50,Brouwerij 't Meuleneind,8%,Belgian Tripel,Bottle 750ml,"€ 15,99 per litre"
Nankendorfer Trüber Hammel,"€ 2,00",Germany,3.46,Schroll Bräu Nankendorf,5.2%,Pilsner - German,500ml,"€ 4,00 per litre"
Tripel Jules,"€ 2,89",Netherlands,3.59,Brouwerij Rodanum,8%,Belgian Tripel,330ml,"€ 8,76 per litre"
Schorschweizen Tonflasche,"€ 9,90",Germany,3.09,Schorschbräu,13%,Bock - Weizenbock,500ml,"€ 19,80 per litre"
Heinzlein Dunkles,"€ 1,90",Germany,2.48,"Schlenkerla (""Heller-Bräu"" Trum)",0.9%,Lager - Dark,500ml,"€ 3,80 per litre"
Rose de Gambrinus 75cl Bottle,"€ 26,00",Belgium,4.27,Brasserie Cantillon,5%,Lambic - Framboise,Bottle 750ml,"€ 34,67 per litre"
St. Guinefort,"€ 3,39",Netherlands,3.42,Vet & Lazy,6.7%,Belgian Blonde,Bottle 750ml,"€ 34,67 per litre"
Bereta / Nerdbrewing Trinary,"€ 8,21",Romania,4.12,Bereta Brewing Co.,10.6%,Stout - Imperial / Double Pastry,330ml,"€ 24,88 per litre"
Sugar and Spoon,"€ 6,32",Romania,3.83,Bereta Brewing Co.,3.5%,Sour - Smoothie / Pastry,Can 440ml,"€ 14,36 per litre"
IJsbok Hout,"€ 4,95",Netherlands,3.86,SNAB Bierbrouwers,9%,Bock - Eisbock,Bottle 375ml,"€ 13,20 per litre"
Dubbelbock Blik SB,"€ 4,10",Netherlands,3.56,Dutch Bargain,8.7%,Bock - Doppelbock,330ml,"€ 12,42 per litre"
Abt 12,"€ 2,79",Belgium,4.00,Brouwerij St.Bernardus,10%,Belgian Quadrupel,330ml,"€ 8,45 per litre"
1818 Quadruppel,"€ 4,49",Netherlands,3.82,Brouwerij Maallust,10%,Belgian Quadrupel,330ml,"€ 13,61 per litre"
Cuvee du Chateau,"€ 3,49",Belgium,3.81,Kasteel Brouwerij Vanhonsebrouck,11%,Belgian Quadrupel,330ml,"€ 10,58 per litre"
Oude Kriek,"€ 8,10",Belgium,3.79,Oud Beersel,6%,Lambic - Kriek,Bottle 375ml,"€ 21,60 per litre"
Zuster Agatha,"€ 3,99",Netherlands,3.64,Muifelbrouwerij,10%,Belgian Quadrupel,330ml,"€ 12,09 per litre"
Framboise,"€ 5,29",Belgium,3.54,Brouwerij Boon,5%,Lambic - Framboise,Bottle 375ml,"€ 14,11 per litre"
Blontt,"€ 3,59",Netherlands,3.46,ROTT. Brouwers,5.5%,Blonde / Golden Ale - Other,330ml,"€ 10,88 per litre"
Blondt,"€ 3,19",Netherlands,3.46,Brouwerij Noordt,6%,Blonde / Golden Ale - Other,330ml,"€ 9,67 per litre"
Le Phallus,"€ 3,39",Netherlands,3.31,Vet & Lazy,6.8%,Porter - English,330ml,"€ 10,27 per litre"
Etera - Tomo 6,"€ 29,80",Brazil,4.29,Spartacus Brewing,15%,Stout - Imperial / Double,Bottle 375ml,"€ 79,47 per litre"
Single Barrel Rain Shadow Rum 2023,"€ 10,99",England,3.90,Buxton Brewery,10.5%,Stout - Imperial / Double,330ml,"€ 33,30 per litre"
Space & Time,"€ 20,95",United States,4.14,Tree House Brewing Company,8.8%,Stout - Russian Imperial,330ml,"€ 33,30 per litre"
Cuvée de Mortagne Forte  3x,"€ 85,55",Belgium,4.30,Brouwerij Alvinne,18%,Belgian Quadrupel,255-pack,"Total price: € 85,55"
All That Is and All That Ever Will Be,"€ 19,95",United States,4.41,Tree House Brewing Company,6.5%,Stout - Milk / Sweet,255-pack,"Total price: € 85,55"
Gouden Carolus Indulgence 2023 - Batteliek,"€ 13,31",Belgium,3.64,Brouwerij Het Anker,7.3%,Belgian Blonde,Bottle 750ml,"€ 17,75 per litre"
Gouden Carolus Indulgence 2023 - Batteliek + Gratis Elegant glas,"€ 26,62",Belgium,3.64,Brouwerij Het Anker,7.3%,Belgian Blonde,Bottle 750ml,"€ 35,49 per litre"
Nostalgia Collection #12 - Eierbrikettenpers (Limited Edition),"€ 3,61",Belgium,3.60,Brouwerij Kompel,8%,Bock - Doppelbock,330ml,"€ 10,94 per litre"
Kennismaking bierstijlen,"€ 50,00",Netherlands,3.47,Klinkert - Bierbrouwerij Blokzijl,6.5%,Blonde / Golden Ale - Other,330ml,"€ 10,94 per litre"
Ta I Trä Jubileum 2003-2023,"€ 12,99",Sweden,3.93,Närke Kulturbryggeri,9.3%,Barleywine - Other,Bottle 250ml,"€ 51,96 per litre"
Black Aggie Mexican Cake,"€ 39,99",United States,4.28,Hidden Springs Ale Works,13%,Stout - Imperial / Double,,
Wild West Kriek-Framboos,"€ 5,80",Belgium,3.97,Brouwerij Alvinne,6%,Sour - Fruited,Bottle 750ml,"€ 7,73 per litre"
Cuvée Freddy Bosbes-Blueberry,"€ 5,80",Belgium,3.84,Brouwerij Alvinne,8%,Sour - Fruited,Bottle 750ml,"€ 7,73 per litre"
Phi Rabarber Amarillo,"€ 5,80",Belgium,3.84,Brouwerij Alvinne,8%,Sour - Fruited,Bottle 750ml,"€ 7,73 per litre"
Phi Smoked Pineapple,"€ 5,80",Belgium,3.65,Brouwerij Alvinne,8%,Sour - Fruited,Bottle 750ml,"€ 7,73 per litre"
Liquid Desserts 28,"€ 5,25",Netherlands,3.73,Big Belly Brewing Company,11%,Belgian Quadrupel,330ml,"€ 15,91 per litre"
Barrel-aged Chasing the Chaos (White Wax),"€ 137,99",United States,4.51,Timber Ales,13.8%,Stout - Imperial / Double,330ml,"€ 15,91 per litre"
MD Blend 1,"€ 199,99",United States,4.49,WeldWerks Brewing Co.,12.7%,Stout - Imperial / Double Pastry,330ml,"€ 15,91 per litre"
Wolf & Otter,"€ 142,99",United States,4.48,Forager Brewery,11%,Barleywine - English,330ml,"€ 15,91 per litre"
Blend One: Maris in Chaos,"€ 129,99",United States,4.44,Timber Ales,12.5%,Barleywine - Other,330ml,"€ 15,91 per litre"
Exquisite Blend One: Phillip's Three Little Birds,"€ 119,99",United States,4.38,Horus Aged Ales,13.1%,Stout - Imperial / Double,330ml,"€ 15,91 per litre"
Cyrus,"€ 49,99",United States,4.33,Perennial Artisan Ales,11.7%,Rye Wine,Bottle 750ml,"€ 66,65 per litre"
The Kernel Foeder Beer Mosaic,"€ 4,75",England,3.77,The Kernel Brewery,4.7%,Farmhouse Ale - Other,330ml,"€ 14,39 per litre"
Bourbon County Brand 30th Anniversary Reserve Stout (2022),"€ 119,95",United States,4.55,Goose Island Beer Co.,14.4%,Stout - Imperial / Double,330ml,"€ 14,39 per litre"
Tropicalismo,"€ 18,80",Sweden,4.19,Omnipollo,11.5%,Stout - Imperial / Double Milk,330ml,"€ 56,97 per litre"
Cloudy Scrumpy Cider,"€ 6,25",Wales,3.52,Gwynt y Ddraig,5.3%,Cider - Dry,500ml,"€ 12,50 per litre"
Bon Secours Prestige,"€ 2,85",Belgium,3.66,Brasserie Caulier,9%,Belgian Tripel,330ml,"€ 8,64 per litre"
Bast,"€ 2,30",Belgium,3.31,Hopscheppers,5.8%,Belgian Blonde,330ml,"€ 6,97 per litre"
Nonkel Pater,"€ 2,75",Belgium,3.54,Antwerpse Brouw Compagnie,9%,Belgian Quadrupel,330ml,"€ 8,33 per litre"
Never Never Aloha Aloha,"€ 11,90",United States,4.17,The Veil Brewing Co.,5.1%,Sour - Fruited Gose,473ml,"€ 25,16 per litre"
Even Cloudier DDH Hard Lemonade,"€ 9,10",Scotland,4.16,Vault City Brewing,11%,Sour - Fruited,Can 440ml,"€ 20,68 per litre"
MNCHSrita,"€ 9,50",United States,4.15,DankHouse Brewing Company,6%,Sour - Other Gose,473ml,"€ 20,08 per litre"
Stay Puffed: Banana Puddin',"€ 9,50",United States,4.10,DankHouse Brewing Company,6%,Sour - Smoothie / Pastry,473ml,"€ 20,08 per litre"
Strawberry Supernova,"€ 11,90",Scotland,3.87,Vault City Brewing,10.5%,Sour - Fruited,Bottle 375ml,"€ 31,73 per litre"
Tongerlo Prior Tripel,"€ 3,35",Belgium,3.64,Brouwerij Haacht Brasserie,9%,Belgian Tripel,330ml,"€ 10,15 per litre"
Momo Haze,"€ 5,90",United States,3.68,Novo Brazil Brewing,7%,IPA - New England / Hazy,473ml,"€ 12,47 per litre"
Magic Bars,"€ 26,29",United States,4.22,Equilibrium Brewery,11%,Stout - Imperial / Double Pastry,500ml,"€ 52,58 per litre"
Eestar Dhoop,"€ 9,45",Sweden,4.13,Dugges Bryggeri,12.7%,Stout - Other,500ml,"€ 18,90 per litre"
Projectile,"€ 5,24",Denmark,3.66,Gamma Brewing Company,5%,Pale Ale - New England / Hazy,Can 440ml,"€ 11,91 per litre"
Little Doink,"€ 5,24",Denmark,3.59,Gamma Brewing Company,4%,IPA - Session,Can 440ml,"€ 11,91 per litre"
Gamma / Schwarze Rose Snake Belly,"€ 5,24",Denmark,3.56,Gamma Brewing Company,6.5%,IPA - American,Can 440ml,"€ 11,91 per litre"
Private Resort,"€ 7,49",Denmark,3.56,Gamma Brewing Company,5%,Sour - Fruited,Can 440ml,"€ 17,02 per litre"
Gamma / Outer Range Slow Ramblings,"€ 4,49",Denmark,3.42,Gamma Brewing Company,5.2%,Lager - Other,Can 440ml,"€ 10,20 per litre"
Substrate,"€ 5,09",Denmark,3.32,Gamma Brewing Company,3.5%,IPA - Session,Can 440ml,"€ 11,57 per litre"
Barrage,"€ 4,87",Denmark,3.28,Gamma Brewing Company,5%,Wheat Beer - American Pale Wheat,Can 440ml,"€ 11,07 per litre"
"Oude Geuze Platinum Blend (season 20|21) Blend No. 42 - 37,5cl","€ 17,70",Belgium,4.22,Brouwerij 3 Fonteinen,6.7%,Lambic - Gueuze,Bottle 375ml,"€ 47,20 per litre"
Churro Puffs,"€ 26,29",United States,4.28,Equilibrium Brewery,11%,Stout - Imperial / Double Pastry,500ml,"€ 52,58 per litre"
Almond Pop (2023),"€ 26,29",United States,4.21,Equilibrium Brewery,11%,Stout - Imperial / Double Pastry,500ml,"€ 52,58 per litre"
ForEverett,"€ 12,49",United States,4.17,Timber Ales,12%,Stout - Imperial / Double,473ml,"€ 26,41 per litre"
Stereo Mono Mosaic,"€ 25,40",Denmark,3.78,To Øl,6.8%,IPA - New England / Hazy,6-pack,"Total price: € 25,40"
Whirl Domination,"€ 23,50",Denmark,3.78,To Øl,6.2%,IPA - New England / Hazy,6-pack,"Total price: € 23,50"
Whirl Domination,"€ 66,40",Denmark,3.78,To Øl,6.2%,IPA - New England / Hazy,24-pack,"Total price: € 66,40"
Whirl Domination,"€ 43,60",Denmark,3.78,To Øl,6.2%,IPA - New England / Hazy,12-pack,"Total price: € 43,60"
45 Days of Darkness,"€ 38,40",Denmark,3.63,To Øl,10%,Bock - Doppelbock,6-pack,"Total price: € 38,40"
Nitro Milk Stout,"€ 7,75",United States,3.72,Barrier Brewing Company,4.8%,Stout - Milk / Sweet,473ml,"€ 16,38 per litre"
Draught,"€ 7,99",United States,3.94,Magnify Brewing Company,6%,Stout - Milk / Sweet,473ml,"€ 16,38 per litre"
Bulkhead Red,"€ 8,99",United States,3.42,Barrier Brewing Company,6.5%,Red Ale - American Amber / Red,473ml,"€ 16,38 per litre"
45 Days of Darkness,"€ 7,20",Denmark,3.63,To Øl,10%,Bock - Doppelbock,473ml,"€ 16,38 per litre"
Stereo Mono Mosaic,"€ 4,70",Denmark,3.78,To Øl,6.8%,IPA - New England / Hazy,Can 330ml,"€ 14,24 per litre"
Kairós - Tomo 2,"€ 29,99",Brazil,4.38,Spartacus Brewing,14%,Barleywine - Other,Bottle 375ml,"€ 79,97 per litre"
Etera - Tomo 6,"€ 29,99",Brazil,4.29,Spartacus Brewing,15%,Stout - Imperial / Double,Bottle 375ml,"€ 79,97 per litre"
Whirl Domination,"€ 4,10",Denmark,3.78,To Øl,6.2%,IPA - New England / Hazy,Can 330ml,"€ 12,42 per litre"
Grimm Barrel Aged Sumi Zest Bourbon Barrel Aged Double Stout,"€ 29,99",United States,4.11,Grimm Artisanal Ales,11%,Stout - Imperial / Double,500ml,"€ 59,98 per litre"
House Of Pale,"€ 18,10",Denmark,3.63,To Øl,5.5%,Pale Ale - New England / Hazy,6-pack,"Total price: € 18,10"
Gose To Hollywood,"€ 18,10",Denmark,3.60,To Øl,3.8%,Sour - Fruited Gose,6-pack,"Total price: € 18,10"
Gose To Hollywood,"€ 66,40",Denmark,3.60,To Øl,3.8%,Sour - Fruited Gose,24-pack,"Total price: € 66,40"
Gose To Hollywood,"€ 34,20",Denmark,3.60,To Øl,3.8%,Sour - Fruited Gose,12-pack,"Total price: € 34,20"
House Of Pale,"€ 3,40",Denmark,3.63,To Øl,5.5%,Pale Ale - New England / Hazy,Can 330ml,"€ 10,30 per litre"
Hoods On Peregrine,"€ 6,99",Romania,3.98,Bereta Brewing Co.,10.7%,Stout - Imperial / Double Pastry,330ml,"€ 21,18 per litre"
Gose To Hollywood,"€ 3,40",Denmark,3.60,To Øl,3.8%,Sour - Fruited Gose,Can 330ml,"€ 10,30 per litre"
Gardées,"€ 13,70",France,4.05,Brasserie La Malpolon,8.4%,Farmhouse Ale - Bière de Garde,Bottle 750ml,"€ 18,27 per litre"
Vieille Groseille,"€ 15,00",France,3.93,Brasserie La Malpolon,10%,Old / Stock Ale,Bottle 750ml,"€ 20,00 per litre"
Mithridate 2023,"€ 13,80",France,3.91,Brasserie La Malpolon,6%,Wild Ale - Other,Bottle 750ml,"€ 18,40 per litre"
365 Days Of Darkness,"€ 14,50",Denmark,3.92,To Øl,12%,Bock - Doppelbock,Bottle 375ml,"€ 38,67 per litre"
Lupulus American Noble Hops,"€ 7,99",Belgium,3.85,Brasserie Lupulus,10%,Belgian Tripel,Bottle 375ml,"€ 21,31 per litre"
SvhL VII.VII : Zotte Kadeeën Aardbei + Kriek - Raw & Uncut (2018 vintage),"€ 51,70",Belgium,4.43,Brouwerij 3 Fonteinen,6.1%,Lambic - Fruit,Bottle 750ml,"€ 68,93 per litre"
Brewery / Dugges Scoundrel,"€ 9,99",England,4.07,Emperor's Brewery,13.8%,Stout - Imperial / Double,330ml,"€ 30,27 per litre"
Kessel Run,"€ 9,99",England,3.68,Emperor's Brewery,13.1%,Porter - Imperial / Double,330ml,"€ 30,27 per litre"
Trouble Juice,"€ 5,40",Denmark,3.34,To Øl,4.7%,IPA - Session,330ml,"€ 30,27 per litre"
Weird Era 2022,"€ 34,37",United States,4.06,Perennial Artisan Ales,5.1%,Lambic - Gueuze,Bottle 750ml,"€ 45,83 per litre"
Rust And Rot And Dust,"€ 119,99",United States,4.47,New Image Brewing,15.65%,Stout - Imperial / Double,Bottle 750ml,"€ 45,83 per litre"
World of Pretend,"€ 114,99",United States,4.34,New Image Brewing,15.5%,Strong Ale - Other,Bottle 750ml,"€ 45,83 per litre"
Urashima Tarō,"€ 11,00",France,3.90,Hoppy Road,5.2%,Wild Ale - Other,Bottle 750ml,"€ 14,67 per litre"
St. Georgen Landbier,"€ 2,00",Germany,3.29,St. GeorgenBräu,4.9%,Lager - Munich Dunkel,500ml,"€ 4,00 per litre"
"Duvel 6,66 Belgian Blond","€ 3,19",Belgium,3.61,Duvel Moortgat,6.66%,Belgian Blonde,330ml,"€ 9,67 per litre"
Oh Ma Darlin',"€ 8,40",Scotland,3.81,Up Front Brewing,6.9%,Wild Ale - Other,Bottle 375ml,"€ 22,40 per litre"
Pale Ale,"€ 4,10",Poland,3.63,Browar Stu Mostów,5.1%,Pale Ale - American,Bottle 500ml,"€ 8,20 per litre"
Kestemont - Coulis Speciale - 75cl,"€ 15,60",Belgium,3.85,Brouwerij Kestemont,5.5%,Lambic - Fruit,Bottle 750ml,"€ 20,80 per litre"
"Kestemont - Framboise - 37,5cl","€ 8,90",Belgium,3.83,Brouwerij Kestemont,5.5%,Lambic - Framboise,Bottle 375ml,"€ 23,73 per litre"
Kestemont - Framboise - 75cl,"€ 14,60",Belgium,3.83,Brouwerij Kestemont,5.5%,Lambic - Framboise,Bottle 750ml,"€ 19,47 per litre"
Kestemont - Oude Kriek - 75cl,"€ 13,00",Belgium,3.78,Brouwerij Kestemont,5.5%,Lambic - Kriek,Bottle 750ml,"€ 17,33 per litre"
"Kestemont - Oude Geuze - 37,5cl","€ 6,70",Belgium,3.75,Brouwerij Kestemont,6%,Lambic - Gueuze,Bottle 375ml,"€ 17,87 per litre"
Kestemont - Oude Geuze - 75cl,"€ 11,30",Belgium,3.75,Brouwerij Kestemont,6%,Lambic - Gueuze,Bottle 750ml,"€ 15,07 per litre"
Kestemont - Blauwe Bes - 75cl,"€ 22,00",Belgium,3.73,Brouwerij Kestemont,5.5%,Lambic - Fruit,Bottle 750ml,"€ 29,33 per litre"
Imperial Stout,"€ 2,90",Poland,3.80,Browar Fortuna,12%,Stout - Russian Imperial,Bottle 500ml,"€ 5,80 per litre"
"The Garden / Sanfrutos Florida Weisse Prickly Pear, Strawberry & Coconut","€ 4,85",Croatia,3.71,The Garden Brewery,6.7%,Sour - Fruited Berliner Weisse,Can 440ml,"€ 11,02 per litre"
Barrel Series 11: Wild Pretty Pineapple & Pistachio Jack Daniels & Rioja Wine BA  33cl,"€ 9,59",Poland,4.07,Magic Road,5.2%,Wild Ale - Other,330ml,"€ 29,06 per litre"
Perfect Lunch - Tiramisu,"€ 6,07",Poland,3.96,Magic Road,11.5%,Stout - Imperial / Double Pastry,Can 440ml,"€ 13,80 per litre"
Destination Nowhere,"€ 4,95",Poland,3.78,Magic Road,5.8%,IPA - New England / Hazy,Can 500ml,"€ 9,90 per litre"
"Pretty - Strawberry, Raspberry & Sweet Roll","€ 5,59",Poland,3.73,Magic Road,5.2%,Sour - Smoothie / Pastry,Can 500ml,"€ 11,18 per litre"
"Pretty - Mango, Peach & Halvah","€ 5,59",Poland,3.68,Magic Road,5.6%,Sour - Smoothie / Pastry,Can 500ml,"€ 11,18 per litre"
Citrus giveaway - Grapefruit & Pomegranate,"€ 4,71",Poland,3.64,Magic Road,4.2%,Sour - Fruited,Can 500ml,"€ 9,42 per litre"
"Free Pretty - Mango, Passionfruit & White Chocolate","€ 4,39",Poland,3.37,Magic Road,0.5%,Non-Alcoholic - Sour,Can 500ml,"€ 8,78 per litre"
Élevage Bourbon 2022,"€ 16,50",France,4.18,Popihn Sauvages,7%,Wild Ale - Other,Bottle 750ml,"€ 22,00 per litre"
Élevage Rum 2023,"€ 16,50",France,4.06,Popihn Sauvages,7%,Wild Ale - Other,Bottle 750ml,"€ 22,00 per litre"
Chouffe Free,"€ 2,35",Belgium,2.74,Brasserie d'Achouffe,0.4%,Non-Alcoholic - Other,330ml,"€ 7,12 per litre"
Dreimalzigkeit – Weihrauch Eisbock – Collab Freigeist – Reservoir Dogs,"€ 9,75",Germany,3.67,Freigeist Bierkultur,11.5%,Bock - Eisbock,330ml,"€ 29,55 per litre"
Oude Geuze,"€ 10,81",Belgium,3.74,Brouwerij Eylenbosch,5.8%,Lambic - Gueuze,Bottle 750ml,"€ 14,41 per litre"
Wild Blond,"€ 6,66",Belgium,3.60,Brouwerij Eylenbosch,7%,Farmhouse Ale - Bière de Coupage,Bottle 375ml,"€ 17,76 per litre"
Wild Blond,"€ 12,41",Belgium,3.60,Brouwerij Eylenbosch,7%,Farmhouse Ale - Bière de Coupage,Bottle 750ml,"€ 16,55 per litre"
De la Senne Zenne Pils,"€ 2,54",Belgium,3.48,Brasserie de la Senne,4.9%,Pilsner - Other,330ml,"€ 7,70 per litre"
Prune 2022,"€ 12,00",United States,3.48,Sacrilege Brewing Project,5.3%,Pale Ale - American,Bottle 750ml,"€ 16,00 per litre"
Brewing Carte Blanche,"€ 2,99",France,3.56,The Piggy Brewing Company,5%,Wheat Beer - American Pale Wheat,Can 330ml,"€ 9,06 per litre"
Tilquin: Airelle Sauvage 2022,"€ 11,95",Belgium,4.15,Gueuzerie Tilquin,6.5%,Lambic - Fruit,Bottle 375ml,"€ 31,87 per litre"
Tilquin: Peche Jaune 2023,"€ 12,75",Belgium,4.13,Gueuzerie Tilquin,7%,Lambic - Fruit,Bottle 375ml,"€ 34,00 per litre"
St. Bernardus Abt 12,"€ 3,20",Belgium,4.00,Brouwerij St.Bernardus,10%,Belgian Quadrupel,330ml,"€ 9,70 per litre"
Westmalle Triple,"€ 9,20",Belgium,3.81,Brouwerij der Trappisten van Westmalle,9.5%,Belgian Tripel,Bottle 750ml,"€ 12,27 per litre"
Westmalle Triple,"€ 3,10",Belgium,3.81,Brouwerij der Trappisten van Westmalle,9.5%,Belgian Tripel,330ml,"€ 9,39 per litre"
Mindsplosion,"€ 12,90",United States,4.27,Imprint Beer Co.,6.2%,Sour - Fruited,473ml,"€ 27,27 per litre"
Perennial: Weird Era 2022,"€ 24,95",United States,4.06,Perennial Artisan Ales,5.3%,Lambic - Gueuze,Bottle 750ml,"€ 33,27 per litre"
Barrique: Vitis Cerevisiae,"€ 21,95",United States,4.30,Barrique Brewing and Blending,9%,Grape Ale - Other,500ml,"€ 43,90 per litre"
Barrique: Prince Cherry,"€ 21,40",United States,4.26,Barrique Brewing and Blending,6.7%,Sour - Fruited,500ml,"€ 42,80 per litre"
Barrique: Two Season Yellow Nectarine,"€ 21,95",United States,4.21,Barrique Brewing and Blending,6.5%,Wild Ale - American,500ml,"€ 43,90 per litre"
Cyclic Beer Farm: CC,"€ 11,99",Spain,4.02,Cyclic Beer Farm,5.6%,Wild Ale - Other,Bottle 750ml,"€ 15,99 per litre"
Movin And Groovin,"€ 10,30",United States,3.93,Little Willow Brewing Company,7.5%,Sour - Fruited,473ml,"€ 21,78 per litre"
Tropical Vibes,"€ 11,20",United States,3.92,Vitamin Sea Brewing,6%,Sour - Fruited,473ml,"€ 23,68 per litre"
Oude Roussanne Tilquin à l'Ancienne (2021-2022),"€ 19,95",Belgium,4.20,Gueuzerie Tilquin,8%,Lambic - Fruit,Bottle 750ml,"€ 26,60 per litre"
Strawberry Sundae,"€ 4,50",Scotland,3.95,Vault City Brewing,5%,Sour - Fruited,Can 440ml,"€ 10,23 per litre"
Blond,"€ 2,40",Belgium,3.60,Brasserie Lupulus,8.5%,Belgian Tripel,330ml,"€ 7,27 per litre"
Hel & Verdoemenis Imperial Stout,"€ 3,35",Netherlands,3.85,Brouwerij de Molen,10%,Stout - Russian Imperial,330ml,"€ 10,15 per litre"
Vollenhoven Extra Stout,"€ 3,65",Netherlands,3.49,Brouwerij Poesiat & Kater,7.1%,Stout - Foreign / Export,Can 330ml,"€ 11,06 per litre"
10-4-22,"€ 17,69",Canada,4.02,Indie Alehouse,11.5%,Belgian Quadrupel,Can 330ml,"€ 11,06 per litre"
De Dochter V/d Korenaar L'ensemble,"€ 4,99",Belgium,3.94,Brouwerij De Dochter van de Korenaar,13%,Barleywine - English,Can 330ml,"€ 11,06 per litre"
Örter i Mörker,"€ 17,99",United States,3.96,Jester King Brewery,7.9%,Wild Ale - American,Bottle 750ml,"€ 23,99 per litre"
Caramel Fudge Stout Grape Brandy,"€ 4,75",Netherlands,4.01,Brouwerij Kees,11%,Stout - Imperial / Double Pastry,330ml,"€ 14,39 per litre"
Caramel Fudge Stout Almonds,"€ 3,75",Netherlands,3.82,Brouwerij Kees,11%,Stout - Imperial / Double Pastry,330ml,"€ 11,36 per litre"
Caramel Fudge Stout Grape Brandy,"€ 4,75",Netherlands,4.01,Brouwerij Kees,11%,Stout - Imperial / Double Pastry,330ml,"€ 14,39 per litre"
Aupa Tovarisch Porto BA,"€ 6,69",Spain,4.18,Laugar Brewery,12%,Stout - Russian Imperial,330ml,"€ 20,27 per litre"
IJ IPA,"€ 2,75",Netherlands,3.68,Brouwerij 't IJ,6.5%,Wheat Beer - Witbier / Blanche,330ml,"€ 8,33 per litre"
Natte Dubbel,"€ 2,60",Netherlands,3.38,Brouwerij 't IJ,6.5%,Belgian Dubbel,330ml,"€ 7,88 per litre"
Rock City / Magic Rock Stonecold IPA,"€ 5,95",Netherlands,3.67,Rock City Brewing,7%,IPA - Cold,Can 440ml,"€ 13,52 per litre"
Indian Summer Doppelbock Maple Edition,"€ 4,60",Netherlands,3.46,Brouwerij Kees,8.9%,Bock - Doppelbock,330ml,"€ 13,94 per litre"
Pourparlers BIO,"€ 12,35",France,3.77,Sacrilège,6.3%,Farmhouse Ale - Saison,Bottle 750ml,"€ 16,47 per litre"
Teamwork,"€ 4,89",Czech Republic,3.71,Axiom Brewery,15%,IPA - New England / Hazy,500ml,"€ 9,78 per litre"
150 Watt,"€ 3,50",Netherlands,3.63,100 Watt Brewery,10%,Belgian Quadrupel,330ml,"€ 10,61 per litre"
Common Sense,"€ 3,91",Czech Republic,3.58,Axiom Brewery,15%,Pale Ale - American,500ml,"€ 7,82 per litre"
Churro Puffs,"€ 30,00",United States,4.28,Equilibrium Brewery,11%,Stout - Imperial / Double Pastry,Bottle 500ml,"€ 60,00 per litre"
Sans Pardon Russian Imperial Stout,"€ 4,25",Belgium,3.83,Brouwerij De Dochter van de Korenaar,11%,Stout - Russian Imperial,330ml,"€ 12,88 per litre"
Quadrupel,"€ 3,40",Netherlands,3.57,Grutte Pier Brouwerij,9.5%,Belgian Quadrupel,330ml,"€ 10,30 per litre"
Blond,"€ 2,85",Netherlands,3.31,Grutte Pier Brouwerij,4.5%,Belgian Blonde,330ml,"€ 8,64 per litre"
Enjoy the Silence,"€ 3,97",Netherlands,3.75,Brouwerij Kees,11%,Belgian Quadrupel,330ml,"€ 12,03 per litre"
Prunus Persica - Pêche Jaune 2022,"€ 29,95",Switzerland,4.16,Brasserie L'Apaisée,6%,Sour - Fruited,Bottle 750ml,"€ 39,93 per litre"
Mes Anges,"€ 29,25",Switzerland,4.14,Brasserie L'Apaisée,6.2%,Wild Ale - Other,Bottle 750ml,"€ 39,00 per litre"
Rheum Rheum 2022,"€ 30,75",Switzerland,4.13,Brasserie L'Apaisée,5.5%,Wild Ale - Other,Bottle 750ml,"€ 41,00 per litre"
Marc de Gamaret,"€ 29,25",Switzerland,4.09,Brasserie L'Apaisée,6.8%,Grape Ale - Other,Bottle 750ml,"€ 39,00 per litre"
Cidre Extra Brut Bourbon BA,"€ 33,55",Switzerland,4.04,Brasserie L'Apaisée,9.3%,Cider - Dry,Bottle 750ml,"€ 44,73 per litre"
IMPERIAL STOUT - HOT SAUCE (Avery Island) BA 8 Et 12 Mois,"€ 6,77",France,3.81,Popihn,12%,Stout - Imperial / Double,330ml,"€ 20,52 per litre"
Bourbon Barrel Aged Weekend ( 2020)  – Barrel Aged Imperial Stout,"€ 18,95",United States,4.46,Prairie Artisan Ales,14.2%,Stout - Imperial / Double Pastry,350ml,"€ 54,14 per litre"
Oude Geuze Cuvee Armand & Gaston Botteld 14/11/17,"€ 27,50",Belgium,4.46,Brouwerij 3 Fonteinen,5.2%,Lambic - Gueuze,Bottle 750ml,"€ 36,67 per litre"
Hommage Bio Frambozen Assemblage N 42 seizoen 18/19,"€ 43,45",Belgium,4.33,Brouwerij 3 Fonteinen,5.8%,Lambic - Framboise,Bottle 750ml,"€ 57,93 per litre"
Atocha 2020 – Brandy Barrel Aged Imperial Stout,"€ 29,50",Spain,4.32,Cervecera Península,13.5%,Stout - Imperial / Double,Bottle 750ml,"€ 39,33 per litre"
Rackhouse Vanilla Dreams  -Barrel Aged Imperial Stout,"€ 21,95",Norway,4.31,LERVIG,13.1%,Stout - Imperial / Double,Bottle 375ml,"€ 58,53 per litre"
Oude Kriek Intens Rood (2018/2019Jahrgang ) Assemblage N 112 Seizoen 18/19,"€ 32,45",Belgium,4.28,Brouwerij 3 Fonteinen,6.6%,Lambic - Kriek,Bottle 750ml,"€ 43,27 per litre"
Oude Geuze Cuvée Armand & Gaston (Season 19|20) Blend No. 4,"€ 26,45",Belgium,4.27,Brouwerij 3 Fonteinen,7%,Lambic - Gueuze,Bottle 750ml,"€ 35,27 per litre"
Tilquin Oude Pinot Noir à l'Ancienne 2019-2020,"€ 23,55",Belgium,4.26,Gueuzerie Tilquin,8.1%,Lambic - Fruit,Bottle 750ml,"€ 31,40 per litre"
Pun KXNG Shake,"€ 24,50",United States,4.25,Mikkeller Brewing San Diego,13.5%,Stout - Imperial / Double,500ml,"€ 49,00 per litre"
Hybrid Sequence 0.005 Brand  Cabernet Franc 2017 – Barrel Aged Wild Ale,"€ 23,95",Germany,4.24,Freigeist Bierkultur/ Stillwater Artisanal,6.7%,Wild Ale - American,Bottle 750ml,"€ 31,93 per litre"
Hybrid Sequence 0.001 Völker  Regent 2017 – Barrel Aged Wild Ale,"€ 23,95",Germany,4.21,Freigeist Bierkultur/ Stillwater Artisanal,6.2%,Wild Ale - American,Bottle 750ml,"€ 31,93 per litre"
Misce Barrel Aged Serie N.132,"€ 9,75",Germany,4.17,Brauerei Lemke,12.5%,Stout - Imperial / Double,330ml,"€ 29,55 per litre"
Oude Quetsche Tilquin à l'Ancienne,"€ 22,55",Belgium,4.17,Gueuzerie Tilquin,6.4%,Lambic - Fruit,Bottle 750ml,"€ 30,07 per litre"
Aoltbeer – Blend 2020-04 – Sour Ale,"€ 19,50",Germany,4.16,Kemker Kultuur (Brauerei J. Kemker),6%,Sour - Fruited,Bottle 750ml,"€ 26,00 per litre"
Barrel Project 20.05 – Barrel Aged Porter,"€ 6,65",Netherlands,4.15,Brouwerij Kees,10.9%,Porter - Imperial / Double,330ml,"€ 20,15 per litre"
Tilquin Gueuze a L'Ancienne,"€ 9,25",Belgium,4.14,Gueuzerie Tilquin,7%,Lambic - Fruit,Bottle 375ml,"€ 24,67 per litre"
Cupam Rye Wisky Barrel Aged Imperial Stout,"€ 8,75",Germany,4.13,Brauerei Lemke,14%,Stout - Imperial / Double,330ml,"€ 26,52 per litre"
Hybrid Sequence 0.002 Völker  Silvaner 2017 – Barrel Aged Wild Ale,"€ 23,95",Germany,4.12,Freigeist Bierkultur/ Stillwater Artisanal,6.4%,Wild Ale - American,Bottle 750ml,"€ 31,93 per litre"
Colossus Barley Wine Aged in Wisky Barrels,"€ 7,95",Spain,4.11,La Calavera,13.8%,Barleywine - Other,Bottle 375ml,"€ 21,20 per litre"
Sour Ale – Blended with Theobroma Grandiflorum – Wild Ale,"€ 10,95",Portugal,4.10,Wildery Brutal Blends,5%,Wild Ale - Other,Bottle 375ml,"€ 29,20 per litre"
Oude Luiaard – Wild Ale,"€ 11,95",Italy,4.10,Ca' del Brado/ Oud Beersel,7.1%,Sour - Other,Bottle 375ml,"€ 31,87 per litre"
Zima – Barley Wine,"€ 7,25",Czech Republic,4.09,Sibeeria,11.4%,Barleywine - American,330ml,"€ 21,97 per litre"
Hybrid Sequence 0.003 Völker  Bacchus 2017 – Barrel Aged Wild Ale,"€ 23,95",United States,4.08,Stillwater Artisanal,6.5%,Wild Ale - American,Bottle 750ml,"€ 31,93 per litre"
Barrel Project Bierglas 330 ml,"€ 6,50",Netherlands,4.07,Brouwerij Kees,11.5%,Barleywine - Other,330ml,"€ 19,70 per litre"
Oude Geuze 18|19,"€ 10,95",Belgium,4.06,Brouwerij 3 Fonteinen,6.7%,Lambic - Gueuze,Bottle 375ml,"€ 29,20 per litre"
Aoltbeer 08-2021 Silvaner – Barrel Aged Sour Ale,"€ 18,55",Germany,4.06,Kemker Kultuur (Brauerei J. Kemker),7%,Sour - Fruited,Bottle 750ml,"€ 24,73 per litre"
Slyrs – Oak Aged Imperial Stout Jahrgang 2021,"€ 11,95",Germany,4.05,Hoppebräu,11.2%,Stout - Imperial / Double,Bottle 375ml,"€ 31,87 per litre"
2020 Barley Wine im Madeirafass Gereift – MHD 31.12.2022,"€ 23,95",Germany,4.05,Hopfenhäcker,9.8%,Barleywine - Other,Bottle 750ml,"€ 31,93 per litre"
Armchair Detective Celler Series – Imperial Baltic Porter ( Aged in a Blend od XO Cognac Barrels),"€ 10,95",Estonia,4.05,Põhjala,12%,Porter - Imperial / Double Baltic,330ml,"€ 33,18 per litre"
Sticky Mousetrap –  Barley Wine aged on Bourbon and Scotch Barrels,"€ 6,95",Netherlands,4.05,Brouwerij Frontaal,12%,Barleywine - Other,330ml,"€ 21,06 per litre"
Sei de Montagne – Sour Ale,"€ 12,95",Italy,4.05,Ca' del Brado,7.4%,Sour - Other,Bottle 375ml,"€ 34,53 per litre"
Gemenc Illusion – Barrel Aged Russian Imperial Stout,"€ 8,49",Hungary,4.05,Fehér Nyúl,9.5%,Stout - Russian Imperial,330ml,"€ 25,73 per litre"
Glen Floral – Barrel Aged Baltic Porter,"€ 8,49",Hungary,4.05,Fehér Nyúl,9.8%,Porter - Baltic,330ml,"€ 25,73 per litre"
Churchwarden BA 2019 Vol.1 – Barrel Aged Imperial Stout,"€ 6,95",Netherlands,4.04,Brouwerij Frontaal,11%,Stout - Imperial / Double,330ml,"€ 21,06 per litre"
Sour Ale Strong – Wild Ale,"€ 9,25",Portugal,4.04,Wildery Brutal Blends,7%,Wild Ale - Other,Bottle 375ml,"€ 24,67 per litre"
Gagat – Port Barrel Aged Imperial Stout,"€ 6,45",Germany,4.04,Atelier der Braukünste,8.7%,IPA - Imperial / Double,330ml,"€ 19,55 per litre"
Hipster for Christmas ( 2020 ) – Barrel Aged Barley Wine,"€ 12,95",Norway,4.04,LERVIG,13.1%,Barleywine - Other,330ml,"€ 39,24 per litre"
Barrel Project 18.15 – Barrel Aged Barley Wine – MHD 31.12.2023,"€ 6,65",Netherlands,4.04,Brouwerij Kees,11.3%,Barleywine - Other,330ml,"€ 20,15 per litre"
Godless – Wild Ale – Red Wine Barrel Aged,"€ 6,95",Spain,4.03,La Calavera,8.5%,Sour - Other,Bottle 375ml,"€ 18,53 per litre"
Cuvee de Zrisa – Fruited Wild Ale – MHD 31.09.2024,"€ 9,95",Italy,4.02,Ca' del Brado,7.8%,Sour - Fruited,Bottle 375ml,"€ 26,53 per litre"
Barrel Project 19.04 – Barrel Aged Porter,"€ 6,95",Netherlands,4.01,Brouwerij Kees,11%,Porter - Imperial / Double,330ml,"€ 21,06 per litre"
"Tilquin Gueuze a L'Ancienne 0,75 Liter – 2018-2019","€ 17,50",Belgium,4.00,Gueuzerie Tilquin,7%,Lambic - Gueuze,Bottle 750ml,"€ 23,33 per litre"
Infintiy – Imperial Porter,"€ 8,45",Poland,4.00,Browar Rockmill,12%,Porter - Imperial / Double,500ml,"€ 16,90 per litre"
Zena – Wild Gose,"€ 11,95",Italy,3.99,Ca' del Brado,6.4%,Sour - Other Gose,Bottle 375ml,"€ 31,87 per litre"
Gutenberg Bock Barrel Aged – Barrel Aged Bockbier ( 6 Monate im Calvados Fass gereift ) – MHD 12.11.2023,"€ 7,25",Germany,3.97,KUEHN KUNZ ROSEN,9%,Bock - Doppelbock,330ml,"€ 21,97 per litre"
Taste of the Cretan Sun Coolship Edition – Barrel Aged Sour Beer,"€ 20,75",Germany,3.97,Freigeist Bierkultur,6%,Sour - Fruited,Bottle 750ml,"€ 27,67 per litre"
Spontan Cherry Frederiksdal 2020,"€ 17,50",Denmark,3.96,Mikkeller,7.2%,Lambic - Kriek,Bottle 375ml,"€ 46,67 per litre"
Hell to Glass – Imperial Stout Aged in Wisky Barrels with Chile Chipotle,"€ 7,95",Spain,3.95,Drunken Bros/ La Calavera,13%,Stout - Imperial / Double,Bottle 375ml,"€ 21,20 per litre"
Oostvleteren 12 Sint Amatus Reserva 2018 – Belgisches Quadruple,"€ 6,75",Belgium,3.94,De Struise Brouwers,10.5%,Belgian Quadrupel,330ml,"€ 20,45 per litre"
Soue Ale Light – Wild Ale,"€ 9,25",Portugal,3.94,Wildery Brutal Blends,4%,Wild Ale - Other,Bottle 375ml,"€ 24,67 per litre"
Invernomuto – Wild Farmhouse Ale,"€ 11,95",Italy,3.93,Ca' del Brado,6.8%,Farmhouse Ale - Brett,Bottle 375ml,"€ 31,87 per litre"
Benny- Barrel Aged Baltic Porter,"€ 8,95",Hungary,3.92,Fehér Nyúl,9.8%,Porter - Baltic,330ml,"€ 27,12 per litre"
Cuvee  – Imperial Red Sour Aged in Oloroso Barrels,"€ 7,45",Spain,3.92,La Calavera,9%,Sour - Other,Bottle 375ml,"€ 19,87 per litre"
Albino Sour Assassin,"€ 7,95",Scotland,3.91,OverWorks,8.5%,Red Ale - Other,330ml,"€ 24,09 per litre"
Gerstenwein 2021 – Cognac Barrel Aged Barley Wine,"€ 19,50",Germany,3.91,Tyrell BrauKunstAtelier,10.1%,Barleywine - Other,Bottle 750ml,"€ 26,00 per litre"
Aoltbeer 07-2021 Pinot Noir,"€ 18,25",Germany,3.90,Kemker Kultuur (Brauerei J. Kemker),7%,Sour - Other,Bottle 750ml,"€ 24,33 per litre"
Flora Flower Sour 2020,"€ 19,25",Germany,3.89,Schneeeule,3.8%,Wild Ale - Other,Bottle 750ml,"€ 25,67 per litre"
Flora Flower Sour 2020 Spezial,"€ 22,45",Germany,3.89,Schneeeule,3.5%,Wild Ale - Other,Bottle 750ml,"€ 29,93 per litre"
Barrel Project 20.04 – Barrel Aged Porter – MHD 12.08.2024,"€ 5,95",Netherlands,3.88,Brouwerij Kees,11%,Porter - Imperial / Double,330ml,"€ 18,03 per litre"
Heimwee – Wild Sauer Ale,"€ 9,45",Germany,3.86,Kemker Kultuur (Brauerei J. Kemker)/ Nevel Wild Ales,5.5%,Wild Ale - Other,Bottle 375ml,"€ 25,20 per litre"
Peaty Hug – Barrel Aged Baltic Porter,"€ 8,49",Hungary,3.86,Fehér Nyúl,9.8%,Porter - Baltic,330ml,"€ 25,73 per litre"
Scottie Piper – Barrel Aged Baltic Porter,"€ 8,49",Hungary,3.85,Fehér Nyúl,9.8%,Porter - Baltic,330ml,"€ 25,73 per litre"
Russian Imperial Stout 2018 – MHD 15.04.2024,"€ 19,95",Hungary,3.85,Fehér Nyúl,8.2%,Stout - Russian Imperial,Bottle 750ml,"€ 26,60 per litre"
"Iconclast – Sour Saison mit Pfirsich , Pflaume Barrel aged in Rotwein Fässern","€ 7,95",Spain,3.84,La Calavera/ Spontanist,6.7%,Sour - Fruited,Bottle 375ml,"€ 21,20 per litre"
Rasperry & Funk – Farmhouse Ale,"€ 28,50",Hungary,3.84,Mad Scientist,5.7%,Sour - Smoothie / Pastry,Bottle 750ml,"€ 38,00 per litre"
Aplomb Bomb,"€ 9,25",Scotland,3.84,OverWorks,6%,Sour - Fruited,500ml,"€ 18,50 per litre"
Amis Volume 4 – Barrel Aged Fruited Gose,"€ 22,45",Germany,3.83,Freigeist Bierkultur/ Stillwater Artisanal,7.4%,Sour - Traditional Gose,Bottle 750ml,"€ 29,93 per litre"
August – Saurer Bock,"€ 18,95",Germany,3.83,Schneeeule,6.5%,Sour - Other,Bottle 750ml,"€ 25,27 per litre"
Cool & Dark Decoction – Barrel Aged Sour Wild Ale,"€ 20,75",Germany,3.82,Freigeist Bierkultur/ Pizza Port Brewing Company,6.8%,Sour - Other,Bottle 750ml,"€ 27,67 per litre"
Botanical Roots – Barrel Aged Wid Ale,"€ 27,75",Hungary,3.81,Mad Scientist,6.3%,IPA - New England / Hazy,Bottle 750ml,"€ 37,00 per litre"
Alte Jahrgangsweisse – Berliner Weisse,"€ 19,25",Germany,3.80,Schneeeule,6%,Märzen,Bottle 750ml,"€ 25,67 per litre"
Jackalope King,"€ 7,95",Scotland,3.80,OverWorks,6.5%,Sour - Fruited,330ml,"€ 24,09 per litre"
Surreal Cereal – Barrel Aged ( 9 Monate im Glengoyne Wisky Fass gereift ) Edition 2021,"€ 7,25",Germany,3.79,KUEHN KUNZ ROSEN,8.5%,Stout - Imperial / Double Oatmeal,330ml,"€ 21,97 per litre"
Cait Sidhe – Barrel Aged Imperial Stout,"€ 8,45",Spain,3.77,La Pirata Brewing,9%,Stout - Russian Imperial,330ml,"€ 25,61 per litre"
Lustiger Peter – Wild Ale,"€ 19,25",Germany,3.77,Schneeeule,4.5%,Wild Ale - Other,Bottle 750ml,"€ 25,67 per litre"
Agua de Valencia Brut – Brut Spiced Ale,"€ 19,45",Germany,3.75,Freigeist Bierkultur/ Pirate Brew Berlin/ Yria Cervezas,9%,Bière de Champagne / Bière Brut,Bottle 750ml,"€ 25,93 per litre"
Byeast –  Barrel Aged Wild Ale,"€ 8,75",Germany,3.75,Brauerei Lemke,7%,Wild Ale - Other,330ml,"€ 26,52 per litre"
Arcade City – Barrel Aged Sour,"€ 7,95",Scotland,3.74,OverWorks,10%,Stout - Imperial / Double,330ml,"€ 24,09 per litre"
"Schlehe 2016 – Barrel Aged over 2,5 Years in Wodden Barrels","€ 20,75",Germany,3.74,Freigeist Bierkultur,6%,Sour - Fruited,Bottle 750ml,"€ 27,67 per litre"
Barreloso – Barrel Aged Scotch Ale,"€ 8,95",Hungary,3.73,Fehér Nyúl,7%,Scotch Ale / Wee Heavy,330ml,"€ 27,12 per litre"
Kriekerik II,"€ 18,45",Estonia,3.73,Tanker Brewery,6.6%,Sour - Fruited,Bottle 750ml,"€ 24,60 per litre"
Mulfunction – Farmhouse Ale with Mulberries,"€ 28,50",Hungary,3.72,Mad Scientist,5.5%,IPA - New England / Hazy,Bottle 750ml,"€ 38,00 per litre"
Dolio – Imperial Stout,"€ 5,45",Germany,3.69,Brauerei Lemke,11%,Stout - Imperial / Double,330ml,"€ 16,52 per litre"
Flivver – Barley Wine,"€ 5,45",Czech Republic,3.67,Axiom Brewery,11%,Barleywine - American,330ml,"€ 16,52 per litre"
Äbbeltizer – Barrel Aged Bock – Edition 2021 / 9 Monate im Calvados Fass gereift,"€ 6,95",Germany,3.66,KUEHN KUNZ ROSEN,6.7%,Cider - Graff,330ml,"€ 21,06 per litre"
Enjoy After 12.24.16 – Brett IPA,"€ 18,45",United States,3.66,Stone Brewing,7%,IPA - Brett,500ml,"€ 36,90 per litre"
Barley Wine 2019 – Barley Wine,"€ 8,49",Hungary,3.64,Fehér Nyúl,10.5%,Barleywine - American,330ml,"€ 25,73 per litre"
Keasch – Kriek Jahrgang 2021,"€ 8,75",Germany,3.52,Hoppebräu,5.5%,Sour - Fruited,Bottle 375ml,"€ 23,33 per litre"
Braureserve 1237 – Barley Wine,"€ 12,95",Germany,3.51,Brauhaus Faust - Miltenberg,10.9%,Barleywine - English,330ml,"€ 39,24 per litre"
Quadrupel,"€ 5,95",Poland,3.50,Trzech Kumpli,12.5%,Belgian Quadrupel,330ml,"€ 18,03 per litre"
Apricot & Funk – Farmhouse Ale,"€ 27,75",Hungary,3.49,Mad Scientist,6%,Sour - Fruited Gose,Bottle 750ml,"€ 37,00 per litre"
Indian Summer – Doppelbock,"€ 4,95",Netherlands,3.46,Brouwerij Kees,10%,Bock - Doppelbock,330ml,"€ 15,00 per litre"
LOVE CRAFT BEER HATE FASCISM,"€ 13,95",Spain,3.46,La Calavera,5.1%,Wheat Beer - American Pale Wheat,330ml,"€ 15,00 per litre"
Pink Nett – Bier Wein Hybrid,"€ 5,65",Germany,3.27,KUEHN KUNZ ROSEN,5.5%,Grape Ale - Other,330ml,"€ 17,12 per litre"
Frank Hexentäler Stout – Jahrgang 2021,"€ 2,95",Germany,3.22,Die Brauhandwerker,6.9%,Stout - Oatmeal,330ml,"€ 8,94 per litre"
Budike Weisse – Berliner Weisse,"€ 3,75",Germany,3.12,Brauerei Lemke,3.5%,Sour - Berliner Weisse,330ml,"€ 11,36 per litre"
Unser Täglich Bier gib uns Heute – Hardcover,"€ 32,90",Germany,3.12,,3.5%,Sour - Berliner Weisse,330ml,"€ 11,36 per litre"
Unser Täglich Bier gib uns Heute – Paperback,"€ 26,90",Germany,3.12,,3.5%,Sour - Berliner Weisse,330ml,"€ 11,36 per litre"
Double Barrel Dark Apparition- Aged in Bourbon Barrels and White Port Casks (2022),"€ 21,45",United States,4.49,Jackie O's Brewery,14.5%,Stout - Russian Imperial,Bottle 375ml,"€ 57,20 per litre"
Butter Pecan Maple Stout (2022) – Aged in Maple Syrup Barrels with Maple and Natural Flavoring,"€ 42,50",United States,4.40,Central Waters Brewing Company,10.5%,Stout - Imperial / Double,Bottle 650ml,"€ 65,38 per litre"
Rare Dos – Wisky Barrel Aged Imperial Stout Aged two Years Buffalo Trace,"€ 34,95",United States,4.36,Cycle Brewing Company,13%,Stout - Imperial / Double,Bottle 650ml,"€ 53,77 per litre"
Mansueto 2022 – Barrel Aged Barley Wine Blend,"€ 16,95",Italy,4.33,CRAK Brewery,13%,Barleywine - Other,Bottle 375ml,"€ 45,20 per litre"
Bourbon Barrel Dark Apparition – (2022),"€ 21,45",United States,4.33,Jackie O's Brewery,12.8%,Stout - Russian Imperial,Bottle 375ml,"€ 57,20 per litre"
"Thursday 2022 – 3 Years Aged Stout with Maple, Kokosnuss + Kaffee","€ 34,95",United States,4.33,Cycle Brewing Company,12%,Stout - Imperial / Double Coffee,Bottle 650ml,"€ 53,77 per litre"
Friday 2022 – Barrel Aged Stout in Chocolate Rye Barrels with Coconut and Almound,"€ 34,95",United States,4.32,Cycle Brewing Company,12%,Stout - Imperial / Double,Bottle 750ml,"€ 46,60 per litre"
Rare Dos – Wisky Barrel Aged Imperial Stout Aged one Year – R1 Rare Dos,"€ 34,95",United States,4.31,Cycle Brewing Company,12%,Stout - Imperial / Double,Bottle 650ml,"€ 53,77 per litre"
Barrel Aged Hazelnut Imperial Stout wiht Cacao Nibs 2021,"€ 34,95",United States,4.26,Cycle Brewing Company,11.5%,Stout - Imperial / Double Pastry,Bottle 650ml,"€ 53,77 per litre"
Cuvée 2022  – Wild Ale,"€ 34,50",Netherlands,4.26,Tommie Sjef,7%,Wild Ale - Other,Bottle 750ml,"€ 46,00 per litre"
Rare Dos – Wisky Barrel Aged Imperial Stout Aged over 2 Years – Heaven Hill,"€ 34,95",United States,4.26,Cycle Brewing Company,13%,Stout - Imperial / Double,Bottle 650ml,"€ 53,77 per litre"
Maple Barrel Stout (2022) – Aged in Maple Syrup Barrels,"€ 32,45",United States,4.24,Central Waters Brewing Company,10.5%,Stout - Imperial / Double,Bottle 650ml,"€ 49,92 per litre"
Paragon 2021 – Bourbon Barrel Aged Barley Wine,"€ 22,95",Norway,4.24,LERVIG,13.8%,Barleywine - Other,Bottle 375ml,"€ 61,20 per litre"
Phantom Lord – Imperial Stout aged for 12 Months in Heaven Hill Bourbon Barrels,"€ 24,95",Germany,4.24,FrauGruber Brewing,13.8%,Stout - Imperial / Double,500ml,"€ 49,90 per litre"
I've got Friends in the Music Business B.A Blend #3,"€ 10,95",Netherlands,4.23,Brouwerij Frontaal/ The Bruery,14%,Stout - Imperial / Double,330ml,"€ 33,18 per litre"
Voodoo Priest – Imperial Stout Aged in Brandy Cheery Barrels,"€ 27,75",Germany,4.22,FrauGruber Brewing,13.8%,Stout - Imperial / Double,500ml,"€ 55,50 per litre"
"Neapolitan Bourbon Barrel Dark Apparition – Aged in Bourbon Barrels and Conditioned on Vanilla , Cacao and Strawberrys","€ 21,45",United States,4.21,Jackie O's Brewery,11.3%,Stout - Russian Imperial,Bottle 375ml,"€ 57,20 per litre"
Tuesday 2022 – 2 Years Aged Stout in Chocolate Rye Barrels,"€ 34,95",United States,4.19,Cycle Brewing Company,12%,Stout - Imperial / Double,Bottle 750ml,"€ 46,60 per litre"
Heavy Breathing – Imperial Stout mit Kakao und Salzigem Karamell,"€ 9,95",Romania,4.19,Bereta Brewing Co.,10.8%,Stout - Imperial / Double,330ml,"€ 30,15 per litre"
Rackhouse Ambience – Wild Ale,"€ 21,95",Norway,4.18,LERVIG,6%,Wild Ale - Other,Bottle 750ml,"€ 29,27 per litre"
Rho – Imperial Stout,"€ 24,95",United States,4.18,Equilibrium Brewery,11%,Stout - Imperial / Double Coffee,Bottle 750ml,"€ 33,27 per litre"
Pinot Meunier à l'Ancienne 2020-2021 – Frucht Lambic,"€ 24,95",Belgium,4.15,Gueuzerie Tilquin,7.9%,Lambic - Fruit,Bottle 750ml,"€ 33,27 per litre"
Assemblage No3 Annee 2021 – Wild Ale,"€ 24,95",France,4.15,Popihn Sauvages,6%,Wild Ale - Other,Bottle 750ml,"€ 33,27 per litre"
Aoltbeer – Green Walnut – 12-2021 – Rotwein & Cognac Barrel Aged,"€ 21,95",Germany,4.15,Kemker Kultuur (Brauerei J. Kemker),6%,Sour - Other,Bottle 750ml,"€ 29,27 per litre"
Rackhouse Ripple – Fruited Sour,"€ 25,95",Norway,4.12,LERVIG,8.3%,Sour - Fruited,Bottle 750ml,"€ 34,60 per litre"
XII Anniversary Stout – Bourbon Barrel Aged Imperial Stout,"€ 10,95",United States,4.12,Odd Side Ales,16.9%,Stout - Imperial / Double,330ml,"€ 33,18 per litre"
20 Gipfe 22 – Apricoat Brandy Barrel Aged Imperial Saison,"€ 16,45",Austria,4.11,Bierol,9.5%,IPA - Triple,500ml,"€ 32,90 per litre"
Aoltbeer 02-2021 Mirabelle – Barrel Aged Sour Ale – MHD 15.02.2024,"€ 22,95",Germany,4.10,Kemker Kultuur (Brauerei J. Kemker),6%,Sour - Other,Bottle 750ml,"€ 30,60 per litre"
Georg I. 2021 – Bier Wein Hybrid,"€ 9,95",Germany,4.09,Flügge,14.2%,Grape Ale - Other,330ml,"€ 30,15 per litre"
Belize Edition 2022 – Barrel Aged Imperial Stout,"€ 24,95",Germany,4.08,BrewHeart,12%,Stout - Imperial / Double,500ml,"€ 49,90 per litre"
Wild Turkey Edition – Barrel Aged Imperial Stout,"€ 24,95",Germany,4.07,BrewHeart,12%,Stout - Imperial / Double,500ml,"€ 49,90 per litre"
Rum Barrel Aged Imperial Stout – 16 Monate gelagert.,"€ 24,95",Germany,4.06,BrewHeart,12%,Stout - Imperial / Double Pastry,500ml,"€ 49,90 per litre"
Winter – Farmhouse Ale – MHD 15.02.2024,"€ 15,75",Germany,4.06,Kemker Kultuur (Brauerei J. Kemker),7%,Historical Beer - Gruit / Ancient Herbed Ale,Bottle 750ml,"€ 21,00 per litre"
Oude Gueuze Tilquin A L'ancienne 2020-2021,"€ 17,95",Belgium,4.06,Gueuzerie Tilquin,7%,Lambic - Gueuze,Bottle 750ml,"€ 23,93 per litre"
Kaffirweisse mit Kaffirlimeten und Ingwerwurzel – Jahrgang 2022,"€ 19,60",Germany,4.04,Tyrell BrauKunstAtelier,9.8%,Sour - Berliner Weisse,Bottle 750ml,"€ 26,13 per litre"
Mirabello – White Wine Barrel Aged with Plums and Mirabelle Wild Ale,"€ 17,95",Finland,4.03,Salama Brewing Company,7.7%,Wild Ale - American,Bottle 375ml,"€ 47,87 per litre"
Out in the Open – Bourbon Barrel Aged Imperial Stout,"€ 6,95",Netherlands,4.01,Brouwerij Frontaal,11%,Stout - Imperial / Double,330ml,"€ 21,06 per litre"
Uncle Jam's Brewhouse Tales – #10 – Imperial Balkan Stout – MHD 23.05.2024,"€ 7,25",Bulgaria,4.01,Пивоварна Мелтум (Meltum Brewery),10%,Stout - Imperial / Double Pastry,330ml,"€ 21,97 per litre"
Austin Apricot & Peach – Farmhouse Ale,"€ 17,95",United States,4.00,Equilibrium Brewery,6%,Farmhouse Ale - Other,Bottle 375ml,"€ 47,87 per litre"
Barrel Aged Imperial Coconut Porter- 1 Jahr im Slyrs Fass,"€ 8,95",Germany,4.00,Bootshaus Brauerei,10.7%,Porter - Imperial / Double,Bottle 250ml,"€ 35,80 per litre"
All Wise – Imperial Stout ( Colab Equilibrium ),"€ 12,95",Sweden,3.99,Omnipollo,11%,Stout - Imperial / Double Pastry,330ml,"€ 39,24 per litre"
Venn – Barrel Aged Redwine Gruitbier,"€ 16,75",Germany,3.98,Kemker Kultuur (Brauerei J. Kemker),6%,Historical Beer - Gruit / Ancient Herbed Ale,Bottle 750ml,"€ 22,33 per litre"
Barrel Aged Imperial Stout – 1 Jahr im Slyrs Fass,"€ 8,95",Germany,3.98,Bootshaus Brauerei,11.9%,Stout - Imperial / Double,Bottle 250ml,"€ 35,80 per litre"
Blended Sour Ale with Anacardium Occidentale,"€ 13,95",Portugal,3.97,Wildery Brutal Blends,5%,Wild Ale - Other,Bottle 375ml,"€ 37,20 per litre"
Slyrs – Oak Aged Imperial Stout 2022,"€ 10,95",Germany,3.97,Hoppebräu,11.4%,Stout - Imperial / Double,Bottle 375ml,"€ 29,20 per litre"
"Rhodesian 2020 –  Barleywine 0,75 Liter","€ 19,50",Netherlands,3.95,Brouwerij Frontaal,11.3%,Barleywine - American,Bottle 750ml,"€ 26,00 per litre"
Offenbarung – Barrel Aged Edition 2022 Chardonnay,"€ 8,95",Germany,3.93,KUEHN KUNZ ROSEN,10.5%,Barleywine - Other,330ml,"€ 27,12 per litre"
Aoltbeer 05-2021 – Red Wine Barrel Aged Sourbeer,"€ 16,50",Germany,3.92,Kemker Kultuur (Brauerei J. Kemker),6%,Sour - Fruited,Bottle 750ml,"€ 22,00 per litre"
Aoltbeer 14-2021 – Red Wine Barrel Aged,"€ 20,55",Germany,3.92,Kemker Kultuur (Brauerei J. Kemker),6%,Sour - Fruited,Bottle 750ml,"€ 27,40 per litre"
Undone – Double Barrel Aged Porter – Wisky and Rum Barrels,"€ 7,95",Spain,3.92,La Calavera,13%,Porter - Imperial / Double,Bottle 375ml,"€ 21,20 per litre"
Fruits of the Doom 2022 – Barrel Aged Wheat Ale with Rasperry in Wine Barrels,"€ 7,95",Spain,3.91,La Calavera,6.3%,Sour - Fruited,Bottle 375ml,"€ 21,20 per litre"
Fruits of the Doom – Barrel Aged Wheat Ale with Rasperry in Wine Barrels ( 2021 ),"€ 6,95",Spain,3.91,La Calavera,6.3%,Sour - Fruited,Bottle 375ml,"€ 18,53 per litre"
Summer – Farmhouse Ale – MHD 15.02.2024,"€ 15,75",Germany,3.91,Kemker Kultuur (Brauerei J. Kemker),6%,Historical Beer - Gruit / Ancient Herbed Ale,Bottle 750ml,"€ 21,00 per litre"
Aoltbeer – 13-2021 Chardonnay,"€ 18,75",Germany,3.90,Kemker Kultuur (Brauerei J. Kemker),6%,Sour - Other,Bottle 750ml,"€ 25,00 per litre"
Hiärfst – Farmhouse Ale – MHD 15.02.2024,"€ 15,75",Germany,3.90,Kemker Kultuur (Brauerei J. Kemker),6%,Historical Beer - Gruit / Ancient Herbed Ale,Bottle 750ml,"€ 21,00 per litre"
Shake your Booty – Imperial Milk Stout ( Collab La Calavera – Cierzo ),"€ 5,95",Spain,3.89,Cierzo Brewing Co.,11%,Stout - Imperial / Double Milk,330ml,"€ 18,03 per litre"
Smauk – Oak Smoked Sour Ale,"€ 11,95",Germany,3.89,Kemker Kultuur (Brauerei J. Kemker),7.5%,Sour - Other,Bottle 375ml,"€ 31,87 per litre"
Lust – Fruit Wine,"€ 21,95",Germany,3.88,Kemker Kultuur (Brauerei J. Kemker),6%,Cider - Other Fruit,Bottle 375ml,"€ 58,53 per litre"
Frost Giant (2022) – Bourbon Barrel Aged Imperial Stout,"€ 24,95",Germany,3.88,FrauGruber Brewing,12%,Stout - Imperial / Double,500ml,"€ 49,90 per litre"
Ignition – Double Barrel Aged Baltic Porter – Aged in Wisky and Red Wine -Barrels,"€ 9,95",Spain,3.87,La Calavera,13%,Porter - Baltic,Bottle 375ml,"€ 26,53 per litre"
Gerstenwein – Jahrgang 2021 Menü 2022,"€ 19,45",Germany,3.86,Tyrell BrauKunstAtelier,10.1%,Barleywine - Other,Bottle 750ml,"€ 25,93 per litre"
Revelation – Mixed Fermantation Belgian Style Aged for 2 Years in White Wine Barrles,"€ 7,95",Spain,3.86,La Calavera,7%,Sour - Other,Bottle 375ml,"€ 21,20 per litre"
Bretternety 2022 – Sour Aged Saison in Wine Barrels,"€ 7,95",Spain,3.86,La Calavera,7.4%,Farmhouse Ale - Brett,Bottle 375ml,"€ 21,20 per litre"
Bretternity 2021 – Sour Grape Saison aged in Wine Barrels,"€ 7,95",Spain,3.86,La Calavera,7.4%,Farmhouse Ale - Brett,Bottle 375ml,"€ 21,20 per litre"
Fröjaor – Farmhouse Ale – MHD 15.02.2024,"€ 12,75",Germany,3.86,Kemker Kultuur (Brauerei J. Kemker),6%,Historical Beer - Gruit / Ancient Herbed Ale,Bottle 750ml,"€ 17,00 per litre"
Terror – Fruited Sour,"€ 7,95",Spain,3.84,La Calavera,5%,Sour - Fruited,Bottle 375ml,"€ 21,20 per litre"
Fiyo – Grape Stout,"€ 9,95",Germany,3.81,Flügge,8.3%,Grape Ale - Other,330ml,"€ 30,15 per litre"
Oude Geuze Boon a L'Ancienne 2016/2017 – Braufactum – MHD 24.11.2022,"€ 15,95",Belgium,3.81,Brouwerij Boon,7%,Lambic - Gueuze,Bottle 750ml,"€ 21,27 per litre"
"Blessed Beaver – Smoked Imperial Stout with Maple , Cocoa","€ 6,95",Spain,3.79,La Calavera,10.7%,Stout - Other,500ml,"€ 13,90 per litre"
Le Marc 2021 –  Cider,"€ 10,55",Germany,3.78,Kemker Kultuur (Brauerei J. Kemker),3.5%,Cider - Perry / Poiré,Bottle 750ml,"€ 14,07 per litre"
Gentiana – Amaro Ale,"€ 15,95",Germany,3.77,Kemker Kultuur (Brauerei J. Kemker),7%,Historical Beer - Gruit / Ancient Herbed Ale,Bottle 750ml,"€ 21,27 per litre"
Otho Blanc  2020 – Grape Ale,"€ 9,95",Germany,3.76,Flügge,9.5%,Grape Ale - Other,330ml,"€ 30,15 per litre"
Biäke – Saison ( 2021 ),"€ 16,75",Germany,3.75,Kemker Kultuur (Brauerei J. Kemker),5.5%,Farmhouse Ale - Saison,Bottle 750ml,"€ 22,33 per litre"
"No Gods, No Masters – Barrel Aged Sour Flanders Red Ale Aged in Wisky Barrels","€ 6,95",Spain,3.75,La Calavera,8%,Sour - Flanders Red Ale,Bottle 375ml,"€ 18,53 per litre"
First Series Imperial Stout,"€ 6,25",Germany,3.74,Yankee & Kraut,9.4%,Stout - Imperial / Double,Can 440ml,"€ 14,20 per litre"
Jungle Boogie – Barrel Aged Sour,"€ 7,95",Spain,3.74,La Calavera,8.5%,Sour - Other,Bottle 375ml,"€ 21,20 per litre"
The best Cold Brew in Town – Barrel Aged Coffee IPA wih Cold Brew Coffee,"€ 10,95",Luxembourg,3.73,Totenhopfen Brauhaus,9%,IPA - Imperial / Double,Bottle 375ml,"€ 29,20 per litre"
Dead Barrel Island – Wisky Barrel Aged Porter ( 6 Monate gelagert ),"€ 7,45",Spain,3.73,La Calavera,10.3%,Porter - Baltic,Bottle 375ml,"€ 19,87 per litre"
Aenne – Saison 2022-01 – MHD 15.02.2024,"€ 9,95",Germany,3.67,Kemker Kultuur (Brauerei J. Kemker),6%,Farmhouse Ale - Saison,Bottle 750ml,"€ 13,27 per litre"
Integrity – Black Sour with Cocoa and Red Fruits aged in Wisky Barrels,"€ 5,45",Spain,3.66,La Calavera,11%,Sour - Other,330ml,"€ 16,52 per litre"
Tequila Sunrise – Imperial Gose Aged in Tequila Barrels,"€ 7,95",Spain,3.58,La Calavera,11.2%,Sour - Other Gose,Bottle 375ml,"€ 21,20 per litre"
Anniversator 2022 – Dunkler Doppelbock,"€ 3,95",Germany,3.53,Munich Brew Mafia,8%,Bock - Doppelbock,330ml,"€ 11,97 per litre"
"So much S***** People in this F****** World  Part II – Barrel Aged fruited Gose 6 Months in Oloroso Barrels- Collab LaCalavera , Bierboutique Konstanz , Cheersragazzzi , Alehub","€ 6,45",Spain,3.52,La Calavera,6%,Wheat Beer - Dunkelweizen,Bottle 375ml,"€ 17,20 per litre"
"The Sour Conspirancy of Evil – Barrel Aged Gose  6 Months in Oloroso Barrels ( Grundbier So much s…. P…. in this f…… World ) – Collab LaCalavera , Cheersragazzi , Bierboutique Konstanz , Alehub","€ 6,95",Spain,3.52,La Calavera,7%,Wheat Beer - Dunkelweizen,Bottle 375ml,"€ 18,53 per litre"
Pils – FrauGruber,"€ 2,25",Germany,3.51,FrauGruber Brewing,4.8%,Pilsner - German,Can 440ml,"€ 5,11 per litre"
Braureserve 1237 – Barrel Aged,"€ 7,45",Germany,3.51,Brauhaus Faust - Miltenberg,10.9%,Barleywine - English,330ml,"€ 22,58 per litre"
Mister Sunshine – Wild Ale with Rasperrys,"€ 28,95",Hungary,3.50,Mad Scientist,5.6%,Red Ale - American Amber / Red,Bottle 750ml,"€ 38,60 per litre"
Herdenimunität – Barley Wine,"€ 9,95",Germany,3.48,Braumanufaktur Hertl/ Munich Brew Mafia/ Schorschbräu,12%,Bock - Eisbock,330ml,"€ 30,15 per litre"
Helles,"€ 1,45",Germany,3.48,FrauGruber Brewing,4.8%,Lager - Helles,Can 440ml,"€ 3,30 per litre"
"Mon Petit Festival Beer ( Chapter 2 , Mon Petit Caffee , Alehub UG , Ziemlich Beste Biere , Krafbier 0711 )","€ 3,95",Germany,3.44,Rossknecht ziemlichBESTEbiere,9.3%,Barleywine - English,330ml,"€ 11,97 per litre"
Amber,"€ 3,35",Germany,3.43,Camba Bavaria,7.2%,Red Ale - American Amber / Red,Can 440ml,"€ 7,61 per litre"
Vortex No1 – Mixed Fermantation Brett-Kveik Farmhouse Ale,"€ 14,45",Finland,3.41,Salama Brewing Company,5%,Farmhouse Ale - Other,Bottle 375ml,"€ 38,53 per litre"
ZARschloch – Baltic Porter,"€ 4,35",Germany,3.37,Freigeist Bierkultur,6%,Porter - Baltic,330ml,"€ 13,18 per litre"
Memor – Bourbon Barrel Aged Imperial Stout – Silver Series,"€ 11,95",Estonia,4.39,Pühaste Brewery,15%,Stout - Imperial / Double,330ml,"€ 36,21 per litre"
Epicus – Buffalo Trace Bourbon Barrel Aged Imperial Stout – Silver Series,"€ 10,95",Estonia,4.35,Pühaste Brewery,15%,Stout - Imperial / Double,330ml,"€ 33,18 per litre"
Pippin – Blend of Calvados & Carcavelos Barrel Aged Cufee Sofie,"€ 24,45",Belgium,4.21,Brouwerij Alvinne,8%,Sour - Other,Bottle 750ml,"€ 32,60 per litre"
Aoltbeer 03-2022 Black Currants,"€ 24,50",Germany,4.16,Kemker Kultuur (Brauerei J. Kemker),6%,Sour - Fruited,Bottle 750ml,"€ 32,67 per litre"
Aoltbeer Blend 05-2022 – Red Wine Barrel Aged Sour mit Schlehe,"€ 22,95",Germany,4.16,Kemker Kultuur (Brauerei J. Kemker),6%,Sour - Fruited,Bottle 750ml,"€ 30,60 per litre"
Aoltbeer Blend 10.2022 – Rotwein Barrel Aged mit Mirabellen,"€ 21,95",Germany,4.16,Kemker Kultuur (Brauerei J. Kemker),6%,Sour - Fruited,Bottle 750ml,"€ 29,27 per litre"
Aoltbeer – Blend 07-2022 – Red Wine Barrel Aged Sour mit Pflaumen,"€ 23,95",Germany,4.16,Kemker Kultuur (Brauerei J. Kemker),6%,Sour - Fruited,Bottle 750ml,"€ 31,93 per litre"
Swap #2 HannaHannaH Oak Aged Imperial Stout,"€ 19,95",Sweden,4.15,Brewski,11.5%,Stout - Imperial / Double,Bottle 750ml,"€ 26,60 per litre"
Darkness Within – Rum Barrel Aged,"€ 9,45",Poland,4.10,Magic Road,10%,Porter - Imperial / Double Baltic,330ml,"€ 28,64 per litre"
Aoltbeer 04-2022 – Rotwein Barrel Aged Saison,"€ 21,95",Germany,4.10,Kemker Kultuur (Brauerei J. Kemker),6%,Sour - Other,Bottle 750ml,"€ 29,27 per litre"
Wild Pretty  – Pineapple Pistachio Rioja Barrel 10#  – Barrel Aged Pastry Sour,"€ 10,95",Poland,4.09,Magic Road,5.2%,Wild Ale - Other,330ml,"€ 33,18 per litre"
Dekadents – Imperial Stout,"€ 5,95",Estonia,4.08,Pühaste Brewery,11.2%,Stout - Imperial / Double,330ml,"€ 18,03 per litre"
Fool of a Took – Cuvee Sofie 2022 Aged on Moscatel Sebutal Barrels – 2022 Fellowship Ale No.6,"€ 24,45",Belgium,4.08,Brouwerij Alvinne,8%,Sour - Other,Bottle 750ml,"€ 32,60 per litre"
Darkness within – Barrel Aged Jack Daniels,"€ 9,45",Poland,4.07,Magic Road,10%,Porter - Imperial / Double Baltic,330ml,"€ 28,64 per litre"
Guava Gose – Fruited Gose,"€ 3,95",United States,4.07,Phase Three Brewing,4%,Sour - Fruited,330ml,"€ 11,97 per litre"
Surmapatt – Imperial Porter,"€ 5,75",Estonia,4.07,Pühaste Brewery,12%,Porter - Imperial / Double,330ml,"€ 17,42 per litre"
Wild Pretty #11  – Rioja – Jack Daniels Barrel Aged Pastry Sour,"€ 10,95",Poland,4.07,Magic Road,5.2%,Wild Ale - Other,330ml,"€ 33,18 per litre"
Aoltbeer Pinot Blanc – Blend 08-2022,"€ 24,95",Germany,4.07,Kemker Kultuur (Brauerei J. Kemker),8%,Sour - Other,Bottle 750ml,"€ 33,27 per litre"
Darkness Within – Barrel Series Wild Turkey,"€ 9,45",Poland,4.06,Magic Road,10%,Porter - Imperial / Double Baltic,330ml,"€ 28,64 per litre"
Nimloth – Barrel Aged Bordeux – Wild West 2021,"€ 24,45",Belgium,4.04,Brouwerij Alvinne,6%,Sour - Fruited,Bottle 750ml,"€ 32,60 per litre"
Momentum Blackcurrant- Imperial Porter,"€ 5,75",Estonia,4.01,Pühaste Brewery,12%,Porter - Imperial / Double Baltic,330ml,"€ 17,42 per litre"
Hybrid Sequence 0.009 – Barrel Aged Wild co-fermented with Spätburgunder Grapes,"€ 23,95",United States,3.98,Stillwater Artisanal,6.6%,Wild Ale - Other,Bottle 750ml,"€ 31,93 per litre"
LUMMUS – Imperial Milk Stout,"€ 5,45",Estonia,3.97,Pühaste Brewery,11.5%,Stout - Imperial / Double Milk,330ml,"€ 16,52 per litre"
Tilquin Oude Rhubarbe à l'Ancienne – 2022/2023,"€ 20,95",Belgium,3.97,Gueuzerie Tilquin,6%,Lambic - Other,Bottle 750ml,"€ 27,93 per litre"
Blood Honey Sex Magik – 6 Months Red Wine Barrel Aged Mead with Blackcurrant and Cheery,"€ 24,95",Belgium,3.95,De Mederie,14%,Mead - Melomel,500ml,"€ 49,90 per litre"
Cuvee Sofie – Oak Aged Blond Sour,"€ 4,95",Belgium,3.94,Brouwerij Alvinne,8%,Sour - Fruited,330ml,"€ 15,00 per litre"
Experimead #16 – Bourbon BA mead with Coffee Beans,"€ 24,95",Belgium,3.94,De Mederie,15%,Mead - Other,500ml,"€ 49,90 per litre"
Release the Beast – Madeira Wine Barrel Aged Imperial Stout,"€ 8,25",Netherlands,3.94,Van Moll,10.2%,Stout - Imperial / Double,330ml,"€ 25,00 per litre"
Ravens of Erebor – Belgian Gin Barrel Aged Stout,"€ 24,45",Belgium,3.93,Brouwerij Alvinne,10%,Stout - Other,Bottle 750ml,"€ 32,60 per litre"
Vari – Spiced Baltic Porter,"€ 4,95",Estonia,3.93,Pühaste Brewery,10.5%,Porter - Imperial / Double Baltic,330ml,"€ 15,00 per litre"
Schorschweizen ICE 20,"€ 14,95",Germany,3.93,Schorschbräu,20%,Bock - Eisbock,330ml,"€ 45,30 per litre"
Wild West – Barrel Aged Kriek Cheery Rasperry,"€ 4,45",Belgium,3.91,Brouwerij Alvinne/ Stillwater Artisanal,6%,Sour - Other,330ml,"€ 13,48 per litre"
Piece of Darkness – #8 Markers Mark Barrel Aged,"€ 9,45",Poland,3.91,Magic Road,10%,Porter - Imperial / Double Baltic,330ml,"€ 28,64 per litre"
Lady in Black – Imperial Milk Stout – Jack Daniels Barrel Aged,"€ 9,75",Poland,3.91,Magic Road,10.5%,Stout - Imperial / Double Pastry,330ml,"€ 29,55 per litre"
Aoltbeer no.09-2022 – Rhabarber,"€ 19,95",Germany,3.90,Kemker Kultuur (Brauerei J. Kemker),6%,Sour - Other,Bottle 750ml,"€ 26,60 per litre"
Nümenor –  Barrel Aged Wild Tripel,"€ 24,45",Belgium,3.89,Brouwerij Alvinne,9%,Belgian Tripel,Bottle 750ml,"€ 32,60 per litre"
Bacchanalia Riesling – Collab Beer Bastardts Freigeist – Barrel Aged Wild Ale,"€ 23,95",Bulgaria,3.88,Beer Bastards Brewing,6%,Wild Ale - American,Bottle 750ml,"€ 31,93 per litre"
Cuvee Botte die Barolo – Dark Foeder Aged Quadrupel,"€ 17,45",Belgium,3.87,Brouwerij Alvinne,12%,Belgian Quadrupel,Bottle 750ml,"€ 23,27 per litre"
Orange Bliss – Barrel Aged Wheat Saison,"€ 17,95",Germany,3.87,FrauGruber Brewing,6.2%,Farmhouse Ale - Saison,500ml,"€ 35,90 per litre"
Six Months behind Schedule 2023 Edition – Imperial Stout,"€ 5,45",Bulgaria,3.87,Sofia Electric Brewing,10%,Stout - Imperial / Double,330ml,"€ 16,52 per litre"
Bacchanalia Pinot Noir – Collab Beer Bastards – Freigeist – Barrel Aged Wild Ale,"€ 23,95",Bulgaria,3.86,Beer Bastards Brewing,6%,Wild Ale - Other,Bottle 750ml,"€ 31,93 per litre"
"Dream Smooje  – Blackcurrant , Blackberry Sour Gose","€ 6,25",Sweden,3.86,Friends Company,4.7%,Sour - Smoothie / Pastry,330ml,"€ 18,94 per litre"
Phi Rhubarb – Fruited Sour,"€ 4,45",Belgium,3.86,Brouwerij Alvinne,8%,Sour - Fruited,330ml,"€ 13,48 per litre"
Black Veil – Imperial Stout,"€ 8,45",Germany,3.86,FrauGruber Brewing,10.2%,Stout - Imperial / Double Coffee,Can 440ml,"€ 19,20 per litre"
Cuvee Freddy – Red Wine Barrel Aged Dark Fruit Sour Ale with Blueberrys,"€ 4,85",Belgium,3.84,Brouwerij Alvinne,8%,Sour - Fruited,330ml,"€ 14,70 per litre"
Export Batch 01.23 – Farmhouse Export – MHD 15.05.2024,"€ 13,75",Germany,3.83,Kemker Kultuur (Brauerei J. Kemker),5.5%,Farmhouse Ale - Saison,Bottle 750ml,"€ 18,33 per litre"
Lager Batch 01-2023 – Farmhouse Lager – MHD 15.05.2024,"€ 9,75",Germany,3.83,Kemker Kultuur (Brauerei J. Kemker),5.5%,Farmhouse Ale - Saison,Bottle 750ml,"€ 13,00 per litre"
200 Units – Barley Wine,"€ 5,25",Sweden,3.83,Brewski,11%,Barleywine - English,330ml,"€ 15,91 per litre"
Hanni Batch 01-2023 – Saison mit Honig – Biere de Couopage,"€ 23,95",Germany,3.82,Kemker Kultuur (Brauerei J. Kemker),6%,Farmhouse Ale - Bière de Coupage,Bottle 750ml,"€ 31,93 per litre"
The Black Eye – Coffee – Porter,"€ 5,45",Estonia,3.80,Pühaste Brewery,6.5%,Porter - Coffee,330ml,"€ 16,52 per litre"
Crimson Kiss – Fruited Sour with Rasperry and Coffee,"€ 4,95",Estonia,3.80,Pühaste Brewery,4%,Sour - Fruited,330ml,"€ 15,00 per litre"
Khazad  Düm – Barrel Aged Aquavit Wheatwine,"€ 24,45",Belgium,3.79,Brouwerij Alvinne,10.5%,Wheat Beer - Wheat Wine,Bottle 750ml,"€ 32,60 per litre"
Tripleberry Pie – Fruited Berliner Weisse,"€ 5,25",Sweden,3.78,Brewski,4%,Sour - Fruited Berliner Weisse,330ml,"€ 15,91 per litre"
Pear Jam – Cider with Quince,"€ 14,95",Belgium,3.77,De Mederie - Ciders,7%,Cider - Perry / Poiré,Bottle 750ml,"€ 19,93 per litre"
A Pile of Stone – Fruited Imperial Saison – Cuvee Theo 2022 Margaux Barrel Aged,"€ 24,45",Belgium,3.76,Brouwerij Alvinne,9%,Farmhouse Ale - Saison,Bottle 750ml,"€ 32,60 per litre"
Strata Porter – Dry Hopped Baltic Porter,"€ 4,95",Estonia,3.76,Pühaste Brewery,7.5%,Porter - Baltic,330ml,"€ 15,00 per litre"
Glaurung – Quadruple Sour Aged in Spanish Brandy Barrels with Smoked Mango,"€ 24,45",Belgium,3.76,Brouwerij Alvinne,11%,Sour - Other,Bottle 750ml,"€ 32,60 per litre"
Sigma – Dark Sour,"€ 4,45",Belgium,3.74,Brouwerij Alvinne,8%,Sour - Other,330ml,"€ 13,48 per litre"
Strawbeeries & Cream Crepe – Smoothie Sour Gose,"€ 6,25",Sweden,3.74,Friends Company,4.7%,Sour - Smoothie / Pastry,330ml,"€ 18,94 per litre"
"Balloon Bay – Fruited Sour mit Banane , Passionsfrucht und Blutorange","€ 4,95",Estonia,3.68,Pühaste Brewery,4.6%,Sour - Fruited,330ml,"€ 15,00 per litre"
Rahu – Porter,"€ 3,95",Estonia,3.67,Pühaste Brewery,5.5%,Porter - Other,330ml,"€ 11,97 per litre"
Aenne Batch 03-2023 – Saison,"€ 14,75",Germany,3.67,Kemker Kultuur (Brauerei J. Kemker),6%,Farmhouse Ale - Saison,Bottle 750ml,"€ 19,67 per litre"
Omega – Blond Sour Ale,"€ 2,95",Belgium,3.66,Brouwerij Alvinne,6%,Sour - Other,330ml,"€ 8,94 per litre"
Oh La La La – Barrel Aged Dry Cider with Sour Berrries and Honey ( 0.275 Liter ),"€ 6,75",Belgium,3.64,De Mederie - Ciders,8%,Cider - Other Fruit,275ml,"€ 24,55 per litre"
Oh La La La – Barrel Aged Dry Cider with Sour Berrries and Honey ( 0.75 Liter ),"€ 14,75",Belgium,3.64,De Mederie - Ciders,8%,Cider - Other Fruit,Bottle 750ml,"€ 19,67 per litre"
"LULUU LU – Fruited Gose mit Apriokse , Pfirsich , Kirsche und Seesalz","€ 4,75",Estonia,3.62,Pühaste Brewery,3.5%,Sour - Fruited Gose,330ml,"€ 14,39 per litre"
Grapsberry – Berliner Weisse mit Himbeeren und Grapefruit,"€ 6,95",Sweden,3.61,Brewski,4.7%,Sour - Fruited Berliner Weisse,330ml,"€ 21,06 per litre"
Sweet Consequinces – Fruited Sour mit Quitte und Honig,"€ 2,95",Germany,3.59,Freigeist Bierkultur,5%,Sour - Fruited,330ml,"€ 8,94 per litre"
Sun & Sour – 2023 – Blond Summer Sour,"€ 3,45",Belgium,3.59,Brouwerij Alvinne,4.5%,Sour - Other,330ml,"€ 10,45 per litre"
Gelehallon Smoojee – Rasperry Jelly Drop Smoojee,"€ 6,25",Sweden,3.58,Friends Company,4.7%,Sour - Smoothie / Pastry,330ml,"€ 18,94 per litre"
Quince Gose – Gose mit Quittensaft,"€ 2,95",Germany,3.56,Freigeist Bierkultur,5%,Sour - Other Gose,330ml,"€ 8,94 per litre"
Apple of my Eye – Spontaneous Fermented Barrel Aged Dry Cider,"€ 8,95",Belgium,3.55,De Mederie - Ciders,6%,Cider - Dry,Bottle 375ml,"€ 23,87 per litre"
Apple of my Eye – Spontaneous Fermented Barrel Aged Dry Cider,"€ 6,45",Belgium,3.55,De Mederie - Ciders,6%,Cider - Dry,275ml,"€ 23,45 per litre"
Apple of my Eye – Spontaneous Fermented Barrel Aged Dry Cider,"€ 14,75",Belgium,3.55,De Mederie - Ciders,6%,Cider - Dry,Bottle 750ml,"€ 19,67 per litre"
Schorschbock ICE 20,"€ 14,95",Germany,3.54,Schorschbräu,20%,Bock - Eisbock,330ml,"€ 45,30 per litre"
Berliner – Berliner Ryesse Cherry Mint,"€ 4,25",Belgium,3.45,Brouwerij Alvinne/ Laugar Brewery,4%,Sour - Berliner Weisse,330ml,"€ 12,88 per litre"
Schorschbock ICE 30,"€ 39,95",Germany,3.42,Schorschbräu,30%,Bock - Eisbock,330ml,"€ 121,06 per litre"
"Dream Smoojee – Pineapple , Strawberry Smoothie Sour","€ 6,25",Sweden,3.38,Friends Company,4.7%,Sour - Smoothie / Pastry,330ml,"€ 18,94 per litre"
16 % – World Strongest Lager,"€ 14,95",Germany,3.25,Schorschbräu,16%,Bock - Doppelbock,330ml,"€ 45,30 per litre"
Schorschweizen ICE 30 World's Strongest Wheat Beer,"€ 39,95",Germany,3.25,Schorschbräu,30%,Freeze-Distilled Beer,330ml,"€ 121,06 per litre"
Bock Lord Hallelujah – Bock mit Trüffeln,"€ 5,95",Poland,3.23,Magic Road,7.4%,Bock - Doppelbock,500ml,"€ 11,90 per litre"
Schorschbock 13%,"€ 11,95",Germany,3.20,Schorschbräu,13%,Bock - Doppelbock,500ml,"€ 23,90 per litre"
Schorschbock 31%,"€ 69,95",Germany,3.12,Schorschbräu,31.2%,Bock - Eisbock,330ml,"€ 211,97 per litre"
Schorschweizen 13 %,"€ 5,75",Germany,3.09,Schorschbräu,13%,Bock - Weizenbock,330ml,"€ 17,42 per litre"
Schorschweizen 13 %,"€ 11,95",Germany,3.09,Schorschbräu,13%,Bock - Weizenbock,330ml,"€ 36,21 per litre"
St.Olberg Bier – Belgian Quadrupel,"€ 3,95",Germany,3.08,Freigeist Bierkultur,10%,Belgian Quadrupel,330ml,"€ 11,97 per litre"
Grape Ale – Barrel Aged für 3 Jahre Holzfass und 3 Jahre Flasche – Collab Dr.Loosen,"€ 23,95",Germany,?,Freigeist Bierkultur,6%,Grape Ale - Other,Bottle 750ml,"€ 31,93 per litre"
Reserve No Cake,"€ 36,90",United States,4.39,Transient Artisan Ales,12%,Stout - Imperial / Double Pastry,500ml,"€ 73,80 per litre"
Oude Du Blé (10 Year),"€ 79,90",United States,4.36,Side Project Brewing,6%,Farmhouse Ale - Saison,Bottle 750ml,"€ 106,53 per litre"
Single Farm (New Zealand Cascade),"€ 51,50",United States,4.27,Side Project Brewing,6%,Farmhouse Ale - Saison,Bottle 750ml,"€ 68,67 per litre"
Franc,"€ 31,50",Netherlands,4.27,Tommie Sjef,7.7%,Wild Ale - Other,Bottle 750ml,"€ 42,00 per litre"
Pruim Mirabelle – Season 21|22 – Blend 21,"€ 35,90",Belgium,4.27,Brouwerij 3 Fonteinen,7.3%,Lambic - Fruit,Bottle 750ml,"€ 47,87 per litre"
Saison du Fermier (Blend 6),"€ 64,50",United States,4.26,Side Project Brewing,7%,Farmhouse Ale - Brett,Bottle 750ml,"€ 86,00 per litre"
Cuvée 2022,"€ 31,50",Netherlands,4.26,Tommie Sjef,7.4%,Wild Ale - Other,Bottle 750ml,"€ 42,00 per litre"
Narcissus and Goldmund 2023,"€ 25,50",England,4.22,Pomona Island Brew Co.,13.5%,Barleywine - English,Bottle 750ml,"€ 34,00 per litre"
Bitter,"€ 31,50",Netherlands,4.19,Tommie Sjef,7%,Farmhouse Ale - Bière de Coupage,Bottle 750ml,"€ 42,00 per litre"
Loam (Norton 2022),"€ 62,50",United States,4.19,Side Project Brewing,6%,Farmhouse Ale - Saison,Bottle 750ml,"€ 83,33 per litre"
Crimson and Clover 2023,"€ 25,50",England,4.18,Pomona Island Brew Co.,13.5%,Barleywine - English,Bottle 750ml,"€ 34,00 per litre"
Aria,"€ 25,90",Switzerland,4.18,Chien Bleu,6.5%,Farmhouse Ale - Saison,Bottle 750ml,"€ 34,53 per litre"
Kveik Brett's V2,"€ 15,50",France,4.15,Nano Brasserie SPO,7.1%,Brett Beer,Bottle 750ml,"€ 20,67 per litre"
Viti Vini Vici #11,"€ 22,90",Canada,4.11,Brasserie Dunham,5.5%,Farmhouse Ale - Saison,Bottle 750ml,"€ 30,53 per litre"
Gamay & Pinot Noir 2021,"€ 29,90",Switzerland,4.11,Chien Bleu,8%,Farmhouse Ale - Saison,Bottle 750ml,"€ 39,87 per litre"
Gamay Fully 2021,"€ 29,90",Switzerland,4.06,Chien Bleu,8.3%,Sour - Fruited,Bottle 750ml,"€ 39,87 per litre"
Saison du Chai 2022,"€ 15,30",France,4.05,Brasserie La Malpolon,6.5%,Farmhouse Ale - Saison,Bottle 750ml,"€ 20,40 per litre"
Petit Sureau,"€ 19,90",Switzerland,4.04,Brasserie L'Apaisée,4.7%,Wild Ale - Other,Bottle 750ml,"€ 26,53 per litre"
Wild Rose Saison,"€ 20,50",England,4.04,Burning Sky Brewery,6.5%,Farmhouse Ale - Saison,Bottle 750ml,"€ 27,33 per litre"
Baoding,"€ 22,70",Canada,4.03,Brasserie Dunham,5.5%,Farmhouse Ale - Grisette,Bottle 750ml,"€ 30,27 per litre"
À la Table (Blend 3),"€ 40,90",United States,4.03,Side Project Brewing,2.5%,Table Beer,Bottle 750ml,"€ 54,53 per litre"
Galibot | Verre 25 cl,"€ 3,80",France,3.58,Brasserie Galibot,6%,IPA - American,Bottle 750ml,"€ 54,53 per litre"
Galibot | Verre à pied 33 cl,"€ 6,80",France,3.58,Brasserie Galibot,6%,IPA - American,Bottle 750ml,"€ 54,53 per litre"
Grape Ale Mauzac,"€ 15,20",France,3.54,La Cabane,7.7%,Grape Ale - Other,Bottle 750ml,"€ 20,27 per litre"
Oude Roussanne Tilquin à l'Ancienne (2021-2022),"€ 14,99",Belgium,4.20,Gueuzerie Tilquin,8%,Lambic - Fruit,Bottle 750ml,"€ 19,99 per litre"
Oude Pêche Jaune Tilquin à l'Ancienne (2022-2023),"€ 8,99",Belgium,4.13,Gueuzerie Tilquin,7%,Lambic - Fruit,Bottle 750ml,"€ 19,99 per litre"
Oude Reinette Étoilée à l'ancienne,"€ 13,99",Belgium,4.03,Gueuzerie Tilquin,6.8%,Lambic - Fruit,Bottle 750ml,"€ 18,65 per litre"
Ola Dubh 16,"€ 6,99",Scotland,4.01,Harviestoun Brewery,8%,Porter - Imperial / Double,330ml,"€ 21,18 per litre"
Ola Dubh 12,"€ 6,60",Scotland,3.95,Harviestoun Brewery,8%,Porter - Imperial / Double,330ml,"€ 20,00 per litre"
Ola Dubh 18,"€ 7,50",Scotland,?,Harviestoun Brewery,8%,Porter - Imperial / Double,330ml,"€ 22,73 per litre"
Het Boerenerf Pescharina,"€ 20,29",Belgium,4.12,Het Boerenerf Eylenbosch,7%,Lambic - Kriek,Bottle 750ml,"€ 27,05 per litre"
Stuf't (2023),"€ 20,95",United States,4.34,Prairie Artisan Ales,14.8%,Stout - Imperial / Double Pastry,Bottle 750ml,"€ 27,05 per litre"
Espresso Marty! (2023),"€ 20,99",United States,4.26,Prairie Artisan Ales,15.2%,Stout - Imperial / Double Coffee,Bottle 750ml,"€ 27,05 per litre"
Imperial Stout,"€ 4,20",England,3.73,Samuel Smith,7%,Stout - Russian Imperial,355ml,"€ 11,83 per litre"
Blueberry Boysenberry Cobbler,"€ 10,35",Scotland,4.15,Vault City Brewing,8.4%,Sour - Smoothie / Pastry,Can 440ml,"€ 23,52 per litre"
Grand Cru Belgian Red Ale,"€ 4,90",Belgium,3.65,Brouwerij Rodenbach,6%,Sour - Flanders Red Ale,330ml,"€ 14,85 per litre"
Hopfensturm,"€ 2,99",Germany,3.43,Privatbrauerei Waldhaus,4.9%,Pale Ale - Other,330ml,"€ 9,06 per litre"
Maltvin (Blend #2),"€ 219,99",United States,4.30,Side Project Brewing,15%,Barleywine - English,330ml,"€ 9,06 per litre"
Baba Yaga,"€ 9,50",France,3.91,Hoppy Road,6%,Farmhouse Ale - Saison,Bottle 750ml,"€ 12,67 per litre"
Vive le Roy,"€ 8,00",France,3.86,Hoppy Road,5.9%,Farmhouse Ale - Other,Bottle 750ml,"€ 10,67 per litre"
"The Garden / Caleya Florida Weisse Passion Fruit, Pineapple & Mandarin","€ 4,85",Croatia,3.83,The Garden Brewery,5.7%,Sour - Fruited Berliner Weisse,Can 440ml,"€ 11,02 per litre"
Cidre Gamay,"€ 29,95",Switzerland,4.15,Chien Bleu,8.5%,Cider - Other Fruit,Bottle 750ml,"€ 39,93 per litre"
Cidre 2021,"€ 21,21",Switzerland,3.42,Chien Bleu,6.3%,Cider - Sweet,Bottle 750ml,"€ 28,28 per litre"
Saison Riesling,"€ 29,26",Switzerland,4.15,Chien Bleu,7.3%,Farmhouse Ale - Saison,Bottle 750ml,"€ 39,01 per litre"
Gamay & Pinot Noir 2021,"€ 29,25",Switzerland,4.11,Chien Bleu,7.5%,Farmhouse Ale - Saison,Bottle 750ml,"€ 39,00 per litre"
Giotto II,"€ 29,25",Switzerland,4.05,Chien Bleu,7%,Wild Ale - Other,Bottle 750ml,"€ 39,00 per litre"
Giovanni,"€ 25,13",Switzerland,?,Chien Bleu,6.5%,Pale Ale - American,Bottle 750ml,"€ 33,51 per litre"
Wędzony Porter Bałtycki,"€ 4,20",Poland,4.01,Trzech Kumpli,10.1%,Porter - Smoked,Bottle 500ml,"€ 8,40 per litre"
Mak Es Pruuve?,"€ 2,55",Belgium,3.49,MAK Brewery,7%,Belgian Tripel,330ml,"€ 7,73 per litre"
Weird Era (Blend #2),"€ 25,49",United States,4.11,Perennial Artisan Ales,5.1%,Lambic - Gueuze,Bottle 750ml,"€ 33,99 per litre"
Boogie Board Olympics,"€ 7,35",United States,4.11,Humble Sea Brewing Company,6.4%,IPA - New England / Hazy,473ml,"€ 15,54 per litre"
Boat Drinks VI,"€ 9,59",United States,4.11,Mortalis Brewing Company,6%,Sour - Smoothie / Pastry,473ml,"€ 20,27 per litre"
Weird Era (Blend #2),"€ 26,66",United States,4.11,Perennial Artisan Ales,5.3%,Lambic - Gueuze,Bottle 750ml,"€ 35,55 per litre"
Ecto Kewler: Sike!,"€ 8,44",United States,4.09,Spanish Marie Brewery,5%,Sour - Fruited,473ml,"€ 17,84 per litre"
Pêche,"€ 8,40",United States,3.99,Une Année Brewery,6.5%,Wild Ale - American,473ml,"€ 17,76 per litre"
Pull,"€ 26,50",United States,3.96,The Veil Brewing Co.,6%,Farmhouse Ale - Other,Bottle 750ml,"€ 35,33 per litre"
TROPICAL TRIP,"€ 9,50",United States,4.39,Smooj,5%,Hard Seltzer,355ml,"€ 26,76 per litre"
MANGO PINA COLADA,"€ 9,50",United States,4.39,Smooj,5%,Hard Seltzer,355ml,"€ 26,76 per litre"
PRICKLY PEAR PINA COLADA,"€ 9,50",United States,4.36,Smooj,5%,Hard Seltzer,355ml,"€ 26,76 per litre"
Barrely Winter Porter & Barley Wine Blend x Põhjala,"€ 9,70",Estonia,3.86,Põhjala,12%,Porter - Baltic,330ml,"€ 29,39 per litre"
Westvleteren 8,"€ 9,95",Belgium,4.18,Brouwerij De Sint-Sixtusabdij van Westvleteren,8%,Belgian Dubbel,330ml,"€ 30,15 per litre"
Double Barrel Anabasis (2020),"€ 599,99",United States,4.73,Side Project Brewing,15%,Barleywine - English,Bottle 750ml,"€ 799,99 per litre"
Affogato Dreams,"€ 17,21",United States,3.87,Turning Point Beer,15.5%,Stout - Imperial / Double Coffee,500ml,"€ 34,42 per litre"
Daylight Dies,"€ 8,50",Italy,3.35,White Pony Microbrewery,11%,Sour - Other,330ml,"€ 25,76 per litre"
When Life Gives You Hops 2023,"€ 3,15",Belgium,3.51,FoxTown Beer Crew,7%,IPA - American,330ml,"€ 9,55 per litre"
3 Fonteinen - Oude Geuze Vintage 2019. 18/19 No 116,"€ 13,30",Belgium,4.43,Brouwerij 3 Fonteinen,6.8%,Lambic - Gueuze,Bottle 375ml,"€ 35,47 per litre"
"3 Fonteinen - Oude Geuze Cuvée Armand & Gaston Vintage 2019 - 37,5cl","€ 14,80",Belgium,4.38,Brouwerij 3 Fonteinen,7%,Lambic - Gueuze,Bottle 375ml,"€ 39,47 per litre"
Oude Geuze Geturfd (season 21|22) Blend No. 94  - 75cl - SHOP ONLY,"€ 12,00",Belgium,4.29,Brouwerij 3 Fonteinen,7%,Lambic - Gueuze,Bottle 750ml,"€ 16,00 per litre"
Oude Geuze (season 21|22) Blend No. 64,"€ 13,60",Belgium,4.28,Brouwerij 3 Fonteinen,7.1%,Lambic - Gueuze,Bottle 750ml,"€ 18,13 per litre"
Kweepeer (season 21|22) Blend No. 51,"€ 26,20",Belgium,4.12,Brouwerij 3 Fonteinen,5.9%,Lambic - Fruit,Bottle 750ml,"€ 34,93 per litre"
Drink'in The Sun,"€ 3,49",Denmark,3.26,Mikkeller,3.9%,Wheat Beer - American Pale Wheat,330ml,"€ 10,58 per litre"
The Beer Formerly Known as La Tache,"€ 34,95",United States,4.27,The Ale Apothecary,8.5%,Wild Ale - American,330ml,"€ 10,58 per litre"
Farmhouse,"€ 34,95",United States,4.11,The Ale Apothecary,6%,Wild Ale - American,330ml,"€ 10,58 per litre"
Spontaneous W/ Chenin Blanc Grapes,"€ 34,95",United States,4.09,The Ale Apothecary,8.5%,Lambic - Traditional,330ml,"€ 10,58 per litre"
Ghost Note Bartlett Pear,"€ 32,95",United States,4.03,Casey Brewing & Blending,7%,Farmhouse Ale - Other,,
El Cuatro With Cherries 6.22,"€ 34,95",United States,4.03,The Ale Apothecary,10%,Wild Ale - American,,
Slayzon Saison,"€ 18,99",United States,3.98,The Ale Apothecary,6.5%,Farmhouse Ale - Bière de Coupage,,
Mescafé,"€ 18,99",United States,3.91,The Ale Apothecary,7.25%,Lager - Amber / Red,,
Affogato Dreams,"€ 26,50",United States,3.87,Turning Point Beer,15.5%,Stout - Imperial / Double Coffee,500ml,"€ 53,00 per litre"
"Oenobier Pinot Noir, Pinot Meunier & Chardonnay","€ 13,50",United States,4.13,Trillium Brewing Company,11.6%,Wild Ale - American,330ml,"€ 40,91 per litre"
Oenobier Semillon,"€ 13,50",United States,4.05,Trillium Brewing Company,10.8%,Wild Ale - American,330ml,"€ 40,91 per litre"
Weird Era (Blend #2),"€ 28,50",United States,4.11,Perennial Artisan Ales,5.1%,Lambic - Gueuze,Bottle 750ml,"€ 38,00 per litre"
Our Barley Aged,"€ 10,80",Scotland,4.02,Overtone Brewing Co,12.5%,Stout - Imperial / Double,Can 440ml,"€ 24,55 per litre"
Rabarber - Oogst 2022,"€ 21,00",Belgium,4.14,Het Boerenerf Eylenbosch,7%,Lambic - Fruit,Bottle 750ml,"€ 28,00 per litre"
Framboos - Oogst 2022,"€ 21,00",Belgium,4.12,Het Boerenerf Eylenbosch,7%,Lambic - Framboise,Bottle 750ml,"€ 28,00 per litre"
Kwee - Oogst 2022,"€ 21,00",Belgium,4.10,Het Boerenerf Eylenbosch,7%,Lambic - Fruit,Bottle 750ml,"€ 28,00 per litre"
Kwee - Oogst 2022 Magnum,"€ 59,00",Belgium,4.10,Het Boerenerf Eylenbosch,7%,Lambic - Fruit,Bottle 1500ml,"€ 39,33 per litre"
Biet - Oogst 2022,"€ 21,00",Belgium,4.09,Het Boerenerf Eylenbosch,7%,Lambic - Other,Bottle 750ml,"€ 28,00 per litre"
Oude Gueuze 2023-1,"€ 8,80",Belgium,4.08,Het Boerenerf Eylenbosch,7%,Lambic - Gueuze,Bottle 375ml,"€ 23,47 per litre"
Zomerkriek - Oogst 2022,"€ 19,90",Belgium,4.08,Het Boerenerf Eylenbosch,7%,Lambic - Other,Bottle 750ml,"€ 26,53 per litre"
Cloudy Lemonade - Citra & Nelson Sauvin,"€ 4,50",Scotland,3.79,Vault City Brewing,4.2%,Sour - Fruited,Can 440ml,"€ 10,23 per litre"
Gin Weizen,"€ 3,40",Netherlands,3.46,Gebrouwen Door Vrouwen,6%,Wheat Beer - Other,330ml,"€ 10,30 per litre"
Event Horizon - Overproof Stout,"€ 25,00",Hungary,4.03,Gravity Brewing,11.1%,Stout - Russian Imperial,Bottle 750ml,"€ 33,33 per litre"
Antimatter - Imperial Coffee Stout,"€ 25,00",Hungary,4.01,Gravity Brewing,10.2%,Stout - Imperial / Double Coffee,Bottle 750ml,"€ 33,33 per litre"
Async Imperial Stout,"€ 8,50",Sweden,4.00,Nerdbrewing,10%,Stout - Imperial / Double,330ml,"€ 25,76 per litre"
Barley Wine,"€ 3,55",Netherlands,3.71,Brouwerij Kees,11.5%,Barleywine - American,330ml,"€ 10,76 per litre"
Tripel,"€ 2,35",Belgium,3.75,Brouwerij St.Bernardus,8%,Belgian Tripel,330ml,"€ 7,12 per litre"
Prior 8 Dubbel,"€ 2,45",Belgium,3.70,Brouwerij St.Bernardus,8%,Belgian Dubbel,330ml,"€ 7,42 per litre"
Insel-Brauerei Natur Cider,"€ 3,69",Germany,3.45,Rügener Insel-Brauerei,5.6%,Cider - Dry,330ml,"€ 11,18 per litre"
Porter Bałtycki Płatki Dębowe,"€ 2,90",Poland,3.87,Browar Fortuna,9%,Porter - Baltic,Bottle 500ml,"€ 5,80 per litre"
White Swan Theory,"€ 2,40",Belgium,3.48,FoxTown Beer Crew,6.2%,IPA - White / Wheat,330ml,"€ 7,27 per litre"
Brauer Carsten,"€ 4,90",Germany,3.34,Braumanufaktur Hertl,5.6%,Pale Ale - Other,500ml,"€ 9,80 per litre"
Himbeer Weisse,"€ 5,50",Germany,3.11,Braumanufaktur Hertl,3.8%,Sour - Fruited Berliner Weisse,330ml,"€ 16,67 per litre"
Revival of Consciousness,"€ 14,90",United States,4.19,Belleflower Brewing,10%,Porter - Imperial / Double Baltic,473ml,"€ 31,50 per litre"
Opppaque Motueka Strata Mosaic,"€ 11,95",United States,4.11,Juicy Brewing Co,10%,IPA - Triple New England / Hazy,473ml,"€ 25,26 per litre"
Oppaque Motueka Nelson,"€ 11,70",United States,4.10,Juicy Brewing Co,8%,IPA - Imperial / Double New England / Hazy,473ml,"€ 24,74 per litre"
Kellerbier,"€ 2,29",Germany,3.55,Ayinger Privatbrauerei,4.9%,Kellerbier / Zwickelbier,500ml,"€ 4,58 per litre"
Nonkel Pater,"€ 2,35",Belgium,3.54,Antwerpse Brouw Compagnie,9%,Belgian Quadrupel,330ml,"€ 7,12 per litre"
Black Block Palo Cortado,"€ 6,77",Spain,3.85,La Pirata Brewing,11.97%,Stout - Imperial / Double,330ml,"€ 20,52 per litre"
Weiherer India Pale Ale,"€ 4,99",Germany,3.37,Brauerei Kundmüller,6.7%,IPA - American,500ml,"€ 9,98 per litre"
Gueuze Cuvée Héritage - 2022 - 75cl,"€ 21,10",Belgium,4.19,Het Boerenerf Eylenbosch,7%,Lambic - Gueuze,Bottle 750ml,"€ 28,13 per litre"
Oude Kriek Amarone - Oogst 2022 - 75cl,"€ 21,10",Belgium,4.15,Het Boerenerf Eylenbosch,8%,Lambic - Kriek,Bottle 750ml,"€ 28,13 per litre"
Oude Gueuze 2023-2 • 375ml,"€ 6,10",Belgium,4.11,Het Boerenerf Eylenbosch,7%,Lambic - Gueuze,Bottle 375ml,"€ 16,27 per litre"
Oude Kriek - Oogst 2022 • 375ml,"€ 8,50",Belgium,4.09,Het Boerenerf Eylenbosch,7%,Lambic - Kriek,Bottle 375ml,"€ 22,67 per litre"
"Kestemont - Coulis Speciale - 37,5cl","€ 9,80",Belgium,3.84,Brouwerij Kestemont,5.5%,Lambic - Fruit,Bottle 375ml,"€ 26,13 per litre"
Blonde,"€ 5,75",Belgium,3.60,Brasserie Lupulus,8.5%,Belgian Tripel,Bottle 750ml,"€ 7,67 per litre"
Tarot Noir,"€ 2,00",Belgium,3.55,Brouwerij Lindemans,8%,Fruit Beer,Bottle 250ml,"€ 8,00 per litre"
Gaspar,"€ 2,35",Belgium,3.48,Brouwerij Alvinne,8.5%,Winter Ale,330ml,"€ 7,12 per litre"
Gouden Carolus Whisky Infused,"€ 11,95",Belgium,4.00,Brouwerij Het Anker,11.7%,Belgian Strong Dark Ale,Bottle 750ml,"€ 15,93 per litre"
Korbinian Doppelbock,"€ 2,80",Germany,3.78,Bayerische Staatsbrauerei Weihenstephan,7.4%,Bock - Doppelbock,500ml,"€ 5,60 per litre"
Rattle & Rum – Rum & Oak Chip Stout,"€ 4,30",Scotland,3.69,BrewDog,7.4%,Stout - English,Can 440ml,"€ 9,77 per litre"
KristallWeissbier,"€ 2,10",Germany,3.68,Bayerische Staatsbrauerei Weihenstephan,5.4%,Wheat Beer - Kristallweizen,500ml,"€ 4,20 per litre"
Brune 8,"€ 2,85",Belgium,3.61,Abbaye de Maredsous,8%,Belgian Dubbel,330ml,"€ 8,64 per litre"
Gouden Carolus Cuvée van de Keizer Whisky Infused,"€ 2,60",Belgium,4.00,Brouwerij Het Anker,11.7%,Belgian Strong Dark Ale,330ml,"€ 7,88 per litre"
150 Groen,"€ 3,20",Belgium,3.75,Bières de Chimay,10%,Belgian Strong Golden Ale,330ml,"€ 9,70 per litre"
Serafijn Barley Wine,"€ 2,45",Belgium,3.64,Brouwerij Pirlot,11%,Barleywine - Other,330ml,"€ 7,42 per litre"
Oester Stout,"€ 2,40",Belgium,3.49,Scheldebrouwerij,8.5%,Stout - Oyster,330ml,"€ 7,27 per litre"
Galea Grand Cru,"€ 2,40",Belgium,3.47,Galea Craft Beers,9.5%,Belgian Strong Golden Ale,330ml,"€ 7,27 per litre"
Grasshopper,"€ 2,25",Finland,3.43,ETKO Brewing,6%,Pale Ale - Other,330ml,"€ 6,82 per litre"
Toetëlèr Amber Tripel,"€ 2,20",Belgium,3.41,Brouwerij Den Toetëlèr,8.5%,Belgian Tripel,330ml,"€ 6,67 per litre"
Herkenrode Noctis,"€ 1,95",Belgium,3.39,Brouwerij Cornelissen,7%,Brown Ale - Belgian,330ml,"€ 5,91 per litre"
Slerp,"€ 8,45",Sweden,3.94,Nerdbrewing,10.8%,Stout - Imperial / Double Coffee,330ml,"€ 25,61 per litre"
Bateria,"€ 2,70",Poland,3.45,Browar Wielka Sowa,4.9%,Lager - IPL (India Pale Lager),Bottle 500ml,"€ 5,40 per litre"
Sowie Pils,"€ 2,40",Poland,3.30,Browar Wielka Sowa,4.5%,Pilsner - Czech / Bohemian,Bottle 500ml,"€ 4,80 per litre"
Gouden Carolus Cuvée van de Keizer Whisky Infused,"€ 11,00",Belgium,4.00,Brouwerij Het Anker,11.7%,Belgian Strong Dark Ale,Bottle 750ml,"€ 14,67 per litre"
Robert-le-Diable,"€ 3,87",Belgium,3.69,La Source Beer Co.,4.6%,Sour - Other,330ml,"€ 11,73 per litre"
Muifel Vatgerijpt #9 Black Bastard Heaven Hill Bourbon,"€ 7,25",Netherlands,4.06,Muifelbrouwerij,12%,Stout - Imperial / Double,330ml,"€ 21,97 per litre"
Marvoloso 2022: V11,"€ 24,00",United States,4.30,Commonwealth Brewing Company,12.2%,Stout - Imperial / Double,Bottle 500ml,"€ 48,00 per litre"
Black Forest,"€ 22,80",United States,4.05,Commonwealth Brewing Company,15%,Stout - Imperial / Double,Bottle 500ml,"€ 45,60 per litre"
Kemker Aoltbeer 2022-07 - Plums,"€ 22,31",Germany,4.11,Kemker Kultuur (Brauerei J. Kemker),6%,Farmhouse Ale - Saison,Bottle 750ml,"€ 29,75 per litre"
Kemker Aoltbeer 2022-10 - Mirabelle,"€ 22,31",Germany,4.10,Kemker Kultuur (Brauerei J. Kemker),6%,Sour - Other,Bottle 750ml,"€ 29,75 per litre"
"Kemker Appel Wien 2021-07 - Apples, Pears and Medlars","€ 19,47",Germany,4.09,Kemker Kultuur (Brauerei J. Kemker),7%,Cider - Other Fruit,Bottle 750ml,"€ 25,96 per litre"
Kemker Aoltbeer 2022-08 - Pinot Blanc,"€ 23,55",Germany,4.07,Kemker Kultuur (Brauerei J. Kemker),6%,Sour - Other,Bottle 750ml,"€ 31,40 per litre"
Kemker Aoltbeer 2022-09 - Rhubarb,"€ 22,31",Germany,4.01,Kemker Kultuur (Brauerei J. Kemker),6%,Sour - Other,Bottle 750ml,"€ 29,75 per litre"
Kemker Lust 2021-02 - Plums,"€ 19,95",Germany,3.89,Kemker Kultuur (Brauerei J. Kemker),6%,Cider - Other Fruit,Bottle 750ml,"€ 26,60 per litre"
Kemker Smauk,"€ 10,31",Germany,3.89,Kemker Kultuur (Brauerei J. Kemker),7.5%,Sour - Other,Bottle 375ml,"€ 27,49 per litre"
Kemker Lust 2021-03 - Cherries,"€ 19,95",Germany,3.88,Kemker Kultuur (Brauerei J. Kemker),6%,Cider - Other Fruit,Bottle 750ml,"€ 26,60 per litre"
Kemker Hanni,"€ 14,14",Germany,3.82,Kemker Kultuur (Brauerei J. Kemker),6%,Farmhouse Ale - Bière de Coupage,Bottle 750ml,"€ 18,85 per litre"
Kemker Appel Wien 2021-06,"€ 19,47",Germany,3.81,Kemker Kultuur (Brauerei J. Kemker),7%,Cider - Dry,Bottle 750ml,"€ 25,96 per litre"
Kemker Stadt Land Bier,"€ 7,37",Germany,3.68,Kemker Kultuur (Brauerei J. Kemker),3.5%,Farmhouse Ale - Saison,Bottle 375ml,"€ 19,65 per litre"
Castles of Gondar (Bourbon Barrel Aged),"€ 24,99",Brazil,4.32,Croma,12%,Stout - Imperial / Double,Bottle 375ml,"€ 66,64 per litre"
Tilquin Oude Mûre Tilquin à l 'Ancienne,"€ 14,99",Belgium,4.14,Gueuzerie Tilquin,6%,Lambic - Fruit,Bottle 375ml,"€ 39,97 per litre"
Blaugies La Moneuse,"€ 7,27",Belgium,3.74,Brasserie de Blaugies,8%,Farmhouse Ale - Saison,Bottle 750ml,"€ 9,69 per litre"
Verzet Oud Bruin Vineyard 2021,"€ 4,57",Belgium,3.69,Brouwerij 't Verzet,6%,Sour - Flanders Oud Bruin,330ml,"€ 13,85 per litre"
Noyau Meuron,"€ 24,00",Switzerland,4.26,À tue-tête,6.5%,Sour - Other,Bottle 750ml,"€ 32,00 per litre"
Petit Fruit - collaboration Buvance,"€ 18,00",France,4.09,Popihn Sauvages,6.8%,Wild Ale - Other,Bottle 750ml,"€ 24,00 per litre"
Muifel Zuster Agatha,"€ 3,20",Netherlands,3.64,Muifelbrouwerij,10%,Belgian Quadrupel,330ml,"€ 9,70 per litre"
Mesmerist,"€ 3,30",England,3.56,Siren Craft Brew,3.4%,Pale Ale - Other,Can 330ml,"€ 10,00 per litre"
Sour'ire De Mortagne Bosbes Spanish Brandy BA,"€ 14,61",Belgium,3.82,Brouwerij Alvinne,11%,Sour - Fruited,Bottle 375ml,"€ 38,96 per litre"
Holy Laerdal,"€ 4,11",Belgium,3.61,L'Ermitage,5.2%,Sour - Fruited,330ml,"€ 12,45 per litre"
The Rapture (2023),"€ 3,79",Netherlands,3.55,Vet & Lazy,12%,Barleywine - Other,330ml,"€ 12,45 per litre"
Spontan Cherry Frederiksdal 2020 Sour Ale,"€ 16,99",Denmark,3.96,Mikkeller,7.2%,Lambic - Kriek,Bottle 375ml,"€ 45,31 per litre"
Théorème de l'Empreur,"€ 3,62",Belgium,3.62,L'Ermitage,6.4%,Spiced / Herbed Beer,330ml,"€ 10,97 per litre"
Want Some More Blueberry Pie? Red Wine / Bourbon BA,"€ 7,75",Belgium,3.72,Galea Craft Beers,12.5%,Stout - Imperial / Double Pastry,330ml,"€ 23,48 per litre"
Ur-Helles BIO,"€ 2,39",Germany,3.25,Riedenburger Brauhaus,4.8%,Lager - Helles,500ml,"€ 4,78 per litre"
Ur-Helles Alkoholfrei BIO,"€ 2,39",Germany,2.94,Riedenburger Brauhaus,0.5%,Non-Alcoholic - Lager,500ml,"€ 4,78 per litre"
SLUSHY XL Banana Bluntz,"€ 8,90",United States,3.91,450 North Brewing Company,5.3%,Sour - Fruited,473ml,"€ 18,82 per litre"
Pachamama Aged In Pedro Ximenez Barrels,"€ 15,90",England,3.87,Thornbridge Brewery,10%,Brown Ale - Imperial / Double,Bottle 375ml,"€ 42,40 per litre"
SLUSHY XXL Monkey Kong,"€ 8,90",United States,3.78,450 North Brewing Company,5.3%,Sour - Smoothie / Pastry,473ml,"€ 18,82 per litre"
WILD  19 - Double Peach Mix Fermentation Sour Saison,"€ 10,49",Poland,3.86,Browar Stu Mostów,5.3%,Farmhouse Ale - Saison,Bottle 375ml,"€ 27,97 per litre"
Den Haag English-Style Imperial Old Ale,"€ 19,10",United States,4.25,Hoppin' Frog Brewery,16.8%,Old / Stock Ale,473ml,"€ 40,38 per litre"
Imperial Russian Stout (fles),"€ 3,45",Netherlands,3.67,Dutch Bargain,11.5%,Stout - Russian Imperial,330ml,"€ 10,45 per litre"
Hemelsbruin,"€ 3,05",Netherlands,3.64,Brouwerij De Werf,9%,Belgian Quadrupel,330ml,"€ 9,24 per litre"
Donker Sur Lie PX / Auchentoshan,"€ 4,65",Netherlands,3.61,Brouwerij In De Nacht,10%,Belgian Quadrupel,330ml,"€ 14,09 per litre"
Doerak,"€ 3,20",Netherlands,3.54,Van Moll,6.3%,IPA - American,330ml,"€ 9,70 per litre"
Beerskey,"€ 4,60",Netherlands,3.45,Muifelbrouwerij,11%,Smoked Beer,330ml,"€ 13,94 per litre"
American Brown Al,"€ 3,40",Netherlands,3.36,Brouwerij Kees,5.9%,Brown Ale - American,330ml,"€ 10,30 per litre"
Little Brown Bag Chocolate Brown Ale Chapter 09/12 2023,"€ 3,65",Netherlands,3.53,Jopen,9%,Brown Ale - Other,Can 330ml,"€ 11,06 per litre"
Franc,"€ 32,00",Netherlands,4.27,Tommie Sjef,7.7%,Wild Ale - Other,Bottle 750ml,"€ 42,67 per litre"
Mesh,"€ 19,50",England,4.10,Mills Brewing,6.5%,Wild Ale - Other,Bottle 750ml,"€ 26,00 per litre"
Sour Crusher Grapefruit,"€ 9,30",United States,3.85,Skygazer Brewing Company,5%,Sour - Fruited,473ml,"€ 19,66 per litre"
Sour Crusher Apricot,"€ 8,40",United States,3.81,Skygazer Brewing Company,5%,Sour - Fruited,473ml,"€ 17,76 per litre"
Gueuze Cuvée Héritage - 2022,"€ 29,99",Belgium,4.19,Het Boerenerf Eylenbosch,7%,Lambic - Gueuze,473ml,"€ 17,76 per litre"
Gueuze Cuvée Héritage - 2022 Magnum,"€ 72,99",Belgium,4.19,Het Boerenerf Eylenbosch,7%,Lambic - Gueuze,Bottle 1500ml,"€ 48,66 per litre"
Kwee (Magnum),"€ 72,99",Belgium,4.10,Het Boerenerf Eylenbosch,7%,Lambic - Fruit,Bottle 1500ml,"€ 48,66 per litre"
Oude Gueuze 2023-3,"€ 17,99",Belgium,4.09,Het Boerenerf Eylenbosch,7%,Lambic - Gueuze,Bottle 750ml,"€ 23,99 per litre"
Biet - Oogst 2022,"€ 28,99",Belgium,4.09,Het Boerenerf Eylenbosch,7%,Lambic - Other,Bottle 750ml,"€ 38,65 per litre"
Société du Chêne Member Bottle (2020),"€ 159,99",United States,4.50,Perennial Artisan Ales,15.2%,Stout - Imperial / Double,Bottle 750ml,"€ 38,65 per litre"
Uncle Pop's Soda Series - Root Beer Float Pastry Sour,"€ 7,50",Norway,3.55,Amundsen Brewery,6%,Sour - Smoothie / Pastry,Can 440ml,"€ 17,05 per litre"
Reverberant (Bourbon Barrel),"€ 179,95",United States,4.49,Side Project Brewing,15%,Barleywine - English,Can 440ml,"€ 17,05 per litre"
Dubbel,"€ 2,05",Belgium,3.45,Affligem Brouwerij,6.8%,Belgian Dubbel,300ml,"€ 6,83 per litre"
Budvar Original Czech Imported Lager,"€ 1,70",Czech Republic,3.30,Budějovický Budvar,5%,Pilsner - Czech / Bohemian,330ml,"€ 5,15 per litre"
Serenity (Batch 4),"€ 22,70",Australia,3.77,Wildflower Brewing & Blending,5.8%,Wild Ale - Other,Bottle 750ml,"€ 30,27 per litre"
Purple People Eater,"€ 6,99",Spain,3.62,Basqueland Brewing,5.9%,Sour - Fruited,Can 440ml,"€ 15,89 per litre"
Zwarte Ziel 2023 BA Bourbon Blend,"€ 6,60",Netherlands,3.96,Jopen,10%,Porter - Imperial / Double,330ml,"€ 20,00 per litre"
Noir De Dottignies,"€ 2,84",Belgium,3.71,Brouwerij De Ranke,8.5%,Belgian Strong Dark Ale,330ml,"€ 8,61 per litre"
La Trappe Blond,"€ 4,00",Netherlands,3.67,Bierbrouwerij De Koningshoeven,6.5%,Belgian Blonde,Bottle 330ml,"€ 12,12 per litre"
Cuvée De Ranke,"€ 10,30",Belgium,3.93,Brouwerij De Ranke,7%,Sour - Other,Bottle 750ml,"€ 13,73 per litre"
Guldenberg,"€ 9,30",Belgium,3.61,Brouwerij De Ranke,8%,Belgian Tripel,Bottle 750ml,"€ 12,40 per litre"
Organic Strawberry Fruit Beer,"€ 4,20",England,3.71,Melbourn Bros’ All Saints Brewery,5.1%,Fruit Beer,Bottle 355ml,"€ 11,83 per litre"
Organic Apricot Fruit Beer,"€ 4,20",England,3.47,Melbourn Bros’ All Saints Brewery,5.1%,Fruit Beer,Bottle 355ml,"€ 11,83 per litre"
Schlenkerla Rauchbier Märzen,"€ 2,20",Germany,3.48,"Schlenkerla (""Heller-Bräu"" Trum)",5.1%,Rauchbier,500ml,"€ 4,40 per litre"
Churchill B.A. 2023 vol. 1 Barrel Aged Imperial Stout,"€ 9,99",Netherlands,4.04,Brouwerij Frontaal,10%,Stout - Imperial / Double,330ml,"€ 30,27 per litre"
Boerenerf Royal (Oogst 2022),"€ 28,17",Belgium,4.01,Het Boerenerf Eylenbosch,8%,Lambic - Other,Bottle 750ml,"€ 37,56 per litre"
Kasteelbier Tripel,"€ 6,20",Belgium,3.63,Kasteel Brouwerij Vanhonsebrouck,11%,Belgian Tripel,330ml,"€ 18,79 per litre"
Oude Geuze Boon Black Label n°8,"€ 11,80",Belgium,3.79,Brouwerij Boon,7%,Lambic - Gueuze,Bottle 750ml,"€ 15,73 per litre"
Hypercolour Double IPA,"€ 5,99",Netherlands,3.74,Jopen,8.5%,IPA - Imperial / Double,330ml,"€ 18,15 per litre"
Mac Ivors Medium Irish Cider,"€ 4,49",Northern Ireland,3.55,Mac Ivors Cider Company,4.5%,Cider - Traditional / Apfelwein,500ml,"€ 8,98 per litre"
Déviation 2022 - 2,"€ 13,50",France,3.86,Hoppy Road,5.3%,Grape Ale - Other,Bottle 750ml,"€ 18,00 per litre"
Rosé de Gambrinus,"€ 9,80",Belgium,4.27,Brasserie Cantillon,5%,Lambic - Framboise,Bottle 375ml,"€ 26,13 per litre"
Achel Tripel,"€ 2,30",Belgium,3.67,Brouwerij der Sint-Benedictusabdij De Achelse Kluis,8%,Belgian Tripel,330ml,"€ 6,97 per litre"
That Psycho Chick,"€ 7,00",Italy,3.78,White Pony Microbrewery,11.5%,Stout - Imperial / Double,330ml,"€ 21,21 per litre"
The Hypocrisy of Morality,"€ 7,70",Italy,3.48,White Pony Microbrewery,12%,Barleywine - Other,330ml,"€ 23,33 per litre"
Hopnytized DIPA,"€ 2,80",Belgium,3.76,Enigma,9%,IPA - Imperial / Double,330ml,"€ 8,48 per litre"
Lager,"€ 2,20",Spain,3.21,Ocean Beer,4.8%,Lager - Pale,330ml,"€ 6,67 per litre"
El Dorado,"€ 2,80",Belgium,3.60,Enigma,10%,IPA - Triple,330ml,"€ 8,48 per litre"
Thread Count,"€ 27,80",United States,4.39,Jackie O's Brewery,13.4%,Stout - Imperial / Double,Bottle 375ml,"€ 74,13 per litre"
Night Machine,"€ 8,95",United States,4.13,Drekker Brewing Company,8.1%,IPA - Imperial / Double,473ml,"€ 18,92 per litre"
Juiceler,"€ 8,95",United States,4.08,Drekker Brewing Company,8%,IPA - Imperial / Double New England / Hazy,473ml,"€ 18,92 per litre"
Expensive Piece,"€ 8,08",United States,4.08,Ascension Brewing Company,5%,Sour - Fruited Berliner Weisse,473ml,"€ 17,08 per litre"
blueblueferrariferrari,"€ 10,25",United States,4.07,The Veil Brewing Co.,8%,IPA - Imperial / Double New England / Hazy,473ml,"€ 21,67 per litre"
Cat Nap Enhanced,"€ 8,55",United States,4.02,The Veil Brewing Co.,6%,IPA - New England / Hazy,473ml,"€ 18,08 per litre"
Pretty Fly For A White Rye,"€ 7,40",United States,3.72,Turning Point Beer,4.8%,Wheat Beer - Witbier / Blanche,473ml,"€ 15,64 per litre"
À Tue-Tête Betterave 2023,"€ 23,75",Switzerland,4.04,À tue-tête,6.5%,Sour - Fruited,Bottle 750ml,"€ 31,67 per litre"
À Tue-Tête Noyau 2023,"€ 22,36",Switzerland,3.98,À tue-tête,6.5%,Sour - Other,Bottle 750ml,"€ 29,81 per litre"
Muifel Zuster Agatha Houtgerijpt - 2022,"€ 4,14",Netherlands,3.80,Muifelbrouwerij,11.5%,Belgian Quadrupel,330ml,"€ 12,55 per litre"
Corvo Negro,"€ 6,69",United States,3.80,Novo Brazil Brewing,11%,Stout - Russian Imperial,473ml,"€ 14,14 per litre"
Störtebeker Schwarzbier,"€ 2,09",Germany,3.30,Störtebeker Braumanufaktur,5%,Schwarzbier,500ml,"€ 4,18 per litre"
Triple Trouble,"€ 3,40",Netherlands,3.58,Van Moll,8.2%,Belgian Tripel,330ml,"€ 10,30 per litre"
Black Fuel,"€ 2,35",Belgium,3.48,Enigma,9.5%,Belgian Strong Dark Ale,330ml,"€ 7,12 per litre"
Barrel Aged Bestowed – Birthday (3rd Anniversary),"€ 24,99",Canada,4.29,Third Moon Brewing Company,13%,Stout - Imperial / Double Pastry,Bottle 375ml,"€ 66,64 per litre"
Common Grounds,"€ 5,99",Netherlands,4.04,Moersleutel Craft Brewery,12%,Stout - Imperial / Double Pastry,Can 440ml,"€ 13,61 per litre"
Störtebeker BIO Übersee-Pils,"€ 2,19",Germany,3.36,Störtebeker Braumanufaktur,5.2%,Pilsner - German,500ml,"€ 4,38 per litre"
Export-Bier,"€ 1,90",Germany,3.39,Brauerei Ott,5.3%,Lager - Dortmunder / Export,500ml,"€ 3,80 per litre"
Cassis,"€ 7,18",Belgium,3.78,Hanssens Artisanaal,6%,Lambic - Fruit,Bottle 375ml,"€ 19,15 per litre"
Blond,"€ 3,70",Scotland,3.61,Pilot,4%,Pale Ale - American,330ml,"€ 11,21 per litre"
Pohjala Sticks & Stones,"€ 7,99",Estonia,4.04,Põhjala,13.5%,Stout - Imperial / Double,330ml,"€ 24,21 per litre"
Tartarus The Mackenzie Poltergeist,"€ 10,99",England,4.29,Tartarus Beers,14.1%,Stout - Imperial / Double Pastry,Can 440ml,"€ 24,98 per litre"
45 Días,"€ 15,50",Denmark,2.86,To Øl,4.5%,Lager - Mexican,6-pack,"Total price: € 15,50"
45 Días,"€ 28,90",Denmark,2.86,To Øl,4.5%,Lager - Mexican,12-pack,"Total price: € 28,90"
Stöckel - Ahorntaler Lager Hell,"€ 2,00",Germany,3.39,Privatbrauerei Stöckel,5.1%,Lager - Helles,500ml,"€ 4,00 per litre"
45 Días,"€ 2,90",Denmark,2.86,To Øl,4.5%,Lager - Mexican,330ml,"€ 8,79 per litre"
La Trappe Quadrupel,"€ 6,20",Netherlands,3.91,Bierbrouwerij De Koningshoeven,10%,Belgian Quadrupel,330ml,"€ 18,79 per litre"
Hefe Weisse 50cl Bottle,"€ 3,90",Germany,3.67,Paulaner Brauerei,5.5%,Wheat Beer - Hefeweizen,500ml,"€ 7,80 per litre"
Floris Framboos,"€ 4,00",Belgium,3.55,Delirium - Huyghe Brewery,3.6%,Fruit Beer,330ml,"€ 12,12 per litre"
Floris Kriek,"€ 3,90",Belgium,3.53,Delirium - Huyghe Brewery,3.6%,Wheat Beer - Fruited,330ml,"€ 11,82 per litre"
Hopus,"€ 5,60",Belgium,3.52,Brasserie Lefebvre,8.3%,Belgian Strong Golden Ale,350ml,"€ 16,00 per litre"
Floris Passionfruit,"€ 3,90",Belgium,3.44,Delirium - Huyghe Brewery,3.6%,Fruit Beer,330ml,"€ 11,82 per litre"
Belgian Pils,"€ 3,40",Belgium,3.25,Brasserie Jupiler,5.2%,Pilsner - Other,330ml,"€ 10,30 per litre"
Floris Honey,"€ 4,10",Belgium,2.94,Delirium - Huyghe Brewery,4.5%,Honey Beer,330ml,"€ 12,42 per litre"
Premium Pils (gluten free),"€ 3,80",Belgium,2.87,Mongozo,5%,Gluten-Free,330ml,"€ 11,52 per litre"
Floris Chocolate,"€ 4,00",Belgium,2.79,Delirium - Huyghe Brewery,4.2%,Spiced / Herbed Beer,330ml,"€ 12,12 per litre"
NA Low Alcohol,"€ 2,30",Belgium,1.94,Brasserie Jupiler,0.5%,Non-Alcoholic - Lager,Bottle 250ml,"€ 9,20 per litre"
Walhalla Mist Weizen,"€ 3,25",Netherlands,3.43,Walhalla Brouwerij & Proeflokaal,5.5%,Sour - Fruited,330ml,"€ 9,85 per litre"
Star Trails,"€ 7,15",Austria,3.75,Bierol,13.2%,Stout - Imperial / Double,330ml,"€ 21,67 per litre"
Zeeuwse Bierselectie Zeeuws Blondje,"€ 3,20",Netherlands,3.20,Versplus BV,6%,Blonde / Golden Ale - Other,330ml,"€ 21,67 per litre"
Pickup + Packaging Pellicle Vergistingen Summer Release 2023 6x,"€ 43,00",United States,3.58,Infinite Ale Works,6%,Pilsner - Czech / Bohemian,Bottle 750ml,"€ 57,33 per litre"
Psst...It`s Your Weekend - Hazy    IPA,"€ 2,40",Poland,3.80,Browar PINTA,6%,IPA - New England / Hazy,500ml,"€ 4,80 per litre"
"The Saviour of the Broken, the Beaten, And the Damned","€ 8,48",England,4.15,Low Key Barrel Project,11%,Stout - Imperial / Double Pastry,Can 440ml,"€ 19,27 per litre"
LeFort,"€ 7,95",Belgium,3.62,Omer Vander Ghinste,10%,Belgian Strong Dark Ale,Bottle 750ml,"€ 10,60 per litre"
Zeven Zonden Superbia,"€ 3,60",Belgium,3.56,Hugel,7%,IPA - Other,330ml,"€ 10,91 per litre"
Zeven Zonden GULA,"€ 3,50",Belgium,3.42,Hugel,10%,Belgian Strong Dark Ale,330ml,"€ 10,61 per litre"
Canuckley,"€ 33,50",United States,4.41,Transient Artisan Ales,14.5%,Stout - Imperial / Double,500ml,"€ 67,00 per litre"
Forward Into Yesterday,"€ 27,80",United States,4.40,Jackie O's Brewery,15.2%,Stout - Imperial / Double,Bottle 375ml,"€ 74,13 per litre"
Bound By Dust,"€ 27,80",United States,4.33,Jackie O's Brewery,13.3%,Stout - Imperial / Double,Bottle 375ml,"€ 74,13 per litre"
Bring The Ruckley,"€ 32,50",United States,4.29,Transient Artisan Ales,14.5%,Stout - Imperial / Double,500ml,"€ 65,00 per litre"
Life For A Puppy Shouldn't Be So Ruff,"€ 32,50",United States,4.28,Transient Artisan Ales,14.5%,Stout - Imperial / Double,500ml,"€ 65,00 per litre"
Life For A Puppy Shouldn't Be So Ruff Swirl,"€ 33,00",United States,4.27,Transient Artisan Ales,13.5%,Stout - Imperial / Double,500ml,"€ 66,00 per litre"
Buckley Select #6,"€ 33,50",United States,4.23,Transient Artisan Ales,14.5%,Stout - Imperial / Double,500ml,"€ 67,00 per litre"
Camba IPA,"€ 4,29",United States,3.68,Boston Beer Company/ Camba Bavaria,7.2%,IPA - New England / Hazy,Can 440ml,"€ 9,75 per litre"
Pauwel Kwak,"€ 6,50",Belgium,3.76,Brouwerij Bosteels,8.4%,Pale Ale - Belgian,Bottle 750ml,"€ 8,67 per litre"
Blonde Tripel,"€ 5,99",Belgium,3.60,Brasserie Lupulus,8.5%,Belgian Tripel,Bottle 750ml,"€ 7,99 per litre"
Rosé Gold,"€ 3,85",United States,3.55,Stillwater Artisanal,5%,Wild Ale - American,Can 440ml,"€ 8,75 per litre"
Bright White,"€ 3,55",United States,3.45,Stillwater Artisanal,5.8%,Wheat Beer - Other,330ml,"€ 10,76 per litre"
Plum Provision,"€ 18,86",England,3.88,Burning Sky Brewery,6.7%,Farmhouse Ale - Saison,Bottle 750ml,"€ 25,15 per litre"
Table Beer,"€ 16,29",England,3.51,Burning Sky Brewery,3.7%,Table Beer,Bottle 750ml,"€ 21,72 per litre"
IIPPAA,"€ 2,50",Poland,3.73,Browar PINTA,8.1%,IPA - Imperial / Double,10-pack,"Total price: € 2,50"
I`m so Horny!,"€ 27,10",Poland,3.72,Browar PINTA,6.7%,Lager - Dark,10-pack,"Total price: € 27,10"
Atak Chmielu,"€ 2,30",Poland,3.55,Browar PINTA,6.1%,IPA - American,10-pack,"Total price: € 2,30"
Mini Maxi IPA,"€ 3,20",Poland,3.30,Browar PINTA,0.5%,Non-Alcoholic - Pale Ale,10-pack,"Total price: € 3,20"
De Cam Oude Lambiek 2017,"€ 26,77",Belgium,4.05,Geuzestekerij De Cam,5%,Lambic - Traditional,Bottle 750ml,"€ 35,69 per litre"
Hell,"€ 2,00",Germany,3.44,Brauerei Meister,4.8%,Lager - Helles,500ml,"€ 4,00 per litre"
Masterbar Vanilla & Coconut,"€ 3,30",Poland,4.00,Browar PINTA,11%,Barleywine - Other,330ml,"€ 10,00 per litre"
Hazy Delivery,"€ 2,50",Poland,3.74,Browar PINTA,6%,IPA - New England / Hazy,500ml,"€ 5,00 per litre"
Brunehaut Triple Bio Gluten Free,"€ 7,40",Belgium,3.32,Brasserie de Brunehaut,8%,Gluten-Free,Bottle 750ml,"€ 9,87 per litre"
Arcobräu Mooser Liesl Helles,"€ 2,19",Germany,3.48,Arcobräu Gräfliches Brauhaus,5.3%,Lager - Helles,330ml,"€ 6,64 per litre"
Arcobräu Mooser Liesl Helles,"€ 2,19",Germany,3.48,Arcobräu Gräfliches Brauhaus,5.3%,Lager - Helles,500ml,"€ 4,38 per litre"
Aardbei Oogst 2021 (season 21|22) Blend No. 77,"€ 36,00",Belgium,4.35,Brouwerij 3 Fonteinen,6.5%,Lambic - Fruit,Bottle 750ml,"€ 48,00 per litre"
Perzik Rood (season 21|22) Blend No. 20,"€ 32,00",Belgium,4.32,Brouwerij 3 Fonteinen,6.2%,Lambic - Fruit,Bottle 750ml,"€ 42,67 per litre"
Oro Verde (2022),"€ 23,95",United States,?,Capital Brewery,6.2%,IPA - American,Bottle 750ml,"€ 31,93 per litre"
Birthday Brunch,"€ 11,45",Estonia,4.06,Sori Brewing,11%,Porter - Imperial / Double Baltic,330ml,"€ 34,70 per litre"
Coffee & Cakes,"€ 10,50",United States,4.16,Hubbard's Cave,12%,Stout - Imperial / Double Pastry,473ml,"€ 22,20 per litre"
Jan De Lichte,"€ 3,20",Belgium,3.63,Brouwerij De Glazen Toren,7%,Wheat Beer - Witbier / Blanche,473ml,"€ 22,20 per litre"
Photo Bomb,"€ 10,50",United States,4.19,District 96 Beer Factory,8%,IPA - Imperial / Double New England / Hazy,473ml,"€ 22,20 per litre"
Exquisite Beast,"€ 8,50",United States,4.15,Dancing Gnome,8.5%,IPA - Imperial / Double,473ml,"€ 22,20 per litre"
Hope,"€ 8,50",United States,3.94,District 96 Beer Factory,6.8%,IPA - New England / Hazy,473ml,"€ 17,97 per litre"
Alkoholfrei,"€ 1,90",Germany,3.43,Brauerei Gebr. Maisel,0.5%,Non-Alcoholic - IPA,330ml,"€ 5,76 per litre"
Blonden Os,"€ 2,05",Belgium,3.41,Bourgogne des Flandres,6.5%,Belgian Blonde,330ml,"€ 6,21 per litre"
Boerenerf  Kriek (Oogst 2022),"€ 12,88",Belgium,4.09,Het Boerenerf Eylenbosch,7%,Lambic - Kriek,Bottle 375ml,"€ 34,35 per litre"
Boerenerf / Nevel Wild Borders Oogst 2022,"€ 10,21",Belgium,3.93,Het Boerenerf Eylenbosch,6%,Lambic - Other,Bottle 375ml,"€ 27,23 per litre"
Au Baron Saison Baron Prune,"€ 7,25",France,3.84,Brasserie au Baron,6%,Farmhouse Ale - Saison,Bottle 750ml,"€ 9,67 per litre"
Oude Geuze,"€ 6,49",Belgium,3.77,Oud Beersel,6.5%,Lambic - Gueuze,Bottle 750ml,"€ 9,67 per litre"
For.Rest,"€ 4,30",Poland,3.48,Browar Nepomucen,0.5%,Non-Alcoholic - IPA,500ml,"€ 8,60 per litre"
Black Tuesday (2016),"€ 77,95",United States,4.47,The Bruery,20.3%,Stout - Imperial / Double,500ml,"€ 8,60 per litre"
Grey Monday (2016),"€ 72,99",United States,4.42,The Bruery,19.8%,Stout - Imperial / Double,500ml,"€ 8,60 per litre"
A Bird To Explore (Gold Label - Bourbon Maple Barrel Aged),"€ 64,95",United States,4.32,Kane Brewing Company,10.6%,Stout - Imperial / Double,500ml,"€ 8,60 per litre"
Boerenerf Oude Cider (Oogst 2022),"€ 7,17",Belgium,3.88,Het Boerenerf Eylenbosch,6%,Cider - Dry,Bottle 375ml,"€ 19,12 per litre"
Farm Flowers Farmhouse,"€ 13,10",Italy,4.15,Brasseria Della Fonte,6%,Farmhouse Ale - Saison,500ml,"€ 26,20 per litre"
7PK,"€ 3,07",Belgium,3.39,PK Bier,7%,Specialty Grain,330ml,"€ 9,30 per litre"
Porter Malinowy,"€ 2,90",Poland,3.80,Browar Fortuna,8.5%,Porter - Baltic,Bottle 500ml,"€ 5,80 per litre"
Bath Bomb: Strawberry Blackberry Pineapple,"€ 8,50",United States,4.22,Fifth Frame Brewing Co.,6%,Sour - Fruited,473ml,"€ 17,97 per litre"
"Bath Bomb: Orange, Mango, Banana","€ 8,50",United States,4.21,Fifth Frame Brewing Co.,6%,Sour - Fruited,473ml,"€ 17,97 per litre"
Dragon Fandango,"€ 10,50",United States,4.19,Toppling Goliath Brewing Co.,4.2%,Sour - Fruited,473ml,"€ 22,20 per litre"
"Liquid Lollipop: Mango, Kiwi, Strawberry","€ 9,50",United States,4.09,Froth Brewing Co.,6.5%,Sour - Fruited,473ml,"€ 20,08 per litre"
Liquid Lollipop: Black Currant & Passionfruit,"€ 9,50",United States,4.02,Froth Brewing Co.,6.5%,Sour - Fruited,473ml,"€ 20,08 per litre"
"Liquid Lollipop: Raspberry, Blueberry, Cheesecake","€ 11,50",United States,3.98,Froth Brewing Co.,6.5%,Sour - Fruited,473ml,"€ 24,31 per litre"
Liquid Charms,"€ 9,50",United States,3.74,Froth Brewing Co.,6.5%,Sour - Fruited,473ml,"€ 20,08 per litre"
Omer VanderGhinste Ypra,"€ 2,95",Belgium,3.47,Omer Vander Ghinste,6%,Belgian Blonde,330ml,"€ 8,94 per litre"
"Side Project: Pulling Nails, Blend #16","€ 54,49",United States,4.13,Side Project Brewing,7%,Wild Ale - American,Bottle 750ml,"€ 72,65 per litre"
Pescharina - Oogst 2022,"€ 28,20",Belgium,4.18,Het Boerenerf Eylenbosch,7%,Lambic - Fruit,Bottle 750ml,"€ 37,60 per litre"
Rabarber - Oogst 2022,"€ 28,20",Belgium,4.14,Het Boerenerf Eylenbosch,7%,Lambic - Fruit,Bottle 750ml,"€ 37,60 per litre"
Framboos - Oogst 2022,"€ 28,20",Belgium,4.12,Het Boerenerf Eylenbosch,7%,Lambic - Framboise,Bottle 750ml,"€ 37,60 per litre"
Kwee - Oogst 2022,"€ 28,20",Belgium,4.10,Het Boerenerf Eylenbosch,7%,Lambic - Fruit,Bottle 750ml,"€ 37,60 per litre"
Biet - Oogst 2022,"€ 28,20",Belgium,4.09,Het Boerenerf Eylenbosch,7%,Lambic - Other,Bottle 750ml,"€ 37,60 per litre"
Oude Gueuze 2023-1 • 375ml,"€ 10,00",Belgium,4.08,Het Boerenerf Eylenbosch,7%,Lambic - Gueuze,Bottle 375ml,"€ 26,67 per litre"
Zomerkriek - Oogst 2022,"€ 28,20",Belgium,4.08,Het Boerenerf Eylenbosch,7%,Lambic - Other,Bottle 750ml,"€ 37,60 per litre"
Cannonau - Oogst 2022,"€ 28,20",Belgium,3.97,Het Boerenerf Eylenbosch,7%,Cider - Other Fruit,Bottle 750ml,"€ 37,60 per litre"
Oude Cider - Oogst 2022 • 375ml,"€ 7,20",Belgium,3.88,Het Boerenerf Eylenbosch,6%,Cider - Dry,Bottle 375ml,"€ 19,20 per litre"
Do it for the Graham,"€ 41,99",United States,4.33,Hidden Springs Ale Works,12%,Stout - Imperial / Double Pastry,Bottle 375ml,"€ 19,20 per litre"
In Between Dreams 2022,"€ 41,99",United States,4.36,Hidden Springs Ale Works,14%,Stout - Imperial / Double Pastry,Bottle 375ml,"€ 19,20 per litre"
The Original Smokey Imperial Porter,"€ 3,25",Netherlands,3.62,De Kromme Haring,8.5%,Porter - Smoked,Can 330ml,"€ 9,85 per litre"
Zeebonk New England IPA,"€ 3,40",Netherlands,3.62,Brouwerij Homeland,6.4%,IPA - New England / Hazy,Can 330ml,"€ 10,30 per litre"
Bloedbroeder Imperial Stout Blik SB,"€ 3,55",Netherlands,3.47,KOMPAAN Dutch Craft Beer Company,9.1%,Stout - Imperial / Double,330ml,"€ 10,76 per litre"
Libidus Quartz,"€ 2,50",Belgium,3.11,Libidus - Let it Beer,6.9%,Fruit Beer,330ml,"€ 7,58 per litre"
Kransekake Stout,"€ 6,00",Norway,4.02,LERVIG,11%,Stout - Imperial / Double Pastry,330ml,"€ 18,18 per litre"
Struise Black Albert,"€ 4,50",Belgium,4.10,De Struise Brouwers,13%,Stout - Belgian,330ml,"€ 13,64 per litre"
Struise Black Damnation Xxiv - Octopussy,"€ 34,99",Belgium,4.03,De Struise Brouwers,13%,Stout - Russian Imperial,330ml,"€ 13,64 per litre"
Bereta / La Calavera All Empires Fall,"€ 8,59",Romania,4.11,Bereta Brewing Co.,11.3%,Stout - Imperial / Double,330ml,"€ 26,03 per litre"
Facing the Storm - Mauritius Rum BA With Smoked Plums,"€ 12,59",Romania,3.96,Strange Companion,10.3%,Old / Stock Ale,Bottle 375ml,"€ 33,57 per litre"
Faro,"€ 3,50",Belgium,3.47,Brouwerij Lindemans,4.5%,Lambic - Faro,355ml,"€ 9,86 per litre"
Kasteel XTRA,"€ 1,80",Belgium,3.28,Kasteel Brouwerij Vanhonsebrouck,4.5%,Belgian Blonde,330ml,"€ 5,45 per litre"
Double Trouble,"€ 4,15",Belgium,3.72,Brasserie Surréaliste,8.5%,IPA - Imperial / Double,330ml,"€ 12,58 per litre"
Blackout Brewing X Hophead - Black Star,"€ 7,99",Romania,3.86,Hophead Brewing,9%,Stout - Imperial / Double,330ml,"€ 12,58 per litre"
Pés Na Água,"€ 3,75",Netherlands,3.46,Dutch Bargain,4.8%,Sour - Catharina,330ml,"€ 11,36 per litre"
Struise Pannepot Special Reserva - Vintage 2014,"€ 4,99",Belgium,4.05,De Struise Brouwers,10%,Belgian Strong Dark Ale,330ml,"€ 11,36 per litre"
Bière vivante fond de culotte 2022,"€ 17,80",France,3.91,La Brasserie des Voirons / LUG,6%,Wild Ale - Other,Bottle 750ml,"€ 23,73 per litre"
Bière vivante Nondegu 2023,"€ 13,50",France,3.28,La Brasserie des Voirons / LUG,6.5%,Farmhouse Ale - Saison,Bottle 750ml,"€ 18,00 per litre"
Gueuze Cuvee Rene Grand Cru,"€ 5,10",Belgium,4.00,Brouwerij Lindemans,6%,Lambic - Gueuze,Bottle 375ml,"€ 13,60 per litre"
Apple,"€ 3,80",Belgium,3.49,Brouwerij Lindemans,3.5%,Lambic - Fruit,355ml,"€ 10,70 per litre"
Konjaks-Kaggen! Stormaktsporter 2022 Imperial Porter,"€ 19,95",Sweden,4.32,Närke Kulturbryggeri,13.4%,Stout - Imperial / Double,Bottle 250ml,"€ 79,80 per litre"
Common Ground – Banana Pastry Inspired Stout,"€ 7,60",Poland,4.05,Funky Fluid,11.4%,Stout - Imperial / Double Pastry,Can 440ml,"€ 17,27 per litre"
Belle-Fleur IPA,"€ 3,25",Belgium,3.63,Brouwerij De Dochter van de Korenaar,6%,IPA - Belgian,330ml,"€ 9,85 per litre"
Eigenweiss Weizen,"€ 2,85",Netherlands,3.45,Bronckhorster Brewing Company,5%,Wheat Beer - Hefeweizen,330ml,"€ 8,64 per litre"
Prior Zwaar Donker,"€ 2,40",Belgium,3.45,Leroy Breweries,9%,Belgian Strong Dark Ale,330ml,"€ 7,27 per litre"
Stereo Tropical Pale Ale,"€ 2,35",Netherlands,3.36,Bruut Bier,4.6%,Pale Ale - Belgian,330ml,"€ 7,12 per litre"
Blanche de Liège Witbier,"€ 2,10",Belgium,3.36,Brasserie de l'Abbaye du Val-Dieu,4.9%,Wheat Beer - Witbier / Blanche,330ml,"€ 6,36 per litre"
Coastal IPA,"€ 3,50",Netherlands,3.53,Dutch Bargain,5.8%,IPA - American,330ml,"€ 10,61 per litre"
Jellyfish Huntress Triple IPA,"€ 9,40",United States,4.14,Nepenthe Brewing Co.,10%,IPA - Triple,Can 475ml,"€ 19,79 per litre"
Grimsy New England IPA,"€ 9,90",Canada,3.99,Third Moon Brewing Company,6.5%,IPA - New England / Hazy,Can 473ml,"€ 20,93 per litre"
You Gotta Make A Decision,"€ 16,09",Hungary,3.90,MadX,6%,Sour - Flanders Red Ale,Bottle 750ml,"€ 21,45 per litre"
Roasters Paradise Jaguara - Brazilia,"€ 7,28",Hungary,4.09,Mad Scientist,13%,Stout - Imperial / Double Coffee,330ml,"€ 22,06 per litre"
Places I've Been Double New England IPA,"€ 8,10",United States,4.01,Toppling Goliath Brewing Co.,7.8%,IPA - Imperial / Double,Can 473ml,"€ 17,12 per litre"
Passion Flick,"€ 3,32",Hungary,3.61,HORIZONT Brewing,4.1%,Pale Ale - Milkshake,330ml,"€ 10,06 per litre"
Cosmic Dubbabeebweepa Imperial IPA,"€ 9,40",United States,4.16,Nepenthe Brewing Co.,8.2%,IPA - Imperial / Double,Can 475ml,"€ 19,79 per litre"
Cureghem Kriekland,"€ 4,08",Belgium,3.62,L'Ermitage,6.5%,Sour - Fruited,330ml,"€ 12,36 per litre"
Kaggen Double Oaked Stormaktsporter 2021,"€ 19,99",Sweden,4.35,Närke Kulturbryggeri,11%,Stout - Imperial / Double,Bottle 250ml,"€ 79,96 per litre"
Konjaks-Kaggen Stormaktsporter 2022,"€ 19,99",Sweden,4.32,Närke Kulturbryggeri,13.4%,Stout - Imperial / Double,Bottle 250ml,"€ 79,96 per litre"
Dulle Teve,"€ 5,79",Belgium,3.74,Brouwerij De Dolle Brouwers,10%,Belgian Tripel,330ml,"€ 17,55 per litre"
Westmalle Tripel,"€ 7,95",Belgium,3.81,Brouwerij der Trappisten van Westmalle,9.5%,Belgian Tripel,Bottle 750ml,"€ 10,60 per litre"
Confluence,"€ 22,20",Portugal,4.06,Ophiussa Brewing Co.,12%,Stout - Imperial / Double Pastry,Bottle 375ml,"€ 59,20 per litre"
Alexander,"€ 4,00",Belgium,3.95,Brouwerij Rodenbach,5.6%,Sour - Flanders Red Ale,330ml,"€ 12,12 per litre"
Duchesse Chocolate Cherry,"€ 4,00",Belgium,3.90,Brouwerij Verhaeghe,6.8%,Sour - Flanders Red Ale,330ml,"€ 12,12 per litre"
Fruitage,"€ 2,40",Belgium,3.50,Brouwerij Rodenbach,3.9%,Fruit Beer,Bottle 250ml,"€ 9,60 per litre"
Final Form: Optimization (Tawny Port/VSOP Cognac) (2020),"€ 139,99",United States,4.38,Moksa Brewing Co,14.7%,Barleywine - English,Bottle 250ml,"€ 9,60 per litre"
Altar of the Orc Lord Double Barrel-Aged In Bourbon And Cherry Applejack Barrels,"€ 82,99",United States,4.36,Modern Times Beer,14.2%,Barleywine - American,Bottle 250ml,"€ 9,60 per litre"
Altar of the Orc Lord Aged In Bourbon Barrels,"€ 79,99",United States,4.29,Modern Times Beer,12.5%,Barleywine - American,Bottle 250ml,"€ 9,60 per litre"
Nightlife,"€ 3,89",Netherlands,3.55,Brother Beer,10%,Belgian Strong Dark Ale,Bottle 250ml,"€ 9,60 per litre"
Oude Geuze Platinum Blend Seizoen 20|21 No.41,"€ 34,95",Belgium,4.20,Brouwerij 3 Fonteinen,6.7%,Lambic - Gueuze,Bottle 750ml,"€ 46,60 per litre"
Saison du Blé 10 Year,"€ 44,99",United States,4.26,Side Project Brewing,6%,Farmhouse Ale - Saison,Bottle 750ml,"€ 59,99 per litre"
Bière du Pays (10 year),"€ 36,99",United States,4.26,Side Project Brewing,24%,Farmhouse Ale - Saison,Bottle 750ml,"€ 59,99 per litre"
Rover Truck,"€ 6,79",United States,3.75,Toppling Goliath Brewing Co.,5%,Stout - Oatmeal,Bottle 750ml,"€ 59,99 per litre"
Terreux Humulus (2021),"€ 24,99",United States,3.78,The Bruery Terreux,5.9%,Brett Beer,Bottle 750ml,"€ 59,99 per litre"
Pumpkin Weizen Pumpkin & Spiced Orange,"€ 2,50",Netherlands,3.25,Lowlander Beer,5%,Pumpkin / Yam Beer,330ml,"€ 7,58 per litre"
Double Kosmos,"€ 6,60",Estonia,3.83,Põhjala,5%,IPA - Imperial / Double New England / Hazy,Can 440ml,"€ 15,00 per litre"
Hooglander DDH Double IPA,"€ 4,65",Netherlands,3.75,Hooglander Bier,8%,IPA - Imperial / Double New England / Hazy,Can 330ml,"€ 14,09 per litre"
Innerfox Tripel,"€ 2,20",Belgium,3.47,FoxTown Beer Crew,8.3%,Belgian Tripel,330ml,"€ 6,67 per litre"
Local Taste Juniper,"€ 2,10",Belgium,3.37,Local Taste / Angus Bier,7%,Belgian Dubbel,330ml,"€ 6,36 per litre"
Rollo Bellini,"€ 4,65",Spain,3.63,Garage Beer Co.,6%,Sour - Fruited Berliner Weisse,Can 440ml,"€ 10,57 per litre"
Posidonia,"€ 4,95",Spain,3.72,Garage Beer Co.,7%,Sour - Fruited Berliner Weisse,Can 440ml,"€ 11,25 per litre"
Prickly Pear Piña Colada,"€ 9,99",United States,4.36,Smooj,5%,Hard Seltzer,Can 440ml,"€ 11,25 per litre"
Mango Piña Colada,"€ 9,99",United States,4.39,Smooj,5%,Hard Seltzer,Can 440ml,"€ 11,25 per litre"
Schneider's Helles Landbier,"€ 2,19",Germany,3.52,Schneider's Landbrauerei,4.9%,Lager - Helles,500ml,"€ 4,38 per litre"
Orca Brau/Freigeist Born To Be Free Pale Ale Radler Alkoholfrei,"€ 3,19",Germany,3.51,orca brau,0.5%,Non-Alcoholic - Shandy / Radler,330ml,"€ 9,67 per litre"
Dutch Bargain/Domaine de Brabantse Wal Kust BA Grape Ale,"€ 10,99",Netherlands,3.49,Dutch Bargain,8.5%,Belgian Tripel,Bottle 375ml,"€ 29,31 per litre"
Pounce,"€ 6,40",United States,4.09,Dancing Gnome,6%,IPA - American,Bottle 375ml,"€ 29,31 per litre"
Lervig No Worries Grapefruit,"€ 2,17",Norway,3.25,LERVIG,0.5%,Non-Alcoholic - IPA,330ml,"€ 6,58 per litre"
Bottle Logic Voltaic Stack (2023),"€ 39,90",United States,4.34,Bottle Logic Brewing,13.08%,Stout - Imperial / Double Pastry,Bottle 500ml,"€ 79,80 per litre"
Bottle Logic Primordial Void (2023),"€ 39,90",United States,4.33,Bottle Logic Brewing,13.5%,Stout - Imperial / Double Coffee,Bottle 500ml,"€ 79,80 per litre"
Bottle Logic Cryopreservation (2023),"€ 39,90",United States,4.15,Bottle Logic Brewing,12.1%,Stout - Imperial / Double Milk,Bottle 500ml,"€ 79,80 per litre"
Artisan Ales 1 Year Kentuckley 2023,"€ 29,95",United States,4.35,Transient Artisan Ales,14.5%,Stout - Imperial / Double,500ml,"€ 59,90 per litre"
Scoundrel,"€ 11,40",England,4.07,Emperor's Brewery,13.8%,Stout - Imperial / Double,Can 330ml,"€ 34,55 per litre"
Kessel Run,"€ 11,40",England,3.68,Emperor's Brewery,13.1%,Porter - Imperial / Double,Can 330ml,"€ 34,55 per litre"
Cosmic Crown,"€ 2,99",United States,3.70,Cigar City Brewing,9%,Belgian Strong Golden Ale,355ml,"€ 8,42 per litre"
Cosmic Crown,"€ 10,49",United States,3.70,Cigar City Brewing,9%,Belgian Strong Golden Ale,355ml,"€ 29,55 per litre"
Cosmic Crown,"€ 20,29",United States,3.70,Cigar City Brewing,9%,Belgian Strong Golden Ale,355ml,"€ 57,15 per litre"
Cosmic Crown,"€ 29,99",United States,3.70,Cigar City Brewing,9%,Belgian Strong Golden Ale,355ml,"€ 84,48 per litre"
Boerenerf Biet,"€ 28,30",Belgium,4.13,Het Boerenerf Eylenbosch,7%,Lambic - Fruit,Bottle 750ml,"€ 37,73 per litre"
Boerenerf Cannonau,"€ 28,30",Belgium,3.97,Het Boerenerf Eylenbosch,7%,Cider - Other Fruit,Bottle 750ml,"€ 37,73 per litre"
Oude Gueuze Monoblend Vat 31,"€ 11,97",Belgium,3.99,Brouwerij Boon,8.5%,Lambic - Gueuze,Bottle 375ml,"€ 31,92 per litre"
Hefe Weisse 33cl,"€ 2,90",Germany,3.67,Paulaner Brauerei,5.5%,Wheat Beer - Hefeweizen,500ml,"€ 5,80 per litre"
Oude Pinot Meunier Tilquin à l'Ancienne (2020-2021),"€ 21,45",Belgium,4.15,Gueuzerie Tilquin,7.9%,Lambic - Fruit,Bottle 750ml,"€ 28,60 per litre"
Strenge Winter 21/22 Assemblage n° 87,"€ 26,41",Belgium,4.16,Brouwerij 3 Fonteinen,7%,Lambic - Other,Bottle 750ml,"€ 35,21 per litre"
Luctor Et Emergo - Tarwe Blond,"€ 2,99",Netherlands,3.44,Bierbrouwerij Vermeersen,6.5%,Blonde / Golden Ale - Other,Bottle 750ml,"€ 35,21 per litre"
Camba Chiemsee Wit Belgian-Style Witbier,"€ 3,19",Germany,3.41,Camba Bavaria,4.8%,Wheat Beer - Witbier / Blanche,Can 440ml,"€ 7,25 per litre"
Pruim Brusselse Datjes,"€ 34,40",Belgium,4.22,Brouwerij 3 Fonteinen,7%,Lambic - Fruit,Bottle 750ml,"€ 45,87 per litre"
Tilquin Airelle Sauvage A L'Ancienne 37.5cl,"€ 13,60",Belgium,4.15,Gueuzerie Tilquin,6.5%,Lambic - Fruit,Bottle 750ml,"€ 18,13 per litre"
Tilquin Airelle Sauvage A L'Ancienne 75cl,"€ 21,10",Belgium,4.15,Gueuzerie Tilquin,6.5%,Lambic - Fruit,Bottle 750ml,"€ 28,13 per litre"
Struise Twenty Two Anniversary Ale,"€ 6,14",Belgium,4.08,De Struise Brouwers,14%,Stout - Belgian,330ml,"€ 18,61 per litre"
Pohjala Heli,"€ 4,50",Estonia,3.30,Põhjala,8%,Sour - Fruited Gose,330ml,"€ 13,64 per litre"
Lervig Coconut Coffee Stout By Rackhouse,"€ 19,50",Norway,4.38,LERVIG,12.8%,Stout - Imperial / Double,330ml,"€ 13,64 per litre"
Gouden Carolus Cuvee Van De Keizer voordeelpakket,"€ 31,49",Belgium,4.05,Brouwerij Het Anker,11%,Belgian Strong Dark Ale,Bottle 750ml,"€ 41,99 per litre"
Gouden Carolus Cuvée van de Keizer Imperial Blond,"€ 10,52",Belgium,3.92,Brouwerij Het Anker,10%,Belgian Strong Golden Ale,Bottle 750ml,"€ 14,03 per litre"
Brewery,"€ 22,80",United States,3.87,Jester King Brewery,5.3%,Farmhouse Ale - Grisette,Bottle 750ml,"€ 30,40 per litre"
S'More Than a Friendship,"€ 69,95",United States,3.90,WeldWerks Brewing Co.,5.3%,Stout - Imperial / Double,Bottle 750ml,"€ 30,40 per litre"
Reserve Rye Bourbon County Brand Stout (2019),"€ 69,99",United States,4.43,Goose Island Beer Co.,14.5%,Stout - Imperial / Double,Bottle 750ml,"€ 30,40 per litre"
Estrella,"€ 13,00",Canada,3.84,Revel Cider Company,6.5%,Cider - Dry,Bottle 750ml,"€ 17,33 per litre"
After After Party TIPA,"€ 8,50",Canada,4.16,Willibald Farm Brewery,10.2%,IPA - Triple,Can 473ml,"€ 17,97 per litre"
Calvados Edition 2023 Barrel Aged Strong Saison,"€ 6,25",Netherlands,3.95,Brouwerij de Molen,13.1%,Farmhouse Ale - Saison,330ml,"€ 18,94 per litre"
Ypra Belgisch Blond,"€ 2,70",Belgium,3.47,Omer Vander Ghinste,6%,Belgian Blonde,330ml,"€ 8,18 per litre"
Oude La Ruche Kriek (10 Year),"€ 42,50",United States,4.30,Side Project Brewing,6%,Farmhouse Ale - Saison,Bottle 375ml,"€ 113,33 per litre"
Cuvée Racine 2022,"€ 12,00",France,3.96,Sacrilège,5.6%,Wild Ale - Other,Bottle 750ml,"€ 16,00 per litre"
Saison Antoine,"€ 7,50",France,3.55,Sacrilège,5.4%,Farmhouse Ale - Saison,Bottle 750ml,"€ 10,00 per litre"
Hazy Jane NEIPA Blik SB,"€ 2,65",Scotland,3.67,BrewDog,5%,IPA - New England / Hazy,330ml,"€ 8,03 per litre"
Bacchus Kriekenbier,"€ 7,20",Belgium,3.69,Kasteel Brouwerij Vanhonsebrouck,5.8%,Sour - Flanders Oud Bruin,Bottle 375ml,"€ 19,20 per litre"
Bora Medium Dry Cider,"€ 4,45",Slovenia,3.56,Malner,6.5%,Cider - Dry,330ml,"€ 13,48 per litre"
Auster Sweet Cider,"€ 4,45",Slovenia,3.53,Malner,4.8%,Cider - Sweet,330ml,"€ 13,48 per litre"
Pulp Apple Cider,"€ 5,95",England,3.36,PULP,0.5%,Cider - Dry,500ml,"€ 11,90 per litre"
Holly GoLightly Rosé Cider,"€ 5,95",England,3.41,Celtic Marches,0.5%,Cider - Rosé,500ml,"€ 11,90 per litre"
Whistling Winds,"€ 5,45",England,3.82,Left Handed Giant Brewing,6.8%,Porter - Baltic,Can 440ml,"€ 12,39 per litre"
Framboos Oogst 2017-2018 70th BLEND,"€ 29,99",Belgium,4.46,Brouwerij 3 Fonteinen,5.3%,Lambic - Framboise,Bottle 750ml,"€ 39,99 per litre"
Zötler 1477 Kellerbier,"€ 2,29",Germany,3.50,Privat-Brauerei Zötler,4.9%,Kellerbier / Zwickelbier,500ml,"€ 4,58 per litre"
#13,"€ 8,75",Netherlands,3.91,Oproer,7.7%,Wild Ale - Other,Bottle 375ml,"€ 23,33 per litre"
Brettanosaurus,"€ 8,75",Netherlands,3.70,Oproer,7.4%,Brett Beer,Bottle 375ml,"€ 23,33 per litre"
Houten flesopener,"€ 2,50",Belgium,3.14,Brouwerij Strubbe,6.5%,Pale Ale - Belgian,Bottle 250ml,"€ 10,00 per litre"
Wizard Blend Limited Vertical '18-'20,"€ 249,99",United States,4.56,Modern Times Beer,14%,Stout - Imperial / Double,Bottle 250ml,"€ 10,00 per litre"
Vriend,"€ 3,49",Netherlands,3.44,ROTT. Brouwers,6.7%,Belgian Blonde,330ml,"€ 10,58 per litre"
Exquisite Blend Three: Roman's Shoes Are In Focus,"€ 119,99",United States,4.37,Horus Aged Ales,13.2%,Stout - Imperial / Double,330ml,"€ 10,58 per litre"
Number Crunch (2019),"€ 54,99",United States,4.34,Bottle Logic Brewing,13.55%,Stout - Imperial / Double,330ml,"€ 10,58 per litre"
Exquisite Blend Two: Chance Says It Is Pretty Good,"€ 119,99",United States,4.34,Horus Aged Ales,13%,Stout - Imperial / Double,,
More Time To Explain (2021),"€ 67,99",United States,4.33,Bottle Logic Brewing,12.43%,Stout - Imperial / Double,500ml,"€ 135,98 per litre"
Cloud Breaker 4,"€ 79,99",United States,4.25,Horus Aged Ales,13.5%,Stout - Imperial / Double,500ml,"€ 135,98 per litre"
Rouge,"€ 2,99",Belgium,3.72,Bières de Chimay,7%,Belgian Dubbel,330ml,"€ 9,06 per litre"
Apple,"€ 1,74",Belgium,3.49,Brouwerij Lindemans,3.5%,Lambic - Fruit,Bottle 375ml,"€ 4,64 per litre"
Siren Mixed Blessings,"€ 10,31",England,4.16,Siren Craft Brew,12%,Stout - Imperial / Double,Bottle 375ml,"€ 27,49 per litre"
Equivalent Dose (2019),"€ 74,99",United States,4.38,Bottle Logic Brewing,13.49%,Stout - Imperial / Double,Bottle 375ml,"€ 27,49 per litre"
Interdiction Field (2020),"€ 67,99",United States,4.29,Bottle Logic Brewing,13.1%,Stout - Imperial / Double Pastry,Bottle 375ml,"€ 27,49 per litre"
Adjust for Altitude (2020),"€ 67,99",United States,4.25,Bottle Logic Brewing/ Commonwealth Brewing Company,14.03%,Stout - Imperial / Double Pastry,Bottle 375ml,"€ 27,49 per litre"
Prodigal Physics (2020),"€ 52,99",United States,4.21,Bottle Logic Brewing,14.17%,Stout - Imperial / Double Milk,Bottle 375ml,"€ 27,49 per litre"
Space Jam (2020),"€ 52,99",United States,4.15,Bottle Logic Brewing,13.99%,Stout - Imperial / Double,Bottle 375ml,"€ 27,49 per litre"
Cool Your Jets (2022),"€ 73,99",United States,4.38,Bottle Logic Brewing,12%,Stout - Imperial / Double Coffee,500ml,"€ 147,98 per litre"
Time Bending (2021),"€ 69,99",United States,4.24,Bottle Logic Brewing,13.5%,Barleywine - Other,500ml,"€ 147,98 per litre"
Not My Gumdrop Buttons (2019),"€ 44,99",United States,4.04,Bottle Logic Brewing,14%,Stout - Imperial / Double Pastry,500ml,"€ 147,98 per litre"
Puck V2,"€ 3,10",Netherlands,3.47,Kaapse Brouwers,5.5%,Sour - Fruited,330ml,"€ 9,39 per litre"
Rebel Berry,"€ 3,74",Hungary,3.57,HORIZONT Brewing,4.5%,Sour - Fruited,330ml,"€ 11,33 per litre"
The Veil Luxurious Luxury Vol. 13,"€ 11,95",United States,3.85,The Veil Brewing Co.,9%,Sour - Fruited Berliner Weisse,473ml,"€ 25,26 per litre"
Pigeon,"€ 3,22",Belgium,3.62,La Source Beer Co.,3.5%,IPA - Sour,330ml,"€ 9,76 per litre"
Rho-Kinetic Blend And Madagascar Vanilla Imperial Stout,"€ 26,70",United States,4.25,Equilibrium Brewery,11%,Stout - Imperial / Double Coffee,500ml,"€ 53,40 per litre"
Sticky Icky Imperial Stout,"€ 11,00",United States,4.08,The Brewing Projekt,7%,Stout - Imperial / Double Milk,473ml,"€ 23,26 per litre"
Almond Pop Imperial Pastry Stout,"€ 26,70",United States,3.96,Equilibrium Brewery,11%,Stout - Imperial / Double Pastry,500ml,"€ 53,40 per litre"
Ouranos,"€ 16,94",Belgium,3.76,La Source Beer Co.,12%,Barleywine - Other,Bottle 750ml,"€ 22,59 per litre"
Lodestar B4,"€ 64,99",United States,4.36,Freak Folk Bier,6%,Wild Ale - American,Bottle 750ml,"€ 22,59 per litre"
Incantations 2022,"€ 41,99",United States,4.24,Burlington Beer Company,11.3%,Stout - Imperial / Double,Bottle 750ml,"€ 22,59 per litre"
Magic Bars,"€ 49,99",United States,4.22,Equilibrium Brewery,11%,Stout - Imperial / Double Pastry,500ml,"€ 99,98 per litre"
Barrel Aged Breakfast Time Is Relative (batch 3),"€ 69,99",United States,4.08,Equilibrium Brewery,14%,Stout - Imperial / Double Coffee,500ml,"€ 99,98 per litre"
Monsters Park Schmananans,"€ 64,99",United States,3.86,Modern Times Beer,14.2%,Stout - Imperial / Double,500ml,"€ 99,98 per litre"
"3 Fonteinen: Oude Kriek, seizoen 21|22, assemblage 29","€ 9,95",Belgium,4.38,Brouwerij 3 Fonteinen,6.8%,Lambic - Kriek,Bottle 375ml,"€ 26,53 per litre"
"3 Fonteinen: Braambes 21|22, assemblage 49","€ 29,95",Belgium,4.27,Brouwerij 3 Fonteinen,6.5%,Lambic - Fruit,Bottle 750ml,"€ 39,93 per litre"
"3 Fonteinen: Dornfelder Kriek 21|22, assemblage 28","€ 29,95",Belgium,4.33,Brouwerij 3 Fonteinen,6.7%,Lambic - Fruit,Bottle 750ml,"€ 39,93 per litre"
"3 Fonteinen: Platinum Blend 21|22, assemblage 59","€ 26,95",Belgium,4.30,Brouwerij 3 Fonteinen,5.7%,Lambic - Gueuze,Bottle 750ml,"€ 35,93 per litre"
"3 Fonteinen: Druif Muscaris 21|22, assemblage 23","€ 32,95",Belgium,4.24,Brouwerij 3 Fonteinen,8.3%,Lambic - Fruit,Bottle 750ml,"€ 43,93 per litre"
Eton Mesh Brush,"€ 57,99",United States,4.37,J. Wakefield Brewing,12%,Stout - Imperial / Double,Bottle 750ml,"€ 43,93 per litre"
I Believe In A Thing Called Stout,"€ 47,99",United States,4.34,J. Wakefield Brewing,12%,Stout - Imperial / Double,Bottle 750ml,"€ 43,93 per litre"
Yellow Stone Gauntlet Series,"€ 69,99",United States,4.24,J. Wakefield Brewing,13%,Stout - Russian Imperial,Bottle 750ml,"€ 43,93 per litre"
Cake Eater,"€ 44,99",United States,4.23,Aslin Beer Company,12%,Stout - Imperial / Double,Bottle 750ml,"€ 43,93 per litre"
Mönchshof Natur Radler Alkoholfrei,"€ 1,90",Germany,3.21,Kulmbacher Brauerei,12%,Non-Alcoholic - Shandy / Radler,500ml,"€ 3,80 per litre"
Pineapple Pie,"€ 2,79",Sweden,3.55,Brewski,4%,Sour - Fruited Berliner Weisse,330ml,"€ 8,45 per litre"
Peanut Butter Hazelnut Caramel Chocolate Cake Stout,"€ 6,90",United States,4.08,Hoppin' Frog Brewery,8%,Stout - Imperial / Double Pastry,355ml,"€ 19,44 per litre"
Barrel-Aged the Dodgefather,"€ 21,90",United States,4.22,Hoppin' Frog Brewery,11%,Stout - Pastry,473ml,"€ 46,30 per litre"
Tequila Barrel-Aged Frogarita Turbo Shandy Citrus Ale,"€ 12,50",United States,4.14,Hoppin' Frog Brewery,7%,Shandy / Radler,473ml,"€ 26,43 per litre"
Sour Raspberry Dark Berliner,"€ 16,20",United States,3.90,Hoppin' Frog Brewery,9.4%,Sour - Berliner Weisse,473ml,"€ 34,25 per litre"
Cranberry Turbo Shandy Citrus Ale,"€ 6,50",United States,3.88,Hoppin' Frog Brewery,7%,Shandy / Radler,355ml,"€ 18,31 per litre"
Angel Food Cake Beer,"€ 7,60",United States,3.79,Hoppin' Frog Brewery,9.2%,Stout - Imperial / Double White / Golden,355ml,"€ 21,41 per litre"
Stoutn Ieperlink,"€ 3,70",Belgium,3.64,Brouwerij Adriaensen,10%,Stout - Imperial / Double,330ml,"€ 11,21 per litre"
Froajn Ieperlink,"€ 2,60",Belgium,3.43,Brouwerij Adriaensen,6%,Belgian Blonde,330ml,"€ 7,88 per litre"
Bruin,"€ 2,72",Belgium,2.88,Force Majeure,0.4%,Non-Alcoholic - Other,330ml,"€ 8,24 per litre"
De Molen Fruit & Kruid,"€ 2,50",Netherlands,3.44,Brouwerij de Molen,6.2%,Belgian Blonde,330ml,"€ 7,58 per litre"
Koud Vuur Smoked Porter,"€ 3,40",Netherlands,3.33,Baxbier,6.5%,Porter - Smoked,Can 330ml,"€ 10,30 per litre"
Estival Dichotomous (2022),"€ 26,90",United States,4.03,Jester King Brewery,5.7%,Farmhouse Ale - Other,Bottle 750ml,"€ 35,87 per litre"
Golden Blend 2021,"€ 25,50",Belgium,4.35,Brouwerij 3 Fonteinen,7.3%,Lambic - Gueuze,Bottle 750ml,"€ 34,00 per litre"
Perzik Geel 2022,"€ 31,00",Belgium,4.32,Brouwerij 3 Fonteinen,6.7%,Lambic - Fruit,Bottle 750ml,"€ 41,33 per litre"
Platinum Blend 2022,"€ 28,50",Belgium,4.20,Brouwerij 3 Fonteinen,5.7%,Lambic - Gueuze,Bottle 750ml,"€ 38,00 per litre"
Druif Muscaris 2022,"€ 32,50",Belgium,4.15,Brouwerij 3 Fonteinen,8.3%,Lambic - Fruit,Bottle 750ml,"€ 43,33 per litre"
Saison Du Coteau Marquette,"€ 24,80",Canada,4.26,Robin - Bière Naturelle,7%,Farmhouse Ale - Saison,Bottle 750ml,"€ 33,07 per litre"
Sans Pépin,"€ 24,80",Canada,4.26,Robin - Bière Naturelle,6.4%,Farmhouse Ale - Saison,Bottle 750ml,"€ 33,07 per litre"
Rio Reserva 2016 bottle,"€ 25,00",Belgium,4.14,De Struise Brouwers,10.5%,Belgian Quadrupel,Bottle 750ml,"€ 33,33 per litre"
Kasteel Rubus,"€ 2,50",Belgium,3.57,Kasteel Brouwerij Vanhonsebrouck,7%,Fruit Beer,330ml,"€ 7,58 per litre"
Kweepeer #51 21|22,"€ 39,60",Belgium,4.16,Brouwerij 3 Fonteinen,6.8%,Lambic - Fruit,Bottle 750ml,"€ 52,80 per litre"
Cuvée Clarisse Wild Weasel Whisky Infused,"€ 12,95",Belgium,3.75,Brouwerij Wilderen,9.5%,Belgian Strong Dark Ale,Bottle 750ml,"€ 17,27 per litre"
Prune Royale,"€ 22,20",Canada,4.23,Robin - Bière Naturelle,6%,Fruit Beer,Bottle 750ml,"€ 29,60 per litre"
Rhubarbe Sans Fraise,"€ 24,80",Canada,4.23,Robin - Bière Naturelle,5.5%,Farmhouse Ale - Saison,Bottle 750ml,"€ 33,07 per litre"
Juste Piquette,"€ 24,20",Canada,4.17,Robin - Bière Naturelle,5.4%,Farmhouse Ale - Saison,Bottle 750ml,"€ 32,27 per litre"
Vieille Cerise,"€ 20,40",Canada,4.13,Brasserie Dunham,6%,Farmhouse Ale - Saison,Bottle 750ml,"€ 27,20 per litre"
Saison Du Coteau Gamaret,"€ 24,80",Canada,4.12,Robin - Bière Naturelle,7%,Farmhouse Ale - Other,Bottle 750ml,"€ 33,07 per litre"
Grisette Spinosa,"€ 19,60",Canada,4.11,Robin - Bière Naturelle,5.9%,Farmhouse Ale - Grisette,Bottle 750ml,"€ 26,13 per litre"
Viti Vini Vici #15,"€ 20,40",Canada,4.09,Brasserie Dunham,6%,Farmhouse Ale - Saison,Bottle 750ml,"€ 27,20 per litre"
Saison Du Pinacle Réserve,"€ 20,40",Canada,4.08,Brasserie Dunham,6.5%,Farmhouse Ale - Saison,Bottle 750ml,"€ 27,20 per litre"
La Petite Saison,"€ 9,40",Canada,4.06,Robin - Bière Naturelle,4%,Table Beer,473ml,"€ 19,87 per litre"
Viti Vini Vici #14,"€ 20,40",Canada,4.04,Brasserie Dunham,6%,Sour - Other,Bottle 750ml,"€ 27,20 per litre"
Kasteel Cuvee Du Chateau,"€ 9,50",Belgium,3.81,Kasteel Brouwerij Vanhonsebrouck,11%,Belgian Quadrupel,Bottle 750ml,"€ 12,67 per litre"
Taxandria Copper Ale,"€ 2,50",Belgium,3.53,Gallico,8%,Belgian Strong Golden Ale,330ml,"€ 7,58 per litre"
Oude Geuze,"€ 1,85",Belgium,3.37,Brouwerij Boon,7%,Lambic - Gueuze,Bottle 250ml,"€ 7,40 per litre"
Oude Kriek,"€ 5,55",Belgium,4.02,Oud Beersel,6%,Lambic - Kriek,Bottle 375ml,"€ 14,80 per litre"
Mariage Parfait Kriek,"€ 5,25",Belgium,3.83,Brouwerij Boon,8%,Lambic - Kriek,Bottle 375ml,"€ 14,00 per litre"
ROUGE VERMILLON,"€ 13,20",France,4.03,Brasserie La Malpolon,6%,Sour - Flanders Red Ale,Bottle 750ml,"€ 17,60 per litre"
ES GARDE FIGUE,"€ 7,50",France,3.77,Brasserie La Malpolon,7.8%,Farmhouse Ale - Bière de Garde,Bottle 750ml,"€ 10,00 per litre"
Bon Secours 4 Houblons,"€ 6,99",Belgium,3.37,Brasserie Caulier,5.9%,IPA - Belgian,Bottle 750ml,"€ 10,00 per litre"
Flip Flopped White Socked Strong Hopped White IPA,"€ 3,00",Finland,3.45,The Flying Dutchman Nomad Brewing Company,5.5%,IPA - White / Wheat,330ml,"€ 9,09 per litre"
Meestereske Tripel,"€ 2,30",Belgium,3.43,Brewery De Meester,9.5%,Belgian Tripel,330ml,"€ 6,97 per litre"
Cranberry Turbo Shandy Citrus Ale,"€ 8,52",United States,3.88,Hoppin' Frog Brewery,7%,Shandy / Radler,355ml,"€ 24,00 per litre"
Pomegranate Turbo Shandy Citrus Ale,"€ 8,52",United States,3.60,Hoppin' Frog Brewery,7%,Shandy / Radler,355ml,"€ 24,00 per litre"
Oude Kriek (season 21|22) Blend No. 29,"€ 10,99",Belgium,4.16,Brouwerij 3 Fonteinen,6.8%,Lambic - Kriek,Bottle 375ml,"€ 29,31 per litre"
Moesjke Royal,"€ 16,50",Belgium,3.51,Bierfirma Ultima,9.5%,Bière de Champagne / Bière Brut,Bottle 750ml,"€ 22,00 per litre"
Moesjke Cherie,"€ 2,50",Belgium,3.32,Bierfirma Ultima,6.9%,Fruit Beer,330ml,"€ 7,58 per litre"
Maple Glaze Maple And Coconut Stout,"€ 4,50",England,3.72,Vocation Brewery,6.8%,Stout - Other,Can 440ml,"€ 10,23 per litre"
Langbräu Super Ale,"€ 2,60",Germany,3.36,Lang-Bräu,4.9%,Blonde / Golden Ale - Other,500ml,"€ 5,20 per litre"
Crataegus,"€ 3,73",Belgium,3.26,Gilde Demerdal,6.5%,Belgian Blonde,330ml,"€ 11,30 per litre"
Grand Cru Evolved,"€ 16,30",Belgium,4.06,Brouwerij Rodenbach,6%,Sour - Flanders Red Ale,Bottle 750ml,"€ 21,73 per litre"
Strandgaper,"€ 1,80",Netherlands,3.46,Brouwerij Puuro/ JD Brewery/ Strieper Craft Beer Company,8.9%,Stout - Imperial / Double,330ml,"€ 5,45 per litre"
Gueuzerie Tilquin -  Oude Gueuze Tilquin à l'ancienne,"€ 18,60",Belgium,4.00,Gueuzerie Tilquin,7%,Lambic - Gueuze,Bottle 750ml,"€ 24,80 per litre"
Bio Urstöffla,"€ 1,90",Germany,3.37,Brauerei Kundmüller,5.2%,Lager - Munich Dunkel,500ml,"€ 3,80 per litre"
Lamme Goedzak,"€ 1,90",Belgium,3.56,Scheldebrouwerij,7%,Belgian Blonde,330ml,"€ 5,76 per litre"
Goedendag Sterk Blond,"€ 2,30",Belgium,3.49,Brouwerij Toye,8%,Belgian Strong Golden Ale,330ml,"€ 6,97 per litre"
Saison Dupont Biologique,"€ 4,95",Belgium,3.42,Brasserie Dupont,5.5%,Farmhouse Ale - Saison,Bottle 750ml,"€ 6,60 per litre"
Pruim Mirabelle 2022,"€ 31,00",Belgium,4.24,Brouwerij 3 Fonteinen,7.3%,Lambic - Fruit,Bottle 750ml,"€ 41,33 per litre"
Pruim Belle de Louvain 2022,"€ 31,00",Belgium,4.18,Brouwerij 3 Fonteinen,6.2%,Lambic - Fruit,Bottle 750ml,"€ 41,33 per litre"
Gemini,"€ 9,90",United States,4.08,Mortalis Brewing Company,7%,Sour - Smoothie / Pastry,473ml,"€ 20,93 per litre"
"Necessary Evil -  37,5cl","€ 13,60",England,4.21,Thornbridge Brewery,13%,Stout - Imperial / Double,Bottle 375ml,"€ 36,27 per litre"
Full Circle,"€ 15,90",England,4.04,Burning Sky Brewery/ Thornbridge Brewery,7.3%,Farmhouse Ale - Saison,Bottle 750ml,"€ 21,20 per litre"
Kriek de Ranke,"€ 9,40",Belgium,3.93,Brouwerij De Ranke,7%,Sour - Fruited,Bottle 750ml,"€ 12,53 per litre"
Mahrs Helles,"€ 2,10",Germany,3.52,Mahr's Bräu,4.9%,Lager - Helles,500ml,"€ 4,20 per litre"
Zoigl,"€ 2,10",Germany,3.32,Brauerei Püttner,5.2%,Historical Beer - Zoigl,500ml,"€ 4,20 per litre"
Lammsbräu Weisse Alkoholfrei,"€ 2,20",Germany,3.10,Neumarkter Lammsbräu,0.3%,Non-Alcoholic - Wheat,500ml,"€ 4,40 per litre"
Must Kuld,"€ 3,95",Estonia,3.76,Põhjala,7.8%,Porter - Other,330ml,"€ 11,97 per litre"
Chasing Trees New England IPA,"€ 7,95",United States,4.04,DankHouse Brewing Company,8.2%,IPA - Imperial / Double,Can 473ml,"€ 16,81 per litre"
Caramel Fudge Stout,"€ 4,00",Netherlands,3.88,Brouwerij Kees,11.5%,Stout - Imperial / Double,Can 330ml,"€ 12,12 per litre"
De Molen Op & Top,"€ 3,20",Netherlands,3.42,Brouwerij de Molen,4.5%,Pale Ale - American,330ml,"€ 9,70 per litre"
BA Barleywine In Woodford Reserve (PAPER),"€ 14,45",Greece,4.13,Kykao - Handcrafted,12%,Barleywine - English,330ml,"€ 43,79 per litre"
BA Barleywine In Wild Turkey(SCISSORS),"€ 14,45",Greece,4.11,Kykao - Handcrafted,12%,Barleywine - English,330ml,"€ 43,79 per litre"
BA Barleywine In Woodford Reserve + Flor(PENCIL),"€ 14,45",Greece,4.00,Kykao - Handcrafted,12%,Barleywine - English,330ml,"€ 43,79 per litre"
Alvinne's Fellowship 2022  1 - Laurelin 2021,"€ 29,95",Belgium,3.93,Brouwerij Alvinne,8%,Sour - Other,Bottle 750ml,"€ 39,93 per litre"
Alvinne's Fellowship 2022  2 - Númenor,"€ 29,95",Belgium,3.93,Brouwerij Alvinne,9%,Sour - Other,Bottle 750ml,"€ 39,93 per litre"
Alvinne's Fellowship 2022  3 - Nimloth,"€ 29,95",Belgium,3.93,Brouwerij Alvinne,6%,Sour - Other,Bottle 750ml,"€ 39,93 per litre"
Alvinne's Fellowship 2022  4 - A Pile Of Stone,"€ 29,95",Belgium,3.93,Brouwerij Alvinne,7%,Sour - Other,Bottle 750ml,"€ 39,93 per litre"
Alvinne's Fellowship 2022  6 - Fool Of A Took,"€ 29,95",Belgium,3.93,Brouwerij Alvinne,8%,Sour - Other,Bottle 750ml,"€ 39,93 per litre"
Alvinne's Fellowship 2022  5 - Khazad-Dûm,"€ 29,95",Belgium,3.79,Brouwerij Alvinne,10.5%,Wheat Beer - Wheat Wine,Bottle 750ml,"€ 39,93 per litre"
Smokey Island,"€ 6,36",Belgium,3.37,Brouwerij Alvinne,8%,Sour - Fruited,330ml,"€ 19,27 per litre"
Mean Riff,"€ 7,06",Hungary,3.93,Mad Scientist,12.1%,Stout - Imperial / Double,330ml,"€ 21,39 per litre"
Liquid X,"€ 12,38",Hungary,3.80,MadX,8.3%,IPA - Sour,Bottle 750ml,"€ 16,51 per litre"
VandeStreek Zonnesteek Sunshine Lager,"€ 3,59",Netherlands,3.35,vandeStreek bier,6%,Bock - Hell / Maibock / Lentebock,330ml,"€ 10,88 per litre"
Cuvee Delphine Vintage 2020,"€ 4,90",Belgium,4.23,De Struise Brouwers,13%,Stout - Russian Imperial,330ml,"€ 14,85 per litre"
Black Damnation 16: Ivan the Terrible (2022),"€ 5,70",Belgium,4.21,De Struise Brouwers,15%,Stout - Russian Imperial,330ml,"€ 17,27 per litre"
Twenty Two Anniversary Ale,"€ 5,70",Belgium,4.08,De Struise Brouwers,14%,Stout - Belgian,330ml,"€ 17,27 per litre"
Dark Desire Coconut Frenzy,"€ 12,70",Belgium,4.02,De Zwarte Bron,11.3%,Stout - Imperial / Double,500ml,"€ 25,40 per litre"
Sint Amatus Reserva (2020),"€ 3,70",Belgium,3.89,De Struise Brouwers,13%,Belgian Quadrupel,330ml,"€ 11,21 per litre"
Dark Desire Vanilla Delight,"€ 12,70",Belgium,3.74,De Zwarte Bron,11.3%,Stout - Russian Imperial,500ml,"€ 25,40 per litre"
Quantum Affliction - Basil Hayden Subtle Smoke Ba,"€ 9,75",Romania,4.16,Blackout Brewing,12%,Stout - Imperial / Double,330ml,"€ 29,55 per litre"
Force Majeur  Bruin,"€ 2,99",Belgium,2.88,Force Majeure,0.4%,Non-Alcoholic - Other,330ml,"€ 9,06 per litre"
Night & Day,"€ 29,00",United States,4.28,Trillium Brewing Company,11.2%,Stout - Imperial / Double Coffee,500ml,"€ 58,00 per litre"
Oh Nuts,"€ 31,60",United States,4.23,Trillium Brewing Company,11.7%,Stout - Imperial / Double,500ml,"€ 63,20 per litre"
Feed Your Soul,"€ 38,30",United States,4.08,Trillium Brewing Company/ Weathered Souls Brewing Co.,14.2%,Stout - Imperial / Double,500ml,"€ 76,60 per litre"
Oude Geuze Devillé,"€ 4,03",Belgium,4.02,Den Herberg,6.7%,Lambic - Gueuze,Bottle 375ml,"€ 10,75 per litre"
Hopnytized Everyday IPA,"€ 4,25",Belgium,3.57,Enigma,5.5%,IPA - Other,330ml,"€ 12,88 per litre"
Oude Gueuze 2022,"€ 9,60",Belgium,4.35,Brouwerij 3 Fonteinen,7%,Lambic - Gueuze,Bottle 375ml,"€ 25,60 per litre"
Annie Are You Oak Aged? – Heaven Hill Barrel Aged Imperial Red Ale,"€ 6,95",Netherlands,3.98,Jopen,11%,Red Ale - Imperial / Double,330ml,"€ 21,06 per litre"
Annie Are You Oak Aged? – Jim Bean Barrel Aged Imperial Red Ale,"€ 6,95",Netherlands,3.95,Jopen,11%,Red Ale - Imperial / Double,330ml,"€ 21,06 per litre"
Hop Head⁷,"€ 2,39",Germany,3.42,Craftwerk Brewing,8%,IPA - American,330ml,"€ 7,24 per litre"
Balnibarbi,"€ 11,00",France,3.90,Hoppy Road,4.8%,Wild Ale - Other,Bottle 750ml,"€ 14,67 per litre"
Lager Hell,"€ 2,10",Germany,3.33,Brauerei Püttner,4.7%,Lager - Helles,500ml,"€ 4,20 per litre"
Appalachian Walker (2017),"€ 69,99",United States,4.28,Olde Hickory Brewery,10%,Barleywine - English,500ml,"€ 4,20 per litre"
Around,"€ 1,40",Poland,3.43,Browar Nepomucen,4.9%,Lager - Helles,330ml,"€ 4,24 per litre"
Elixir Vitae Blond Ale,"€ 1,60",Spain,3.43,Cervesa Espiga,4.5%,Gluten-Free,Can 330ml,"€ 4,85 per litre"
Nocturn Chrysalis,"€ 36,29",United States,4.21,Jester King Brewery,5.1%,Wild Ale - American,Can 330ml,"€ 4,85 per litre"
Spon 3 Year Blend (2022),"€ 34,49",United States,4.20,Jester King Brewery,5.6%,Wild Ale - American,Bottle 375ml,"€ 91,97 per litre"
Colour Five,"€ 36,29",United States,4.18,Jester King Brewery,6%,Wild Ale - American,Bottle 375ml,"€ 91,97 per litre"
Aurelian Lure,"€ 36,29",United States,4.18,Jester King Brewery,5.4%,Wild Ale - American,Bottle 375ml,"€ 91,97 per litre"
Hefe Weisse Alcohol Free,"€ 2,40",Germany,2.80,Paulaner Brauerei,0.5%,Non-Alcoholic - Wheat,500ml,"€ 4,80 per litre"
Hommage 2016-2017 36th BLEND,"€ 27,37",Belgium,4.45,Brouwerij 3 Fonteinen,4.5%,Lambic - Framboise,Bottle 750ml,"€ 36,49 per litre"
"Cream & Sugar, Please","€ 6,00",United States,3.85,Cycle Brewing Company,4.9%,Porter - Coffee,355ml,"€ 16,90 per litre"
Zonneblond Factor 7,"€ 9,95",Netherlands,3.41,Mister Hop,7%,Blonde / Golden Ale - Other,Bottle 750ml,"€ 13,27 per litre"
Blond,"€ 3,40",Netherlands,3.41,Malarkey Brewers,6.5%,Belgian Blonde,330ml,"€ 10,30 per litre"
Rouge,"€ 3,40",Netherlands,3.32,Malarkey Brewers,6.5%,Fruit Beer,330ml,"€ 10,30 per litre"
Pecheresse,"€ 2,50",Belgium,3.57,Brouwerij Lindemans,2.5%,Lambic - Fruit,Bottle 250ml,"€ 10,00 per litre"
Faro,"€ 1,90",Belgium,3.47,Brouwerij Lindemans,4.5%,Lambic - Faro,Bottle 250ml,"€ 7,60 per litre"
Flim Flam,"€ 269,00",United States,4.52,Side Project Brewing,15%,Barleywine - English,Bottle 250ml,"€ 7,60 per litre"
Canuckley (2022),"€ 29,90",United States,4.36,Transient Artisan Ales,14.5%,Stout - Imperial / Double,500ml,"€ 59,80 per litre"
Diner Pie Series Mixed Berry Pie,"€ 11,90",United States,4.33,Mortalis Brewing Company,7%,Sour - Smoothie / Pastry,473ml,"€ 25,16 per litre"
South of Eleven,"€ 7,95",United States,4.15,Hoof Hearted Brewing,10%,IPA - Triple New England / Hazy,473ml,"€ 16,81 per litre"
Taste the Crystals Vol. 2,"€ 7,95",United States,3.97,Transient Artisan Ales,8%,IPA - Imperial / Double,473ml,"€ 16,81 per litre"
Zeeuwse Bierselectie Zeeuws Schuumkopje,"€ 3,20",Netherlands,3.19,Versplus BV,4.7%,Wheat Beer - Witbier / Blanche,473ml,"€ 16,81 per litre"
Mega Beast Freak –  Hazy DIPA,"€ 8,65",United States,4.22,The Veil Brewing Co.,8%,IPA - Imperial / Double,Can 473ml,"€ 18,29 per litre"
Crucial Aunt  DIPA,"€ 8,65",United States,4.12,The Veil Brewing Co.,8.2%,IPA - Imperial / Double,Can 473ml,"€ 18,29 per litre"
Loud Pockets India Pale Ale,"€ 8,10",United States,4.10,DankHouse Brewing Company,7%,IPA - New England / Hazy,Can 473ml,"€ 17,12 per litre"
"Yummy Raspberry, Blackberry & Vanilla Smoothie Sour","€ 7,90",Czech Republic,4.08,Sibeeria,6.1%,Sour - Smoothie / Pastry,Can 500ml,"€ 15,80 per litre"
Oude Geuze 2018 Blend 45 MAGNUM,"€ 45,00",Belgium,4.38,Brouwerij 3 Fonteinen,6.4%,Lambic - Gueuze,Bottle 1500ml,"€ 30,00 per litre"
dHOP 49 Double IPA,"€ 3,65",United States,3.99,Equilibrium Brewery,8.5%,IPA - Imperial / Double New England / Hazy,Can 473ml,"€ 7,72 per litre"
Vicaris Quinto,"€ 2,62",Belgium,3.29,Brouwerij Dilewyns,5%,Belgian Blonde,330ml,"€ 7,94 per litre"
Schar-Elle,"€ 14,50",Belgium,4.04,Lambiek Fabriek,6.2%,Lambic - Kriek,Bottle 750ml,"€ 19,33 per litre"
Rhub-Elle,"€ 13,00",Belgium,3.94,Lambiek Fabriek,5%,Lambic - Other,Bottle 750ml,"€ 17,33 per litre"
Black-Belle,"€ 13,00",Belgium,3.94,Lambiek Fabriek,6.5%,Lambic - Fruit,Bottle 750ml,"€ 17,33 per litre"
Caram-Elle,"€ 13,50",Belgium,3.86,Lambiek Fabriek,9%,Lambic - Gueuze,Bottle 750ml,"€ 18,00 per litre"
Soleille,"€ 14,50",Belgium,3.84,Lambiek Fabriek,8.7%,Lambic - Fruit,Bottle 750ml,"€ 19,33 per litre"
Isid'or,"€ 1,90",Netherlands,3.75,Bierbrouwerij De Koningshoeven,7.5%,Belgian Strong Golden Ale,330ml,"€ 5,76 per litre"
Der Kapitän,"€ 2,99",Germany,3.01,Landgang Brauerei,0.5%,Non-Alcoholic - Pale Ale,330ml,"€ 9,06 per litre"
Hesbania BLND,"€ 2,64",Belgium,3.32,Hesbania Bier,6.5%,Belgian Blonde,330ml,"€ 8,00 per litre"
Brasserie De La Senne Jambe De Bois,"€ 2,94",Belgium,3.56,Brasserie de la Senne,8%,Belgian Tripel,330ml,"€ 8,91 per litre"
Snuble Juice,"€ 79,80",Denmark,3.50,To Øl,4.5%,IPA - Session,24-pack,"Total price: € 79,80"
De Cam Abrikoos Lambic 2021,"€ 32,47",Belgium,4.14,Geuzestekerij De Cam,5%,Lambic - Fruit,Bottle 750ml,"€ 43,29 per litre"
Blanche Lambicus,"€ 2,75",Belgium,3.47,Brewery John Martin & Brewery Timmermans,4.5%,Lambic - Traditional,330ml,"€ 8,33 per litre"
Tripel Hop Cashmere Zwaar Blond,"€ 3,05",Belgium,3.61,Duvel Moortgat,9.5%,IPA - Belgian,330ml,"€ 9,24 per litre"
Duchesse de Bourgogne: Cherry Chocolate,"€ 2,65",Belgium,3.90,Brouwerij Verhaeghe,6.8%,Sour - Flanders Red Ale,330ml,"€ 8,03 per litre"
Staffelberg Weißbier,"€ 2,00",Germany,3.52,Staffelberg-Bräu,5.2%,Wheat Beer - Hefeweizen,500ml,"€ 4,00 per litre"
BOERGÉE Demi,"€ 14,90",Austria,3.82,Boergée,10%,Bière de Champagne / Bière Brut,Bottle 375ml,"€ 39,73 per litre"
Agaune 2021,"€ 17,80",France,4.05,La Varette,7%,Sour - Other,Bottle 750ml,"€ 23,73 per litre"
Dorée 2021,"€ 17,80",France,3.81,La Varette,7%,Wild Ale - Other,Bottle 750ml,"€ 23,73 per litre"
Printemps 2022,"€ 16,00",France,3.72,La Varette,6%,Wild Ale - Other,Bottle 750ml,"€ 21,33 per litre"
Grapille 2021,"€ 19,80",France,?,La Varette,5%,Grape Ale - Other,Bottle 750ml,"€ 26,40 per litre"
Stille Nacht 2021,"€ 8,45",Belgium,4.00,Brouwerij De Dolle Brouwers,12%,Belgian Strong Golden Ale,330ml,"€ 25,61 per litre"
Tomales Point 2021,"€ 21,29",United States,4.20,The Rare Barrel,6.9%,Sour - Fruited,12-pack,"Total price: € 66,00"
Playing For Keeps 2021,"€ 21,29",United States,4.19,The Rare Barrel,7.2%,Sour - Fruited,12-pack,"Total price: € 66,00"
Albany Bulb 2021,"€ 21,29",United States,4.17,The Rare Barrel,8.2%,Sour - Fruited,12-pack,"Total price: € 66,00"
California Redwood,"€ 21,29",United States,4.12,The Rare Barrel,10.1%,Sour - Fruited,12-pack,"Total price: € 66,00"
We Are Because of You 2020,"€ 21,29",United States,4.04,The Rare Barrel,6.7%,Sour - Other,,
Cosmic Dust 2022,"€ 21,29",United States,3.93,The Rare Barrel,6.2%,Sour - Other,,
Ensnare the Senses 2020,"€ 21,29",United States,3.90,The Rare Barrel,7.3%,Sour - Fruited,,
"3 Fonteinen: Oude Kriek Toast 19|20, assemblage 46","€ 22,85",Belgium,4.43,Brouwerij 3 Fonteinen,6.5%,Lambic - Kriek,Bottle 750ml,"€ 30,47 per litre"
Sureshot / Kees Hot Fudge Car Wash,"€ 10,50",England,3.84,Sureshot Brewing,10.5%,Stout - Imperial / Double Pastry,Can 440ml,"€ 23,86 per litre"
Wildflower: Gold 2021,"€ 23,50",Australia,4.36,Wildflower Brewing & Blending,5%,Wild Ale - Other,Bottle 750ml,"€ 31,33 per litre"
Map of the Sun 2022,"€ 21,29",United States,4.09,The Rare Barrel,7.7%,Sour - Fruited,Bottle 750ml,"€ 31,33 per litre"
One Long Wave 2021,"€ 21,29",United States,4.02,The Rare Barrel,7.2%,Sour - Fruited,Bottle 750ml,"€ 31,33 per litre"
Blurred Pinot Noir Grapes,"€ 31,49",United States,3.85,The Rare Barrel,11%,Grape Ale - Other,Bottle 750ml,"€ 31,33 per litre"
Blurred Tannat Grapes,"€ 31,49",United States,3.75,The Rare Barrel,12%,Grape Ale - Other,Bottle 750ml,"€ 31,33 per litre"
Etain (2018),"€ 28,95",United States,4.21,The Bruery,16.3%,Old / Stock Ale,Bottle 750ml,"€ 38,60 per litre"
Strieper Prototype No8 New England Double IPA,"€ 4,40",Netherlands,3.60,Strieper Craft Beer Company,8%,IPA - Imperial / Double New England / Hazy,330ml,"€ 13,33 per litre"
Gose with Raspberries,"€ 3,90",Lithuania,3.52,Sakiškės Brewery// Sakiškių Alus,3.5%,Sour - Fruited Gose,330ml,"€ 11,82 per litre"
More Mango 2021,"€ 21,29",United States,4.20,The Rare Barrel,7.4%,Sour - Fruited,330ml,"€ 11,82 per litre"
Passionate From Miles Away,"€ 21,29",United States,4.15,The Rare Barrel,7.1%,Sour - Fruited,330ml,"€ 11,82 per litre"
Illusions of Forever,"€ 21,29",United States,4.06,The Rare Barrel,7%,Sour - Fruited,330ml,"€ 11,82 per litre"
Feed the Monster 2021,"€ 21,29",United States,4.03,The Rare Barrel,7%,Sour - Fruited,330ml,"€ 11,82 per litre"
Fruitful Wasteland  2021,"€ 21,29",United States,4.01,The Rare Barrel,7.2%,Sour - Fruited,330ml,"€ 11,82 per litre"
Arrows of Neon 2021,"€ 21,29",United States,3.95,The Rare Barrel,6%,Sour - Other,330ml,"€ 11,82 per litre"
Organic Farmhouse Saison Cider,"€ 3,60",Netherlands,3.45,Elegast Cidery,7.2%,Cider - Dry,330ml,"€ 11,82 per litre"
Virtual Distorsion,"€ 4,50",Spain,3.71,La Calavera,4%,Sour - Fruited Gose,330ml,"€ 13,64 per litre"
Lager,"€ 3,99",Germany,3.72,Craftcore Brewing,5%,Lager - Pale,Can 440ml,"€ 9,07 per litre"
Pulling Rocks,"€ 5,13",Netherlands,3.80,Rock City Brewing,10%,Pale Ale - American,Can 440ml,"€ 11,66 per litre"
Bleue Grand Reserve,"€ 9,99",Belgium,3.90,Bières de Chimay,9%,Belgian Strong Dark Ale,Bottle 750ml,"€ 13,32 per litre"
Brassers Blond,"€ 3,25",Netherlands,3.40,Brouwerij Homeland,6.4%,Blonde / Golden Ale - Other,330ml,"€ 9,85 per litre"
Hi Up There,"€ 21,29",United States,4.15,The Rare Barrel,8.4%,Sour - Fruited,330ml,"€ 9,85 per litre"
Space Jellies 2022,"€ 21,29",United States,4.08,The Rare Barrel,6.4%,Wild Ale - Other,330ml,"€ 9,85 per litre"
Garden Gaze 2021,"€ 21,29",United States,4.05,The Rare Barrel,6.3%,Sour - Other,330ml,"€ 9,85 per litre"
Poptropica,"€ 21,29",United States,3.97,The Rare Barrel,7.2%,Sour - Fruited,330ml,"€ 9,85 per litre"
Strawberry Whine,"€ 21,29",United States,3.81,The Rare Barrel,8.1%,Wild Ale - Other,330ml,"€ 9,85 per litre"
Strawberry Small Acts,"€ 21,29",United States,3.78,The Rare Barrel,4.4%,Farmhouse Ale - Grisette,330ml,"€ 9,85 per litre"
Mosaic Small Acts 2021,"€ 21,29",United States,3.76,The Rare Barrel,3.9%,Farmhouse Ale - Grisette,330ml,"€ 9,85 per litre"
Luctor Et Emergo - Dubbel,"€ 2,99",Netherlands,3.19,Bierbrouwerij Vermeersen,6.5%,Belgian Dubbel,330ml,"€ 9,85 per litre"
Kriek,"€ 14,20",Belgium,4.26,Brasserie Cantillon,5%,Lambic - Kriek,Bottle 375ml,"€ 37,87 per litre"
Thread Count,"€ 25,95",United States,4.41,Jackie O's Brewery,13.4%,Stout - Imperial / Double Milk,Bottle 375ml,"€ 69,20 per litre"
Quit Your Fussin' On Me,"€ 7,60",United States,4.08,Hoof Hearted Brewing,9%,IPA - Sour,473ml,"€ 16,07 per litre"
In Between,"€ 5,70",United States,3.84,Cushwa Brewing Company,6.8%,Bock - Single / Traditional,355ml,"€ 16,06 per litre"
Electrofruit Chocolate Covered Strawberry,"€ 11,95",United States,4.41,Cushwa Brewing Company,6%,Sour - Smoothie / Pastry,473ml,"€ 25,26 per litre"
Decorating Pieces of Time (2022),"€ 21,50",United States,4.39,Jackie O's Brewery,12.7%,Barleywine - American,Bottle 375ml,"€ 57,33 per litre"
Ensorcelled 2022,"€ 21,29",United States,4.17,The Rare Barrel,7.8%,Sour - Other,Bottle 375ml,"€ 57,33 per litre"
Fields Forever,"€ 21,29",United States,4.16,The Rare Barrel,6.7%,Wild Ale - American,,
Stone Age Love 2022,"€ 21,29",United States,4.10,The Rare Barrel,7.1%,Sour - Fruited,,
World In Motion 2021,"€ 21,29",United States,4.10,The Rare Barrel,7.8%,Sour - Fruited,,
Kerfuffle 2021,"€ 21,29",United States,4.07,The Rare Barrel,7.3%,Sour - Fruited,,
Ever-Changing And Eternal 2020,"€ 21,29",United States,4.07,The Rare Barrel,7.2%,Sour - Other,,
The Lagfather Part III / Laughing Monk,"€ 21,29",United States,4.05,The Rare Barrel,5.7%,Lager - Helles,,
Life Is Good Today 2022,"€ 21,29",United States,3.98,The Rare Barrel,7.5%,Sour - Fruited,,
Skittley Bittley Bop,"€ 6,75",United States,3.73,Hoof Hearted Brewing,4.5%,Sour - Fruited,473ml,"€ 14,27 per litre"
Aecht Schlenkerla Rauchbier Helles Lagerbier,"€ 4,80",Germany,3.48,"Schlenkerla (""Heller-Bräu"" Trum)",4.3%,Lager - Helles,Bottle 500ml,"€ 9,60 per litre"
Wijnbergperzik (Season 21|22) Blend No. 24,"€ 29,80",Belgium,4.35,Brouwerij 3 Fonteinen,6.5%,Lambic - Fruit,Bottle 750ml,"€ 39,73 per litre"
Banana,"€ 2,90",Belgium,3.05,Mongozo,3.6%,Fruit Beer,330ml,"€ 8,79 per litre"
Rive Bianche,"€ 17,95",Italy,4.00,Siemàn,6.3%,Lambic - Fruit,Bottle 750ml,"€ 23,93 per litre"
Bucce,"€ 10,51",Italy,3.99,Siemàn,5.9%,Lambic - Fruit,Bottle 375ml,"€ 28,03 per litre"
Siemàn Doppio Gioco 2022,"€ 17,85",United States,3.95,Solemn Oath Brewery,12.5%,Belgian Dubbel,Bottle 750ml,"€ 23,80 per litre"
Siemàn Prato Alto 2022,"€ 17,85",United States,3.35,Oliver Brewing Co.,12%,Red Ale - American Amber / Red,Bottle 750ml,"€ 23,80 per litre"
Cuvée Freddy Bosbes (Blueberries),"€ 4,87",Belgium,3.84,Brouwerij Alvinne,8%,Sour - Fruited,Bottle 330ml,"€ 14,76 per litre"
Oude Kriek,"€ 9,25",Belgium,3.80,Brouwerij De Troch,5.5%,Lambic - Kriek,Bottle 375ml,"€ 24,67 per litre"
Oude Gueuze,"€ 9,11",Belgium,3.68,Brouwerij De Troch,5.5%,Lambic - Gueuze,Bottle 750ml,"€ 12,15 per litre"
Pale Ale,"€ 4,90",England,?,Samuel Smith,5%,Pale Ale - English,350ml,"€ 14,00 per litre"
Hirondelle (Summer Edition - With Lime),"€ 3,52",Belgium,3.65,La Source Beer Co.,4.8%,Sour - Other,330ml,"€ 10,67 per litre"
Caterina,"€ 15,99",United States,4.13,Living Häus Beer Company,10%,Stout - Imperial / Double Pastry,355ml,"€ 45,04 per litre"
Revival Of Consciousness,"€ 21,95",United States,4.19,Belleflower Brewing,10%,Porter - Imperial / Double Baltic,500ml,"€ 43,90 per litre"
De Verzachter,"€ 3,30",Netherlands,3.49,Brewery42,6.2%,Belgian Blonde,330ml,"€ 10,00 per litre"
Fundamental Forces (2019),"€ 84,99",United States,4.48,Bottle Logic Brewing,18%,Stout - Imperial / Double,330ml,"€ 10,00 per litre"
De Moersleutel 7 Year Anniversary Serie: Wrath,"€ 6,20",Netherlands,3.87,Moersleutel Craft Brewery,8%,Porter - Baltic,Can 440ml,"€ 14,09 per litre"
Kwiek,"€ 25,75",Belgium,3.76,Dok Brewing Company/ Nevel Wild Ales,6%,Sour - Other Gose,Bottle 750ml,"€ 34,33 per litre"
Bionic Blacksmith,"€ 3,99",Netherlands,3.51,JELSTER,7%,IPA - Black / Cascadian Dark Ale,330ml,"€ 12,09 per litre"
Pannepot Grand Reserva Vintage 2022,"€ 4,40",Belgium,4.11,De Struise Brouwers,10%,Belgian Strong Dark Ale,330ml,"€ 13,33 per litre"
Martha Brown Eyes,"€ 2,50",Belgium,3.66,The Brew Society,12%,Belgian Strong Dark Ale,330ml,"€ 7,58 per litre"
Gageleer,"€ 2,30",Belgium,3.50,Beers For Nature,7.5%,Spiced / Herbed Beer,330ml,"€ 6,97 per litre"
Kempisch Vuur Tripel,"€ 2,20",Belgium,3.42,Brouwerij Pirlot,7.5%,Belgian Tripel,330ml,"€ 6,67 per litre"
St. Bernardus Tripel,"€ 2,10",Netherlands,3.30,Walhalla Brouwerij & Proeflokaal,4.4%,Wheat Beer - Witbier / Blanche,330ml,"€ 6,36 per litre"
"3 Fonteinen: Oude Geuze, seizoen 18|19 assemblage 108","€ 9,95",Belgium,4.29,Brouwerij 3 Fonteinen,7%,Lambic - Gueuze,Bottle 375ml,"€ 26,53 per litre"
Framboos Oogst #11 2019,"€ 23,90",Belgium,4.24,Brouwerij 3 Fonteinen,6.2%,Lambic - Framboise,Bottle 375ml,"€ 63,73 per litre"
Druif Muscat Bleu #47 2020,"€ 42,40",Belgium,4.23,Brouwerij 3 Fonteinen,8%,Lambic - Fruit,Bottle 750ml,"€ 56,53 per litre"
Krug Breitenlesauer Weisse,"€ 1,90",Germany,3.49,Krug-Bräu,5.3%,Wheat Beer - Hefeweizen,500ml,"€ 3,80 per litre"
Dunkel,"€ 2,10",Germany,3.49,Manns Bräu,5.5%,Lager - Munich Dunkel,500ml,"€ 4,20 per litre"
Zwickl,"€ 2,00",Germany,3.44,Brauerei Nothhaft,4.9%,Kellerbier / Zwickelbier,500ml,"€ 4,00 per litre"
Original,"€ 2,10",Germany,3.34,Brauerei Göller,4.9%,Pilsner - German,500ml,"€ 4,20 per litre"
Pedestal (Luminosa),"€ 11,20",Canada,4.00,Badlands Brewing Company,6.5%,IPA - American,473ml,"€ 23,68 per litre"
North X Oddity,"€ 8,60",England,3.86,North Brewing Co.,6.4%,IPA - New England / Hazy,Can 440ml,"€ 19,55 per litre"
Platypils,"€ 6,00",Denmark,3.32,Dry & Bitter Brewing Company,5.2%,Pilsner - Other,Can 440ml,"€ 13,64 per litre"
Sour Blackcurrant 12,"€ 5,75",Czech Republic,3.73,Rodinný Pivovar Zichovec,5.6%,Sour - Fruited,Can 440ml,"€ 13,07 per litre"
Freyja's Love Øl,"€ 2,50",Belgium,3.56,NordHunn,7%,Pale Ale - American,330ml,"€ 7,58 per litre"
Duvel Tripel Hop Citra Belgian IPA,"€ 3,69",Belgium,3.68,Duvel Moortgat,9.5%,IPA - Belgian,330ml,"€ 11,18 per litre"
Rising Tide,"€ 12,71",Denmark,4.22,Alefarm Brewing,11.5%,Stout - Imperial / Double,Bottle 375ml,"€ 33,89 per litre"
Kwee Oogst 2022,"€ 24,15",Belgium,4.10,Het Boerenerf Eylenbosch,7%,Lambic - Fruit,Bottle 750ml,"€ 32,20 per litre"
Cannonau Oogst 2022,"€ 20,95",Belgium,3.97,Het Boerenerf Eylenbosch,7%,Cider - Other Fruit,Bottle 750ml,"€ 27,93 per litre"
Woerdens Tripel (batch#1),"€ 3,50",Netherlands,3.54,Bierloods22,9.5%,Belgian Tripel,330ml,"€ 10,61 per litre"
Oude Kriek,"€ 4,43",Belgium,3.97,Hanssens Artisanaal,6.5%,Lambic - Kriek,Bottle 375ml,"€ 11,81 per litre"
Framboos,"€ 5,31",Belgium,3.74,Hanssens Artisanaal,6%,Lambic - Framboise,Bottle 375ml,"€ 14,16 per litre"
La Boucle,"€ 12,00",France,3.98,Levain,5%,Sour - Other,Bottle 750ml,"€ 16,00 per litre"
Every Second Counts,"€ 24,39",Canada,4.17,Small Pony Barrel Works,7.1%,Wild Ale - American,Bottle 750ml,"€ 32,52 per litre"
Tagaloa,"€ 8,72",Hungary,4.12,Fehér Nyúl,13.3%,Stout - Imperial / Double,330ml,"€ 26,42 per litre"
Groene Druif,"€ 19,14",Belgium,3.97,Brouwerij Kestemont,5.5%,Lambic - Fruit,Bottle 750ml,"€ 25,52 per litre"
Groene Druif,"€ 11,39",Belgium,3.97,Brouwerij Kestemont,5.5%,Lambic - Fruit,Bottle 375ml,"€ 30,37 per litre"
Revival of Consciousness,"€ 22,00",United States,4.19,Belleflower Brewing,10%,Porter - Imperial / Double Baltic,500ml,"€ 44,00 per litre"
Na Na,"€ 7,19",Sweden,3.70,Stigbergets Bryggeri,6.5%,Sour - Smoothie / Pastry,Can 440ml,"€ 16,34 per litre"
Barreled Souls V For Vanilla Tahitian (2023),"€ 25,80",United States,4.14,Barreled Souls Brewing Company,12.3%,Stout - Imperial / Double,Bottle 500ml,"€ 51,60 per litre"
Port Inner Space (2023),"€ 27,60",United States,4.13,Barreled Souls Brewing Company,13.1%,Stout - Imperial / Double,Bottle 500ml,"€ 55,20 per litre"
Barreled Souls V For Vanilla Ugandan (2023),"€ 25,80",United States,4.12,Barreled Souls Brewing Company,12.3%,Stout - Imperial / Double,Bottle 500ml,"€ 51,60 per litre"
Barreled Souls V For Vanilla Madagascar (2023),"€ 25,80",United States,4.10,Barreled Souls Brewing Company,12.3%,Stout - Imperial / Double,Bottle 500ml,"€ 51,60 per litre"
Roasters Paradise Kianderi - Kenya,"€ 7,28",Hungary,4.15,Mad Scientist,13%,Stout - Imperial / Double Coffee,330ml,"€ 22,06 per litre"
Roasters Paradise Koke Shalaye - Ethiopia,"€ 7,28",Hungary,4.14,Mad Scientist,13%,Stout - Imperial / Double Coffee,330ml,"€ 22,06 per litre"
Trappistes Rochefort 10 Belgian Quadrupel,"€ 6,60",Belgium,4.05,Abbaye Notre-Dame de Saint-Rémy,11.3%,Belgian Quadrupel,330ml,"€ 20,00 per litre"
Tilquin Quetsche 2021-2022,"€ 19,75",Belgium,4.08,Gueuzerie Tilquin,6.4%,Lambic - Fruit,Bottle 750ml,"€ 26,33 per litre"
Kriek,"€ 2,00",Belgium,3.53,Brouwerij Boon,4%,Lambic - Kriek,330ml,"€ 6,06 per litre"
Kriek,"€ 8,35",Belgium,4.26,Brasserie Cantillon,5%,Lambic - Kriek,Bottle 375ml,"€ 22,27 per litre"
Oude Kriek,"€ 10,73",Belgium,4.02,Oud Beersel,7%,Lambic - Kriek,Bottle 750ml,"€ 14,31 per litre"
Framboise,"€ 5,10",Belgium,3.56,Oud Beersel,5%,Lambic - Framboise,Bottle 375ml,"€ 13,60 per litre"
DOK Grape Me,"€ 25,71",Belgium,3.64,Dok Brewing Company,6.2%,Grape Ale - Other,Bottle 750ml,"€ 34,28 per litre"
DOK Pink On The Inside,"€ 3,39",Belgium,2.68,Dok Brewing Company,3%,Sour - Fruited Gose,330ml,"€ 10,27 per litre"
Pink,"€ 10,50",Canada,4.05,Nano Cinco,7.3%,IPA - New England / Hazy,473ml,"€ 22,20 per litre"
RUSSIAN IMPERIAL STOUT - Vanille De Madagascar,"€ 5,85",France,3.94,Popihn,11%,Stout - Russian Imperial,330ml,"€ 17,73 per litre"
Eclipse - Widow Jane (2022),"€ 28,29",United States,4.31,FiftyFifty Brewing Co.,11.9%,Stout - Imperial / Double,330ml,"€ 17,73 per litre"
Eclipse - Chocolate Malt (2022),"€ 32,69",United States,4.23,FiftyFifty Brewing Co.,10.8%,Stout - Imperial / Double,330ml,"€ 17,73 per litre"
Eclipse - High West Bourbon (2022),"€ 28,29",United States,4.21,FiftyFifty Brewing Co.,10.9%,Stout - Imperial / Double,330ml,"€ 17,73 per litre"
Eclipse - Frey Ranch (2022),"€ 28,29",United States,4.20,FiftyFifty Brewing Co.,12.2%,Stout - Imperial / Double,330ml,"€ 17,73 per litre"
Eclipse - Spirit of Eclipse,"€ 35,29",United States,4.19,FiftyFifty Brewing Co.,11.9%,Stout - Imperial / Double,330ml,"€ 17,73 per litre"
Eclipse - Caramel Macchiato (2022),"€ 32,69",United States,4.15,FiftyFifty Brewing Co.,10.8%,Stout - Imperial / Double,,
Eclipse - Vanilla Coconut,"€ 24,29",United States,4.13,FiftyFifty Brewing Co.,10.4%,Stout - Imperial / Double,,
Donner Party Porter,"€ 6,69",United States,3.79,FiftyFifty Brewing Co.,7.2%,Porter - American,473ml,"€ 14,14 per litre"
Yellow Belly Scotch Sundae,"€ 13,40",England,4.33,Buxton Brewery,12%,Stout - Imperial / Double Pastry,330ml,"€ 40,61 per litre"
huisbierenpakket,"€ 41,82",Belgium,3.27,BRAUW,5.9%,Belgian Blonde,330ml,"€ 40,61 per litre"
Never Ending Trails,"€ 24,00",Hungary,4.15,Mad Scientist,11.5%,Belgian Quadrupel,500ml,"€ 48,00 per litre"
Nostalgia Collection #11 – Mijnfiets (limited edition),"€ 3,61",Belgium,3.48,Brouwerij Kompel,7%,Farmhouse Ale - Saison,330ml,"€ 10,94 per litre"
Oude Geuze Boon Black Label 7th Edition,"€ 11,50",Belgium,3.79,Brouwerij Boon,7%,Lambic - Gueuze,Bottle 750ml,"€ 15,33 per litre"
Barleywine BIO,"€ 4,40",Netherlands,3.63,Brouwerij Troost,9%,Barleywine - American,Can 330ml,"€ 13,33 per litre"
Wild Turkey Bourbon Edtition 2023  Barrel Aged Wheat Wine,"€ 6,25",Netherlands,4.19,Brouwerij de Molen,11%,Smoked Beer,330ml,"€ 18,94 per litre"
New England IPA,"€ 2,70",Netherlands,3.60,Brothers In Law Brewing,6%,IPA - New England / Hazy,330ml,"€ 8,18 per litre"
Organic Raspberry Fruit Beer,"€ 4,20",England,3.78,Melbourn Bros’ All Saints Brewery,5.1%,Fruit Beer,Bottle 355ml,"€ 11,83 per litre"
Comeback Kid Zero Waste IPA,"€ 2,65",Netherlands,3.45,vandeStreek bier,6%,IPA - American,Can 330ml,"€ 8,03 per litre"
Enjoy The Silence,"€ 3,55",Netherlands,3.75,Brouwerij Kees,11.5%,Belgian Quadrupel,330ml,"€ 10,76 per litre"
Brother Thelonious,"€ 6,49",United States,3.87,North Coast Brewing Company,9.4%,Belgian Strong Dark Ale,355ml,"€ 18,28 per litre"
Old Stock Ale Cellar Reserve - 2018,"€ 23,29",United States,4.26,North Coast Brewing Company,13.5%,Old / Stock Ale,355ml,"€ 18,28 per litre"
Bourbon Barrel Aged Old Rasputin XXII,"€ 23,29",United States,4.22,North Coast Brewing Company,11.3%,Stout - Russian Imperial,355ml,"€ 18,28 per litre"
Tart Cherry Berliner Weisse,"€ 5,69",United States,3.85,North Coast Brewing Company,4.1%,Sour - Fruited Berliner Weisse,355ml,"€ 18,28 per litre"
Old No. 38 Stout,"€ 4,99",United States,3.63,North Coast Brewing Company,5.4%,Stout - Irish Dry,355ml,"€ 18,28 per litre"
Lervig Paragon 2021,"€ 17,95",Norway,4.24,LERVIG,13.8%,Barleywine - Other,Bottle 375ml,"€ 47,87 per litre"
Enter the Night,"€ 8,00",Netherlands,3.99,Folkingebrew,11%,Stout - Imperial / Double,Can 440ml,"€ 18,18 per litre"
Meister Zwickl,"€ 1,90",Austria,3.48,Zillertal Bier,5%,Kellerbier / Zwickelbier,500ml,"€ 3,80 per litre"
Luminous 05,"€ 6,49",United States,4.20,Great Notion Brewing,5.9%,IPA - Sour,473ml,"€ 13,72 per litre"
Civil Disobedience 27,"€ 84,99",United States,4.40,Hill Farmstead Brewery,6%,Farmhouse Ale - Saison,473ml,"€ 13,72 per litre"
Rice Proxy Treats,"€ 59,99",United States,4.26,Other Half Brewing Co.,16.3%,Stout - Imperial / Double,473ml,"€ 13,72 per litre"
Bourbon County Brand  Bramble Rye Stout 2018,"€ 59,99",United States,4.21,Goose Island Beer Co.,12.7%,Stout - Imperial / Double,473ml,"€ 13,72 per litre"
Oude Geuze 2019-2020,"€ 8,17",Belgium,3.48,Brouwerij Boon,7%,Lambic - Gueuze,Bottle 750ml,"€ 10,89 per litre"
Rising Tide,"€ 22,50",Denmark,4.22,Alefarm Brewing,11.5%,Stout - Imperial / Double,Bottle 375ml,"€ 60,00 per litre"
Abundant Growth 2021,"€ 24,00",United States,3.89,Finback Brewery,7.3%,Wild Ale - American,Bottle 500ml,"€ 48,00 per litre"
Live By The Sun And The Moon,"€ 24,00",United States,3.78,Finback Brewery,7.5%,Sour - Fruited,Bottle 500ml,"€ 48,00 per litre"
Brewing Eroica,"€ 3,47",France,3.82,The Piggy Brewing Company,6.1%,IPA - New England / Hazy,Can 330ml,"€ 10,52 per litre"
Brewing Piggy Driver,"€ 2,99",France,3.51,The Piggy Brewing Company,1.9%,Pale Ale - American,Can 330ml,"€ 9,06 per litre"
14-Heiligen Nothelfer Lager,"€ 1,90",Germany,3.44,Alte Klosterbrauerei Vierzehnheiligen Brauerei Trunk,4.7%,Lager - Helles,500ml,"€ 3,80 per litre"
Doesjel 19/20 Assemblage n° 85,"€ 14,17",Belgium,4.16,Brouwerij 3 Fonteinen,6.5%,Lambic - Gueuze,Bottle 750ml,"€ 18,89 per litre"
Brewing Passionista,"€ 4,94",France,3.76,The Piggy Brewing Company,4.3%,Sour - Fruited,Can 330ml,"€ 14,97 per litre"
Brewing Pick Me Up,"€ 3,35",France,3.69,The Piggy Brewing Company,4.5%,IPA - Session,Can 330ml,"€ 10,15 per litre"
Brewing Voyage en Abricot,"€ 6,39",France,3.76,The Piggy Brewing Company,4.7%,Sour - Smoothie / Pastry,Can 440ml,"€ 14,52 per litre"
Brewing Paradise Peppers,"€ 3,89",France,3.64,The Piggy Brewing Company,5.6%,Pale Ale - Other,Can 440ml,"€ 8,84 per litre"
Brewing Radical Mango,"€ 5,59",France,3.51,The Piggy Brewing Company,4.5%,Sour - Fruited,Can 440ml,"€ 12,70 per litre"
Brewing Onda Angelica,"€ 4,19",France,3.71,The Piggy Brewing Company,4.8%,Pale Ale - New England / Hazy,Can 440ml,"€ 9,52 per litre"
Brewing Idaho Connection,"€ 5,39",France,3.78,The Piggy Brewing Company,6%,IPA - New England / Hazy,Can 440ml,"€ 12,25 per litre"
Paix Dieu Triple,"€ 3,00",Belgium,3.77,Brasserie Caulier,10%,Belgian Tripel,330ml,"€ 9,09 per litre"
Colombo Blond,"€ 2,65",Belgium,3.44,Rimor Brewery,6.4%,Belgian Blonde,330ml,"€ 8,03 per litre"
Barrel Aged the Dodgefather,"€ 24,99",United States,4.22,Hoppin' Frog Brewery,11%,Stout - Pastry,473ml,"€ 52,83 per litre"
Phase Shift 2023,"€ 62,99",United States,4.18,Bottle Logic Brewing,13%,Barleywine - English,473ml,"€ 52,83 per litre"
St. Bernardus Wit Witbier,"€ 3,90",Belgium,3.58,Brouwerij St.Bernardus,5.5%,Wheat Beer - Witbier / Blanche,330ml,"€ 11,82 per litre"
Jarnicoton,"€ 4,05",France,3.85,Vendale,5%,Sour - Fruited Gose,Can 440ml,"€ 9,20 per litre"
Tinto,"€ 11,70",France,3.73,Vendale,11%,Grape Ale - Other,Bottle 750ml,"€ 15,60 per litre"
Druif Spätburgunder (Season 21|22) Blend No. 22,"€ 34,00",Belgium,4.21,Brouwerij 3 Fonteinen,7.9%,Lambic - Fruit,Bottle 750ml,"€ 45,33 per litre"
Druif Riesling (Season 21|22) Blend No. 50,"€ 34,00",Belgium,4.20,Brouwerij 3 Fonteinen,8.1%,Lambic - Fruit,Bottle 750ml,"€ 45,33 per litre"
Tuverbol,"€ 11,60",Belgium,3.80,Brouwerij 3 Fonteinen/ Brouwerij Loterbol,9.6%,Belgian Strong Golden Ale,Bottle 375ml,"€ 30,93 per litre"
Double Chocolate Stout,"€ 6,69",United States,4.04,Rogue Ales,9%,Stout - Imperial / Double,Bottle 375ml,"€ 30,93 per litre"
Juicy & Wild Muscar-Elle,"€ 14,69",Belgium,4.05,Lambiek Fabriek,6.8%,Lambic - Fruit,Bottle 750ml,"€ 19,59 per litre"
Organic Geuze Natur-Elle,"€ 6,64",Belgium,4.00,Lambiek Fabriek,5.5%,Lambic - Gueuze,Bottle 375ml,"€ 17,71 per litre"
Oude Gueuze 2023,"€ 11,40",Belgium,4.08,Het Boerenerf Eylenbosch,7%,Lambic - Gueuze,Bottle 375ml,"€ 30,40 per litre"
Tilquin Pinot Gris 2021-2022,"€ 21,32",Belgium,4.28,Gueuzerie Tilquin,8%,Lambic - Fruit,Bottle 750ml,"€ 28,43 per litre"
Tilquin Oude Pinot Noir 2021-2022,"€ 20,97",Belgium,4.24,Gueuzerie Tilquin,8%,Lambic - Fruit,Bottle 750ml,"€ 27,96 per litre"
Oatis,"€ 3,99",United States,3.76,Ninkasi Brewing Company,7%,Stout - Oatmeal,Bottle 750ml,"€ 27,96 per litre"
Dawn of the Red,"€ 4,99",United States,3.74,Ninkasi Brewing Company,7%,Red Ale - Imperial / Double,355ml,"€ 14,06 per litre"
Whit Rapids,"€ 3,49",United States,3.53,Ninkasi Brewing Company,5.5%,Wheat Beer - Witbier / Blanche,355ml,"€ 14,06 per litre"
Lervig No Worries Mango,"€ 2,17",Norway,3.27,LERVIG,0.5%,Non-Alcoholic - IPA,330ml,"€ 6,58 per litre"
A Deeper Understanding,"€ 167,99",United States,4.52,Forager Brewery,12.5%,Stout - Imperial / Double,330ml,"€ 6,58 per litre"
Speciezzzzz,"€ 149,99",United States,4.46,Forager Brewery,14.2%,Stout - Imperial / Double,330ml,"€ 6,58 per litre"
Close For Comfort,"€ 149,99",United States,4.45,Forager Brewery,13%,Barleywine - American,Bottle 750ml,"€ 199,99 per litre"
Derby Pie,"€ 154,99",United States,4.42,Forager Brewery,14.8%,Stout - Imperial / Double Pastry,Bottle 750ml,"€ 199,99 per litre"
Buzzed,"€ 122,99",United States,4.35,Forager Brewery,14%,Stout - Imperial / Double Coffee,Bottle 750ml,"€ 163,99 per litre"
Magic Bars (Vintage 2023),"€ 122,99",United States,4.46,Forager Brewery,14.2%,Stout - Other,Bottle 750ml,"€ 163,99 per litre"
Split,"€ 119,99",United States,4.34,Forager Brewery,13.4%,Stout - Imperial / Double Pastry,Bottle 750ml,"€ 163,99 per litre"
Critter Cuvée,"€ 74,99",United States,4.27,Forager Brewery,14.8%,Strong Ale - American,Bottle 750ml,"€ 99,99 per litre"
Ipa,"€ 2,75",Netherlands,3.52,Brouwerij Kees,6.2%,IPA - American,330ml,"€ 8,33 per litre"
Hertl Der Leisi Rotbier,"€ 2,50",Germany,3.30,Braumanufaktur Hertl,4.2%,Lager - Rotbier,500ml,"€ 5,00 per litre"
Gamay Pinot Noir,"€ 24,74",Switzerland,4.11,Chien Bleu,8%,Farmhouse Ale - Saison,Bottle 750ml,"€ 32,99 per litre"
Crooked Stave / Omnipollo Bianca Raspberry Wild Wild Brett,"€ 19,99",United States,4.28,Crooked Stave Artisan Beer Project/ Omnipollo,6%,Wild Ale - American,Bottle 370ml,"€ 54,03 per litre"
Omnipollo Bianca Wild Wild Brett Peaches & Cream VINTAGE 2017,"€ 19,99",United States,4.18,Crooked Stave Artisan Beer Project/ Omnipollo,6.8%,Wild Ale - American,Bottle 370ml,"€ 54,03 per litre"
Crooked Stave Vieille Artisanal (Cranberry and Spice) VINTAGE 2014,"€ 15,99",United States,3.84,Crooked Stave Artisan Beer Project,4.2%,Farmhouse Ale - Saison,Bottle 375ml,"€ 42,64 per litre"
Fauve A Corps Perdu,"€ 3,29",France,3.66,Fauve,5%,Pilsner - German,Can 440ml,"€ 7,48 per litre"
24/7 Helles,"€ 4,29",Germany,3.45,FrauGruber Brewing,5.2%,Lager - Helles,Can 440ml,"€ 9,75 per litre"
Branded & Barreled - Banana Pancakes,"€ 22,69",United States,4.01,Belching Beaver Brewery,14.7%,Stout - Imperial / Double Pastry,Can 440ml,"€ 9,75 per litre"
Limited Edition Oproer: Ruig #13,"€ 7,95",Netherlands,3.91,Oproer,7.7%,Wild Ale - Other,Bottle 375ml,"€ 21,20 per litre"
Pecheresse,"€ 7,70",Belgium,3.57,Brouwerij Lindemans,2.5%,Lambic - Fruit,Bottle 750ml,"€ 10,27 per litre"
Boerenerf Gueuze 2023 #1,"€ 4,90",Belgium,4.08,Het Boerenerf Eylenbosch,7%,Lambic - Gueuze,Bottle 375ml,"€ 13,07 per litre"
Naughty Sauce,"€ 7,99",United States,4.14,Noble Ale Works,5.4%,Stout - White / Golden,Bottle 375ml,"€ 13,07 per litre"
Gefeliciteerd,"€ 9,99",Netherlands,3.34,Geef Bier Cadeau,7%,Belgian Blonde,Bottle 750ml,"€ 13,32 per litre"
Broeker Blonde,"€ 3,33",Netherlands,3.35,Waterland Brewery,5%,Blonde / Golden Ale - Other,330ml,"€ 10,09 per litre"
Inca-Pabel,"€ 3,90",Netherlands,3.31,Brouwerij Vals Plat,6.2%,Belgian Blonde,330ml,"€ 11,82 per litre"
Intens Rood (season 19|20) Blend No. 79  -  SHOP ONLY,"€ 28,00",Belgium,4.28,Brouwerij 3 Fonteinen,7.1%,Lambic - Kriek,Bottle 750ml,"€ 37,33 per litre"
3 Fonteinen - Cuvée Miel (season 20|21) Blend No. 67 - SHOP ONLY,"€ 26,10",Belgium,4.25,Brouwerij 3 Fonteinen,7.9%,Lambic - Gueuze,Bottle 750ml,"€ 34,80 per litre"
Oude Kriek PX Geturfd (season 19|20) Blend No. 75  -  SHOP ONLY,"€ 10,00",Belgium,4.21,Brouwerij 3 Fonteinen,7.3%,Lambic - Kriek,Bottle 750ml,"€ 13,33 per litre"
Doesjel (season 19|20) Blend No. 85  -  SHOP ONLY,"€ 12,60",Belgium,4.16,Brouwerij 3 Fonteinen,6.5%,Lambic - Gueuze,Bottle 750ml,"€ 16,80 per litre"
3 Fonteinen - Nocturne (season 21|22) Blend No. 48 - SHOP ONLY,"€ 21,60",Belgium,4.12,Brouwerij 3 Fonteinen,7%,Sour - Flanders Oud Bruin,Bottle 750ml,"€ 28,80 per litre"
Clomp - Blend Two - SHOP ONLY,"€ 22,00",England,4.10,Mills Brewing,5.7%,Sour - Other,Bottle 750ml,"€ 29,33 per litre"
Thirteenth Fire - SHOP ONLY,"€ 25,00",England,4.01,Mills Brewing,10%,Cider - Graff,Bottle 750ml,"€ 33,33 per litre"
Blueprints of the Sun - Blend #1,"€ 17,90",Denmark,3.98,To Øl,6.4%,Wild Ale - Other,Bottle 750ml,"€ 23,87 per litre"
Cantaloupe express,"€ 18,50",Belgium,3.59,Brouwerij Alvinne/ MadX,6.9%,Farmhouse Ale - Other,Bottle 750ml,"€ 24,67 per litre"
vervallen bier - doos,"€ 36,00",France,?,Les 2 Ours Atelier Brasserie,3.5%,Spiced / Herbed Beer,Bottle 750ml,"€ 24,67 per litre"
Speedway Stout Tart Cherry,"€ 8,99",United States,3.82,AleSmith Brewing Company,12%,Stout - Russian Imperial,473ml,"€ 19,01 per litre"
Hefeweizen,"€ 3,19",Netherlands,3.32,Trots Rotterdams Bier,5.4%,Wheat Beer - Hefeweizen,473ml,"€ 19,01 per litre"
Aktien Zwick'l,"€ 2,00",Germany,3.50,Bayreuther Bierbrauerei,5.3%,Kellerbier / Zwickelbier,500ml,"€ 4,00 per litre"
Maisel's Weisse Kristall,"€ 1,90",Germany,3.48,Brauerei Gebr. Maisel,5%,Wheat Beer - Kristallweizen,500ml,"€ 3,80 per litre"
10th Anniversary Massive! Ben,"€ 22,29",United States,4.27,Gigantic Brewing Company,14.3%,Barleywine - Other,500ml,"€ 44,58 per litre"
10th Anniversary Massive! Van,"€ 22,29",United States,4.24,Gigantic Brewing Company,14.3%,Barleywine - Other,500ml,"€ 44,58 per litre"
Massive! (Islay Scotch Barrel 2022),"€ 22,29",United States,4.23,Gigantic Brewing Company,14.3%,Barleywine - Other,500ml,"€ 44,58 per litre"
Massive! (Highland Scotch Barrel 2022),"€ 22,29",United States,4.20,Gigantic Brewing Company,14.3%,Barleywine - English,500ml,"€ 44,58 per litre"
Massive! (Bourbon Barrel 2022),"€ 22,29",United States,4.16,Gigantic Brewing Company,14.3%,Barleywine - American,500ml,"€ 44,58 per litre"
Massive! (Rum Barrel 2022),"€ 22,29",United States,4.14,Gigantic Brewing Company,14.3%,Barleywine - English,500ml,"€ 44,58 per litre"
Massive! (Rye Barrel 2022),"€ 22,29",United States,4.13,Gigantic Brewing Company,14.3%,Barleywine - American,500ml,"€ 44,58 per litre"
Massive! (Irish Whiskey Barrel 2022),"€ 22,29",United States,4.11,Gigantic Brewing Company,14.3%,Barleywine - American,500ml,"€ 44,58 per litre"
Pipewrench,"€ 11,69",United States,3.87,Gigantic Brewing Company,8%,IPA - Imperial / Double,500ml,"€ 23,38 per litre"
LP Stout,"€ 9,29",United States,3.74,Gigantic Brewing Company,5.7%,Stout - American,500ml,"€ 23,38 per litre"
Het Boerenerf Rabarber,"€ 20,29",Belgium,4.20,Het Boerenerf Eylenbosch,6%,Lambic - Fruit,Bottle 750ml,"€ 27,05 per litre"
Het Boerenerf Biet,"€ 20,29",Belgium,4.13,Het Boerenerf Eylenbosch,7%,Lambic - Fruit,Bottle 750ml,"€ 27,05 per litre"
Het Boerenerf Zomerkriek,"€ 20,29",Belgium,4.08,Het Boerenerf Eylenbosch,7%,Lambic - Other,Bottle 750ml,"€ 27,05 per litre"
Het Boerenerf Kwee,"€ 20,29",Belgium,3.98,Het Boerenerf Eylenbosch,7%,Lambic - Fruit,Bottle 750ml,"€ 27,05 per litre"
Rose of Cimarron,"€ 21,25",Denmark,4.04,Amager Bryghus,15.6%,Porter - Imperial / Double Baltic,Bottle 750ml,"€ 28,33 per litre"
Sally Skull,"€ 21,25",Denmark,3.81,Amager Bryghus,12.5%,Scotch Ale / Wee Heavy,Bottle 750ml,"€ 28,33 per litre"
Ginger,"€ 2,60",Denmark,3.81,Baladin,12.5%,Alkoholmentes Italok,200ml,"€ 13,00 per litre"
Heesakker Oaked (Limited Edition),"€ 6,97",Belgium,3.40,Microbrouwerij Mølder & Coöp.,8.3%,Belgian Blonde,Bottle 750ml,"€ 93,33 per litre"
Perron Saison (T.H.T.: 14/06/2024),"€ 3,39",Belgium,3.35,Perron Bieren,6%,Farmhouse Ale - Saison,330ml,"€ 10,27 per litre"
Hommage (season 16|17) Blend No. 11,"€ 28,95",Belgium,4.45,Brouwerij 3 Fonteinen,4.5%,Lambic - Framboise,Bottle 750ml,"€ 38,60 per litre"
Brewing - Pastrytonium: Peanut Butter King,"€ 32,50",United States,4.27,Magnify Brewing Company,13%,Stout - Imperial / Double Pastry,500ml,"€ 65,00 per litre"
Tilquin Syrah A L'Ancienne 75cl,"€ 24,10",Belgium,4.18,Gueuzerie Tilquin,8%,Lambic - Fruit,Bottle 750ml,"€ 32,13 per litre"
Delirium Argentum,"€ 4,70",Belgium,3.60,Delirium - Huyghe Brewery,7%,IPA - Belgian,330ml,"€ 14,24 per litre"
Fox Grand Cru,"€ 18,50",Belgium,?,Maxime Claeys,7%,Cider - Dry,330ml,"€ 14,24 per litre"
Barrel-Aged Depths of Desire,"€ 32,29",United States,4.34,Revision Brewing Company,15%,Stout - Imperial / Double,330ml,"€ 14,24 per litre"
Sobchak,"€ 24,95",United States,4.26,Fidens Brewing Co,9.2%,Stout - Coffee,330ml,"€ 14,24 per litre"
Klaar Mary Jane 2022,"€ 11,29",Germany,3.97,klaar - fruchtfermente,4.5%,Cider - Herbed / Spiced / Hopped,Bottle 750ml,"€ 15,05 per litre"
Klaar Elderonora 2022,"€ 11,29",Germany,?,klaar - fruchtfermente,3.5%,Cider - Traditional / Apfelwein,Bottle 750ml,"€ 15,05 per litre"
Klaar Rosalinde 2022,"€ 11,29",Germany,?,klaar - fruchtfermente,4.5%,Cider - Other Fruit,Bottle 750ml,"€ 15,05 per litre"
Boerenerf  Kwee (Oogst 2022),"€ 21,17",Belgium,4.10,Het Boerenerf Eylenbosch,7%,Lambic - Fruit,Bottle 750ml,"€ 28,23 per litre"
Boerenerf Biet (Oogst 2022),"€ 21,17",Belgium,4.09,Het Boerenerf Eylenbosch,7%,Lambic - Other,Bottle 750ml,"€ 28,23 per litre"
Oracle,"€ 3,30",England,3.63,Salopian Brewery,4%,Blonde / Golden Ale - English,Bottle 500ml,"€ 6,60 per litre"
Maestro 2021,"€ 22,99",United States,4.34,Alesong Brewing & Blending,13.2%,Barleywine - English,500ml,"€ 45,98 per litre"
Tuesday 2023,"€ 49,99",United States,4.32,Cycle Brewing Company,12%,Stout - Imperial / Double,Bottle 650ml,"€ 76,91 per litre"
Rackhouse Reserve 2020,"€ 22,99",United States,4.30,Alesong Brewing & Blending,12.5%,Strong Ale - Other,500ml,"€ 45,98 per litre"
Monday 2023,"€ 49,99",United States,4.28,Cycle Brewing Company,12.5%,Stout - Imperial / Double Pastry,Bottle 650ml,"€ 76,91 per litre"
Rhino Suit 2021,"€ 22,99",United States,4.25,Alesong Brewing & Blending,12.4%,Stout - Imperial / Double Milk,,
BA SZN Coconut + Caramel,"€ 27,49",United States,4.24,Cycle Brewing Company,12%,Stout - Imperial / Double Pastry,,
Nooner #11,"€ 27,49",United States,4.23,Cycle Brewing Company,12%,Stout - Imperial / Double Pastry,,
Friday 2023 / Omnipollo,"€ 49,99",United States,4.22,Cycle Brewing Company,12%,Stout - Imperial / Double Coffee,Bottle 650ml,"€ 76,91 per litre"
Wednesday 2023,"€ 49,99",United States,4.19,Cycle Brewing Company,12%,Stout - Imperial / Double,Bottle 650ml,"€ 76,91 per litre"
Thursday 2023,"€ 49,99",United States,4.19,Cycle Brewing Company,12.5%,Stout - Imperial / Double Coffee,Bottle 650ml,"€ 76,91 per litre"
Kriek 2021,"€ 22,99",United States,4.17,Alesong Brewing & Blending,7%,Sour - Fruited,500ml,"€ 45,98 per litre"
Stonefruit Symphony 2021,"€ 22,99",United States,4.16,Alesong Brewing & Blending,7.3%,Sour - Fruited,500ml,"€ 45,98 per litre"
Touch of Brett 2021,"€ 22,99",United States,4.09,Alesong Brewing & Blending,7.9%,Brett Beer,500ml,"€ 45,98 per litre"
BA SZN Chocolate Orange,"€ 27,49",United States,4.07,Cycle Brewing Company,12%,Stout - Imperial / Double,500ml,"€ 45,98 per litre"
Cherry Parliament 2021,"€ 22,99",United States,4.06,Alesong Brewing & Blending,7.5%,Wild Ale - American,500ml,"€ 45,98 per litre"
Valley Preserves 2021,"€ 22,99",United States,4.05,Alesong Brewing & Blending,7.3%,Sour - Fruited,500ml,"€ 45,98 per litre"
Wild West Kriek-framboos,"€ 4,00",Belgium,3.97,Brouwerij Alvinne,6%,Sour - Fruited,330ml,"€ 12,12 per litre"
Sigma Wild Forest,"€ 4,00",Belgium,3.92,Brouwerij Alvinne,8%,Sour - Flanders Oud Bruin,330ml,"€ 12,12 per litre"
Wild West,"€ 3,30",Belgium,3.91,Brouwerij Alvinne/ Stillwater Artisanal,6%,Sour - Other,330ml,"€ 10,00 per litre"
Berliner Kweepeer / Quince,"€ 2,70",Belgium,3.79,Brouwerij Alvinne,4%,Sour - Fruited Berliner Weisse,330ml,"€ 8,18 per litre"
Cuvee Theo,"€ 3,40",Belgium,3.67,Brouwerij Alvinne,9%,Farmhouse Ale - Saison,330ml,"€ 10,30 per litre"
Omega,"€ 2,10",Belgium,3.66,Brouwerij Alvinne,6%,Sour - Other,330ml,"€ 6,36 per litre"
Curly Wolf 2022,"€ 7,29",United States,3.95,BarrelHouse Brewing Co.,10.6%,Stout - Imperial / Double Coffee,Bottle 650ml,"€ 11,22 per litre"
Bourbon County Brand Reserve 150 Stout (2021),"€ 137,50",United States,4.57,Goose Island Beer Co.,15.6%,Stout - Imperial / Double,,
Saule,"€ 39,99",United States,4.20,The Bruery,16.1%,Old Ale,Bottle 750ml,"€ 53,32 per litre"
Black & Blue & Red All Over BBL's,"€ 19,99",United States,3.96,The Bruery Terreux,14.6%,Stout - Other,Bottle 750ml,"€ 53,32 per litre"
Oude Kriek Jart-Elle,"€ 9,33",Belgium,3.93,Lambiek Fabriek,6%,Lambic - Kriek,Bottle 750ml,"€ 12,44 per litre"
Hidden Springs Life On Standby,"€ 32,40",United States,4.08,Hidden Springs Ale Works,13%,Barleywine - English,Bottle 500ml,"€ 64,80 per litre"
Mare's Tail 2022,"€ 19,80",England,3.86,Crossover Blendery,5.9%,Wild Ale - Other,Bottle 750ml,"€ 26,40 per litre"
Gouden Carolus Cuvee van de keizer Rood,"€ 8,95",Belgium,3.92,Brouwerij Het Anker,10%,Belgian Strong Golden Ale,Bottle 750ml,"€ 11,93 per litre"
Maisel & Friends Pale Ale,"€ 2,19",Germany,3.56,Brauerei Gebr. Maisel,5.2%,Pale Ale - American,330ml,"€ 6,64 per litre"
Maisel & Friends IPA,"€ 2,29",Germany,3.48,Brauerei Gebr. Maisel,6.3%,IPA - American,330ml,"€ 6,94 per litre"
Maisel & Friends Alkoholfrei,"€ 2,29",Germany,3.43,Brauerei Gebr. Maisel,0.5%,Non-Alcoholic - IPA,330ml,"€ 6,94 per litre"
RHO - Kinetic Blend And Madagascar Vanilla,"€ 38,92",United States,4.25,Equilibrium Brewery,11%,Stout - Imperial / Double Coffee,500ml,"€ 77,84 per litre"
Taxi 2021,"€ 24,29",Denmark,3.53,Æblerov,10%,Cider - Dry,Bottle 750ml,"€ 32,39 per litre"
De Oude Cam: Kriek 2019,"€ 11,95",Belgium,4.22,Geuzestekerij De Cam,7%,Lambic - Kriek,Bottle 375ml,"€ 31,87 per litre"
Rose of Cimarron Bourbon Barrel Aged Imperial Baltic Porter,"€ 29,99",Denmark,4.04,Amager Bryghus,15.6%,Porter - Imperial / Double Baltic,Bottle 750ml,"€ 39,99 per litre"
Burt Alvord Rye Whiskey Barrel Aged Tripel,"€ 29,99",Denmark,4.01,Amager Bryghus,15.4%,Belgian Tripel,Bottle 750ml,"€ 39,99 per litre"
Sally Skull Bourbon Barrel Aged Wee Heavy,"€ 29,99",Denmark,3.81,Amager Bryghus,12.5%,Scotch Ale / Wee Heavy,Bottle 750ml,"€ 39,99 per litre"
Lawrence of Arabica Porter,"€ 6,99",Denmark,3.78,Amager Bryghus,7%,Porter - Coffee,Can 440ml,"€ 15,89 per litre"
Spanish Love Songs,"€ 99,99",United States,4.26,Horus Aged Ales,14%,Stout - Imperial / Double Pastry,Can 440ml,"€ 15,89 per litre"
Candy Shop Vibez (DAWG),"€ 44,99",United States,4.07,Prairie Artisan Ales,14%,Stout - Imperial / Double,Can 440ml,"€ 15,89 per litre"
V4nilla (DAWG),"€ 42,99",United States,4.04,Prairie Artisan Ales,14%,Stout - Imperial / Double,Can 440ml,"€ 15,89 per litre"
King Size (DAWG),"€ 42,99",United States,3.84,Prairie Artisan Ales,14%,Stout - Imperial / Double Pastry,,
Vanilla Noir 2017,"€ 42,99",United States,4.46,Prairie Artisan Ales,11%,Stout - Imperial / Double Oatmeal,,
Implausible Nuts,"€ 54,99",United States,4.44,Prairie Artisan Ales,13%,Stout - Imperial / Double,,
Noir 2017,"€ 37,99",United States,4.36,Prairie Artisan Ales,11%,Stout - Imperial / Double,,
Cowboy Breakfast,"€ 39,99",United States,4.13,Prairie Artisan Ales,11%,Stout - Imperial / Double,,
Trail Mix (Dawg),"€ 44,99",United States,4.14,Prairie Artisan Ales,14%,Stout - Imperial / Double,,
Deez... (Dawg),"€ 44,99",United States,4.02,Prairie Artisan Ales,14%,Stout - Imperial / Double,,
Avellana (Dawg),"€ 35,99",United States,3.93,Prairie Artisan Ales,13.1%,Stout - Imperial / Double,,
Here & Away,"€ 9,95",United States,3.88,Fifth Frame Brewing Co.,9%,IPA - Imperial / Double,473ml,"€ 21,04 per litre"
Triple Trouble,"€ 3,20",Netherlands,3.58,Van Moll,8.2%,Belgian Tripel,Can 330ml,"€ 9,70 per litre"
Bière de Rhubarbe,"€ 8,91",Ireland,3.94,Land & Labour,5.5%,Wild Ale - Other,Bottle 375ml,"€ 23,76 per litre"
Drogone (december 2022),"€ 82,50",Belgium,4.42,Brasserie Cantillon,6.5%,Lambic - Fruit,Bottle 375ml,"€ 23,76 per litre"
Sang Bleu (2023),"€ 31,99",Belgium,4.35,Brasserie Cantillon,6%,Lambic - Fruit,Bottle 750ml,"€ 42,65 per litre"
Stout Molleke,"€ 3,64",Belgium,3.07,Tom's Brouwerij,5%,Stout - Other,330ml,"€ 11,03 per litre"
Brein Storm H2O+NaCl (T.H.T.: 09/01/2024),"€ 3,84",Belgium,2.86,Biologische Brouwerij Jessenhofke,8%,Belgian Tripel,330ml,"€ 11,64 per litre"
Neverending Haze IPA,"€ 2,50",United States,3.59,Stone Brewing,4%,IPA - Session,355ml,"€ 7,04 per litre"
Snuble Juice,"€ 21,80",Denmark,3.50,To Øl,4.5%,IPA - Session,6-pack,"Total price: € 21,80"
Snuble Juice,"€ 41,10",Denmark,3.50,To Øl,4.5%,IPA - Session,12-pack,"Total price: € 41,10"
Hacker Pschorr Weissbier Can,"€ 3,80",Germany,3.68,Hacker-Pschorr,5.5%,Wheat Beer - Hefeweizen,500ml,"€ 7,60 per litre"
Droom,"€ 3,99",Netherlands,3.68,ROTT. Brouwers,6%,IPA - American,330ml,"€ 12,09 per litre"
Session Spicy Saison,"€ 2,65",Netherlands,3.22,Berging Brouwerij,4.2%,Farmhouse Ale - Saison,,
Snuble Juice,"€ 4,10",Denmark,3.50,To Øl,4.5%,IPA - Session,330ml,"€ 12,42 per litre"
IPA,"€ 2,20",Germany,3.56,Brauerei Gebr. Maisel,5.2%,Pale Ale - American,330ml,"€ 6,67 per litre"
Hell,"€ 2,20",Germany,3.49,Brauerei Gebr. Maisel,5.3%,Lager - IPL (India Pale Lager),330ml,"€ 6,67 per litre"
Lee Hill Vol. 33 Barrel Aged Kentucky Coffee Ale,"€ 12,29",United States,4.12,Upslope Brewing Company,11.8%,Strong Ale - American,330ml,"€ 6,67 per litre"
Lee Hill Vol. 26 Wild Christmas Ale With Citrus And Cinnamon,"€ 12,29",United States,4.00,Upslope Brewing Company,9.4%,Sour - Other,330ml,"€ 6,67 per litre"
Lee Hill Vol. 28 Dry-Hopped Golden Sour Ale,"€ 12,29",United States,3.98,Upslope Brewing Company,6.2%,Sour - Other,330ml,"€ 6,67 per litre"
Lee Hill Vol. 30 Wild Christmas Ale With Tropical Fruit,"€ 12,29",United States,3.84,Upslope Brewing Company,8.9%,Wild Ale - American,330ml,"€ 6,67 per litre"
Lee Hill Vol. 34 Amburana Wild Christmas Ale,"€ 12,29",United States,3.70,Upslope Brewing Company,9.2%,Wild Ale - American,330ml,"€ 6,67 per litre"
Bleue,"€ 3,59",Belgium,3.90,Bières de Chimay,9%,Belgian Strong Dark Ale,330ml,"€ 10,88 per litre"
Kriek Mariage Parfait,"€ 9,99",Belgium,3.83,Brouwerij Boon,8%,Lambic - Kriek,Bottle 375ml,"€ 26,64 per litre"
Lupuloid IPA,"€ 5,19",England,3.78,Beavertown,6.7%,IPA - American,Can 330ml,"€ 15,73 per litre"
Cookies & Cream Pop,"€ 38,92",United States,4.20,Equilibrium Brewery,11%,Stout - Imperial / Double Pastry,500ml,"€ 77,84 per litre"
Cookies & Cream Pop Batch 2,"€ 25,69",United States,4.20,Equilibrium Brewery,11%,Stout - Imperial / Double Pastry,500ml,"€ 77,84 per litre"
Epsilon,"€ 6,99",United States,3.82,Equilibrium Brewery,4.2%,Porter - American,500ml,"€ 77,84 per litre"
Black Star - Jim Beam BA,"€ 5,25",Romania,3.70,Hophead Brewing,9%,Stout - Imperial / Double,330ml,"€ 15,91 per litre"
Apple Rhubarb Maple Pecan,"€ 9,72",Scotland,3.97,Vault City Brewing,8.5%,Sour - Smoothie / Pastry,Can 440ml,"€ 22,09 per litre"
Rose of Cimarron,"€ 24,95",Denmark,4.04,Amager Bryghus,15.6%,Porter - Imperial / Double Baltic,Bottle 750ml,"€ 33,27 per litre"
Sally Skull,"€ 24,95",Denmark,3.81,Amager Bryghus,12.5%,Scotch Ale / Wee Heavy,Bottle 750ml,"€ 33,27 per litre"
Möbius,"€ 12,45",United States,4.00,Equilibrium Brewery,7%,Porter - American,473ml,"€ 26,32 per litre"
Breakfast Time Is Relative,"€ 25,69",United States,4.05,Equilibrium Brewery,11%,Stout - Imperial / Double Coffee,500ml,"€ 51,38 per litre"
De Moersleutel Fryed Brain,"€ 7,30",Netherlands,3.99,Moersleutel Craft Brewery,11%,Stout - Imperial / Double,Can 440ml,"€ 16,59 per litre"
Celeste,"€ 16,74",Belgium,4.02,La Source Beer Co.,6%,Historical Beer - Gruit / Ancient Herbed Ale,Bottle 750ml,"€ 22,32 per litre"
Hera,"€ 16,74",Belgium,4.00,La Source Beer Co.,4.9%,Wild Ale - Other,Bottle 750ml,"€ 22,32 per litre"
Palpitation,"€ 16,74",Belgium,3.94,La Source Beer Co.,5.8%,Sour - Fruited,Bottle 750ml,"€ 22,32 per litre"
Green Bullet,"€ 3,99",Netherlands,3.53,Two Chefs Brewing,6.5%,IPA - American,330ml,"€ 12,09 per litre"
Peach Pilot Wheat Season Oak Aged Burgundy Barrels,"€ 21,99",Germany,4.03,FrauGruber Brewing,6.2%,Farmhouse Ale - Saison,500ml,"€ 43,98 per litre"
R2 Rare DOS (Aged Over 2 Years) Buffalo Trace Imperial Stout,"€ 46,80",United States,4.36,Cycle Brewing Company,13%,Stout - Imperial / Double,Bottle 650ml,"€ 72,00 per litre"
Sunday 2023 Barleywine,"€ 50,90",United States,4.34,Cycle Brewing Company,12.5%,Barleywine - American,Bottle 650ml,"€ 78,31 per litre"
Nooner (Batch #11) Imperial Stout,"€ 22,70",United States,4.23,Cycle Brewing Company,12%,Stout - Imperial / Double Pastry,330ml,"€ 68,79 per litre"
Friday 2023 Imperial Stout x Omnipollo,"€ 52,20",United States,4.22,Cycle Brewing Company,12%,Stout - Imperial / Double Coffee,Bottle 650ml,"€ 80,31 per litre"
Sigma,"€ 3,80",Belgium,3.74,Brouwerij Alvinne,8%,Sour - Other,330ml,"€ 11,52 per litre"
BA22 Vol. 10,"€ 7,49",United States,4.17,Oskar Blues Brewery,14%,Stout - Imperial / Double,330ml,"€ 11,52 per litre"
Mercator Tripel,"€ 2,65",Belgium,3.46,Rimor Brewery,8.4%,Belgian Tripel,330ml,"€ 8,03 per litre"
Saison Dupont,"€ 3,49",Belgium,3.68,Brasserie Dupont,6.5%,Farmhouse Ale - Saison,330ml,"€ 10,58 per litre"
ÜberQuell Palim Palim Pale Ale,"€ 2,89",Germany,3.44,ÜberQuell Brauwerkstätten,5.3%,Pale Ale - English,330ml,"€ 8,76 per litre"
Outland (2021),"€ 20,34",France,4.18,Popihn Sauvages,6.3%,Wild Ale - Other,Bottle 750ml,"€ 27,12 per litre"
LApaisée / La Montagnarde (2021),"€ 20,24",France,4.14,Popihn Sauvages,6.5%,Wild Ale - Other,Bottle 750ml,"€ 26,99 per litre"
ASSEMBLAGE 14 (2021),"€ 19,51",France,4.13,Popihn Sauvages,7%,Wild Ale - Other,Bottle 750ml,"€ 26,01 per litre"
ABRICOT ASSEMBLAGE 1 (2022),"€ 19,73",France,4.09,Popihn Sauvages,6.8%,Wild Ale - Other,Bottle 750ml,"€ 26,31 per litre"
ASSEMBLAGE 13 (2021),"€ 19,51",France,4.07,Popihn Sauvages,6.7%,Wild Ale - Other,Bottle 750ml,"€ 26,01 per litre"
ASSEMBLAGE 11 (2021),"€ 19,51",France,4.05,Popihn Sauvages,7%,Wild Ale - Other,Bottle 750ml,"€ 26,01 per litre"
Blackout Brunch (2023),"€ 28,50",United States,4.07,Turning Point Beer,16.2%,Stout - Imperial / Double Coffee,500ml,"€ 57,00 per litre"
Friday (2023),"€ 44,95",United States,4.22,Cycle Brewing Company,12%,Stout - Imperial / Double Coffee,Bottle 650ml,"€ 69,15 per litre"
Thursday (2023),"€ 44,95",United States,4.19,Cycle Brewing Company,12.5%,Stout - Imperial / Double Coffee,Bottle 650ml,"€ 69,15 per litre"
Tuesday (2023),"€ 44,95",United States,4.32,Cycle Brewing Company,12%,Stout - Imperial / Double,Bottle 650ml,"€ 69,15 per litre"
Monday (2023),"€ 44,95",United States,4.28,Cycle Brewing Company,12.5%,Stout - Imperial / Double Pastry,Bottle 650ml,"€ 69,15 per litre"
Volta 2023,"€ 12,55",Spain,3.78,Cyclic Beer Farm,4%,Sour - Fruited,Bottle 750ml,"€ 16,73 per litre"
Orangie 2023,"€ 12,96",Spain,3.73,Cyclic Beer Farm,4%,Farmhouse Ale - Saison,Bottle 750ml,"€ 17,28 per litre"
D'espelta Nano,"€ 11,30",Spain,3.66,Cyclic Beer Farm,4.5%,Farmhouse Ale - Saison,Bottle 750ml,"€ 15,07 per litre"
Damascene,"€ 21,00",England,3.94,Crossover Blendery,6.5%,Wild Ale - Other,Bottle 750ml,"€ 28,00 per litre"
Glas Op Poot,"€ 5,50",Netherlands,3.34,Bierbrouwerij Vermeersen,5%,Wheat Beer - Witbier / Blanche,330ml,"€ 16,67 per litre"
Alexander,"€ 3,45",Belgium,3.95,Brouwerij Rodenbach,5.6%,Sour - Flanders Red Ale,Bottle 330ml,"€ 10,45 per litre"
Brouwerij de Klep Draakstaeker Gerstewijn,"€ 3,99",Netherlands,3.71,Brouwerij De Klep,10.5%,Barleywine - English,330ml,"€ 12,09 per litre"
Cerasella 2020,"€ 21,90",Italy,4.12,Maestri del Sannio,6.3%,Sour - Fruited,Bottle 750ml,"€ 29,20 per litre"
Hertl Papas Weißheit,"€ 2,40",Germany,3.55,Braumanufaktur Hertl,5.1%,Wheat Beer - Hefeweizen,500ml,"€ 4,80 per litre"
R2 Rare DOS (Aged Over 2 Years) Buffalo Trace,"€ 42,50",United States,4.36,Cycle Brewing Company,13%,Stout - Imperial / Double,Bottle 650ml,"€ 65,38 per litre"
Hive,"€ 8,20",Poland,4.04,PINTA Barrel Brewing,13%,Mead - Braggot,330ml,"€ 24,85 per litre"
Temple,"€ 6,90",Poland,3.96,PINTA Barrel Brewing,6%,Wild Ale - Other,Bottle 375ml,"€ 18,40 per litre"
Barrel Aged Gavel Slammer Dark Ale,"€ 20,00",United States,4.32,Hoppin' Frog Brewery,16.5%,Dark Ale,473ml,"€ 42,28 per litre"
Fragment Chocolate & Hazelnut Spread Imperial Stout,"€ 8,45",Sweden,4.05,Nerdbrewing,12.5%,Stout - Imperial / Double,330ml,"€ 25,61 per litre"
Friday (2023),"€ 45,50",United States,4.22,Cycle Brewing Company,12%,Stout - Imperial / Double Coffee,Bottle 650ml,"€ 70,00 per litre"
Thursday (2023),"€ 38,25",United States,4.19,Cycle Brewing Company,12.5%,Stout - Imperial / Double Coffee,Bottle 650ml,"€ 58,85 per litre"
Noa Pecan Mud Cake Chessboard Stout,"€ 15,25",Sweden,4.14,Omnipollo,11%,Stout - Imperial / Double Pastry,330ml,"€ 46,21 per litre"
More Complicated Than Your Girlfriend Stout,"€ 4,50",Finland,3.66,The Flying Dutchman Nomad Brewing Company,8%,Stout - Imperial / Double,330ml,"€ 13,64 per litre"
Slijkvisser Plèkpot,"€ 2,50",Belgium,3.61,Brouwerij Vandijck,11%,Belgian Tripel,330ml,"€ 7,58 per litre"
Dragora,"€ 2,30",Belgium,3.59,Enigma,7%,Blonde / Golden Ale - Other,330ml,"€ 6,97 per litre"
Tarot Noir,"€ 2,80",Belgium,3.55,Brouwerij Lindemans,8%,Fruit Beer,Bottle 250ml,"€ 11,20 per litre"
Tarot d`Or,"€ 2,90",Belgium,3.42,Brouwerij Lindemans,8%,Fruit Beer,Bottle 250ml,"€ 11,60 per litre"
Dubbel,"€ 3,00",Netherlands,3.33,Brouwerij Eeuwig Zonde,7%,Belgian Dubbel,330ml,"€ 9,09 per litre"
4S Barrel Aged Spiced Plum Winter Spices,"€ 14,69",United States,4.19,Mother Earth Brewing,11%,Winter Ale,330ml,"€ 9,09 per litre"
Nonpedro 2021,"€ 10,40",Italy,4.06,Cantina Errante,10.2%,Wild Ale - Other,Bottle 375ml,"€ 27,73 per litre"
Cinnamon Coconut B-Bomb 2021,"€ 36,99",United States,4.44,Fremont Brewing,13%,Winter Ale,Bottle 650ml,"€ 56,91 per litre"
B-Bomb 2022,"€ 31,99",United States,4.37,Fremont Brewing,14%,Winter Ale,Bottle 650ml,"€ 49,22 per litre"
From the Vault 2022,"€ 36,99",United States,4.31,Fremont Brewing,13.5%,Stout - Imperial / Double,Bottle 650ml,"€ 49,22 per litre"
Vanilla Coffee Bourbon Barrel Dark Apparition 2022,"€ 24,00",United States,4.31,Jackie O's Brewery,11.3%,Stout - Russian Imperial,Bottle 375ml,"€ 64,00 per litre"
Utopian Whangdoodle Imperial Stout,"€ 40,10",United States,4.24,The Veil Brewing Co.,11.5%,Stout - Imperial / Double Milk,500ml,"€ 80,20 per litre"
Wednesday 2021 Barrel Aged Imperial Stout,"€ 37,50",United States,4.22,Cycle Brewing Company,12%,Stout - Imperial / Double,Bottle 650ml,"€ 57,69 per litre"
¡Spike! Sparkling Cherry Pineapple Mead,"€ 50,90",Sweden,4.19,Malmö Meadery/ Superstition Meadery,9%,Mead - Other,Bottle 750ml,"€ 67,87 per litre"
Weird Era Wild Ale 37.5cl,"€ 23,50",United States,4.06,Perennial Artisan Ales,5.1%,Lambic - Gueuze,Bottle 375ml,"€ 62,67 per litre"
Westmalle Tripel,"€ 5,30",Belgium,3.81,Brouwerij der Trappisten van Westmalle,9.5%,Belgian Tripel,Bottle 330ml,"€ 16,06 per litre"
"J.R.E.A.M. : Raspberry, Strawberry, White Chocolate, Cupcake","€ 10,90",United States,3.76,Burley Oak Brewing Company,4.8%,Sour - Smoothie / Pastry,473ml,"€ 23,04 per litre"
Holy,"€ 9,95",United States,4.22,Long Live Beerworks,10%,Stout - Imperial / Double Pastry,475ml,"€ 20,95 per litre"
IJWit,"€ 3,05",Netherlands,3.68,Brouwerij 't IJ,6.5%,Wheat Beer - Witbier / Blanche,Can 330ml,"€ 9,24 per litre"
Barney Flats Oatmeal Stout,"€ 3,69",United States,3.61,Anderson Valley Brewing Company,5.8%,Stout - Oatmeal,355ml,"€ 10,39 per litre"
Mönchshof - Original,"€ 1,90",Germany,3.23,Kulmbacher Brauerei,4.9%,Pilsner - German,500ml,"€ 3,80 per litre"
Double Haze,"€ 3,75",Netherlands,3.72,Brouwerij Kees,8.5%,IPA - Imperial / Double New England / Hazy,330ml,"€ 11,36 per litre"
Beluga Barrel-aged - Ruadh Moar,"€ 6,30",Netherlands,4.01,De Kromme Haring,11%,Stout - Russian Imperial,330ml,"€ 19,09 per litre"
Aardbei Oogst 2020 Assemblage 6 20|21,"€ 42,00",Belgium,4.30,Brouwerij 3 Fonteinen,5.7%,Lambic - Fruit,Bottle 750ml,"€ 56,00 per litre"
De Cam Framboise Lambiek 2019,"€ 23,40",Belgium,4.29,Geuzestekerij De Cam,6.9%,Lambic - Fruit,Bottle 375ml,"€ 62,40 per litre"
De Cam Nectarine Lambiek 2019,"€ 18,90",Belgium,4.24,Geuzestekerij De Cam,6.5%,Lambic - Fruit,Bottle 375ml,"€ 50,40 per litre"
Frambozenlambik Oogst 2019 Assemblage 33 19|20,"€ 26,40",Belgium,4.23,Brouwerij 3 Fonteinen,5.7%,Lambic - Framboise,Bottle 375ml,"€ 70,40 per litre"
Alesong Pêche (2020),"€ 16,80",United States,4.21,Alesong Brewing & Blending,7.2%,Sour - Fruited,Bottle 500ml,"€ 33,60 per litre"
Braambes Oogst 2020 Assemblage 21 20|21,"€ 42,00",Belgium,4.20,Brouwerij 3 Fonteinen,5.5%,Lambic - Fruit,Bottle 750ml,"€ 56,00 per litre"
De Cam Geuze 2019 (375ml),"€ 13,80",Belgium,4.19,Geuzestekerij De Cam,6%,Lambic - Gueuze,Bottle 375ml,"€ 36,80 per litre"
Pruim Belle De Louvain Assemblage 9 20|21,"€ 38,40",Belgium,4.18,Brouwerij 3 Fonteinen,6.8%,Lambic - Fruit,Bottle 750ml,"€ 51,20 per litre"
De Cam Malus Domestica Lambicus (2019),"€ 19,80",Belgium,4.18,Geuzestekerij De Cam,7%,Lambic - Fruit,Bottle 375ml,"€ 52,80 per litre"
Alesong Kriek (2021),"€ 16,80",United States,4.17,Alesong Brewing & Blending,7%,Sour - Fruited,Bottle 500ml,"€ 33,60 per litre"
De Cam Rabarber 2019,"€ 39,40",Belgium,4.16,Geuzestekerij De Cam,7.2%,Lambic - Fruit,Bottle 750ml,"€ 52,53 per litre"
De Cam Mirabel Lambiek 2020,"€ 21,60",Belgium,4.16,Geuzestekerij De Cam,6%,Lambic - Fruit,Bottle 375ml,"€ 57,60 per litre"
De Cam Trosbessen 2019,"€ 38,40",Belgium,4.15,Geuzestekerij De Cam,6.5%,Lambic - Fruit,Bottle 750ml,"€ 51,20 per litre"
De Cam Zjiem Bezen Framboise Lambic 2020,"€ 21,60",Belgium,4.13,Geuzestekerij De Cam,5.5%,Lambic - Fruit,Bottle 375ml,"€ 57,60 per litre"
Strenge Winter Assemblage 53 19|20 (750ml),"€ 31,20",Belgium,4.12,Brouwerij 3 Fonteinen,7.1%,Wild Ale - Other,Bottle 750ml,"€ 41,60 per litre"
Watergeus Peach & Plum,"€ 24,00",Netherlands,4.12,Vandenbroek,6.5%,Lambic - Fruit,Bottle 750ml,"€ 32,00 per litre"
Funk Factory Geuzeria x Mikkeller Baghaven Danish American Saison,"€ 19,80",Denmark,4.06,Baghaven Brewing and Blending/ Funk Factory Geuzeria,7%,Farmhouse Ale - Saison,Bottle 750ml,"€ 26,40 per litre"
Golden Doesjel Assemblage 41 19|20,"€ 16,20",Belgium,4.01,Brouwerij 3 Fonteinen,6%,Lambic - Traditional,Bottle 375ml,"€ 43,20 per litre"
Hoppy 6 Grain Saison,"€ 21,00",United States,3.98,Jester King Brewery,4.5%,Farmhouse Ale - Saison,Bottle 750ml,"€ 28,00 per litre"
Beersalis Kadet Oak Aged 2021,"€ 9,60",Belgium,3.70,Oud Beersel,5.5%,Sour - Other,Bottle 375ml,"€ 25,60 per litre"
Hop Twister,"€ 3,30",England,3.65,Salopian Brewery,4.5%,Blonde / Golden Ale - English,Bottle 500ml,"€ 6,60 per litre"
Golden Thread,"€ 3,60",England,3.63,Salopian Brewery,5%,Blonde / Golden Ale - English,Bottle 500ml,"€ 7,20 per litre"
Darwin's Origin,"€ 3,30",England,3.55,Salopian Brewery,4.3%,Bitter - Best,Bottle 500ml,"€ 6,60 per litre"
Lemon Dream,"€ 3,30",England,3.55,Salopian Brewery,4.5%,Blonde / Golden Ale - Other,Bottle 500ml,"€ 6,60 per litre"
Shropshire Gold,"€ 3,20",England,3.47,Salopian Brewery,3.8%,Bitter - Session / Ordinary,Bottle 500ml,"€ 6,40 per litre"
JAF - NCCL Coconut Lime,"€ 11,75",United States,3.89,Juicy Brewing Co,6%,IPA - Sour,473ml,"€ 24,84 per litre"
Freedom Of Peach,"€ 10,30",Canada,3.67,Rouge River Brewing Company,5%,Sour - Fruited,473ml,"€ 21,78 per litre"
Jonah & the Whale,"€ 12,99",Netherlands,3.45,De Kromme Haring,8.5%,Brett Beer,473ml,"€ 21,78 per litre"
Mega Fruit CHP Cherry Pear,"€ 11,70",United States,4.21,Juicy Brewing Co,6%,Sour - Smoothie / Pastry,473ml,"€ 24,74 per litre"
Le Seul X (Passionfruit),"€ 8,60",United States,4.13,Une Année Brewery,6.5%,Sour - Fruited,473ml,"€ 18,18 per litre"
Le Seul XIII (Guava),"€ 8,60",United States,4.09,Une Année Brewery,6.5%,Sour - Fruited,473ml,"€ 18,18 per litre"
Punk IPA,"€ 2,45",Scotland,3.71,BrewDog,5.2%,IPA - American,Can 330ml,"€ 7,42 per litre"
Texels Goudkoppe,"€ 2,55",Netherlands,3.50,Texelse Bierbrouwerij,6%,Belgian Blonde,300ml,"€ 8,50 per litre"
Saison Anniversaire 2023,"€ 18,60",England,4.00,Burning Sky Brewery,6.5%,Farmhouse Ale - Saison,Bottle 750ml,"€ 24,80 per litre"
La Trappe Quadrupel,"€ 5,70",Netherlands,3.91,Bierbrouwerij De Koningshoeven,10%,Belgian Quadrupel,Bottle 330ml,"€ 17,27 per litre"
Langbräu 2.4 Prozenter,"€ 1,90",Germany,2.92,Lang-Bräu,2.4%,Lager - Leichtbier,500ml,"€ 3,80 per litre"
Economy of Scale: Pecan Pie Edition,"€ 59,99",United States,4.22,Modern Times Beer,13.7%,Bock - Doppelbock,500ml,"€ 3,80 per litre"
Salta Bananers BA,"€ 16,20",Netherlands,3.92,Moersleutel Craft Brewery,12%,Stout - Imperial / Double Pastry,Can 440ml,"€ 36,82 per litre"
Blond,"€ 2,13",Belgium,3.67,Brouwerij De Halve Maan,6%,Belgian Blonde,330ml,"€ 6,45 per litre"
Dubbel,"€ 1,98",Belgium,3.53,Brouwerij De Halve Maan,7.5%,Belgian Dubbel,330ml,"€ 6,00 per litre"
Stiftsgartenbier,"€ 2,50",Germany,3.53,"Schlenkerla (""Heller-Bräu"" Trum)",5.7%,Historical Beer - Other,500ml,"€ 5,00 per litre"
Weizen,"€ 3,39",Netherlands,3.30,Brother Beer,6%,Wheat Beer - Hefeweizen,500ml,"€ 5,00 per litre"
Amer Amer,"€ 2,50",Belgium,3.37,Brouwerij De Ranke,6%,IPA - Belgian,330ml,"€ 7,58 per litre"
Spontanée,"€ 14,00",France,4.06,La Brasserie du Mont Salève,4.5%,Sour - Other,Bottle 750ml,"€ 18,67 per litre"
Zwarte Zjef,"€ 2,10",Belgium,3.38,'t Paenhuys,13%,Stout - Other,330ml,"€ 6,36 per litre"
Tilquin: Oude Quetsche 2020,"€ 11,15",Belgium,4.15,Gueuzerie Tilquin,6.4%,Lambic - Fruit,Bottle 375ml,"€ 29,73 per litre"
Lucky Tonka,"€ 5,75",Netherlands,3.92,Moersleutel Craft Brewery,11%,Stout - Imperial / Double,Can 440ml,"€ 13,07 per litre"
Quit Your Fussin' On Me,"€ 10,90",United States,4.08,Hoof Hearted Brewing,9%,IPA - Sour,Can 473ml,"€ 23,04 per litre"
Diana Pale Ale,"€ 14,00",United States,4.08,Mortalis Brewing Company,5.5%,Pale Ale - New England / Hazy,Can 473ml,"€ 29,60 per litre"
Silhouette Pink Lemonade IPA,"€ 11,30",United States,4.04,Hudson Valley Brewery,5%,IPA - Sour,Can 473ml,"€ 23,89 per litre"
Search and Destroy (Destroyer),"€ 11,80",United States,3.94,Burley Oak Brewing Company,7.4%,IPA - New England / Hazy,Can 473ml,"€ 24,95 per litre"
Wild West,"€ 7,50",Belgium,3.91,Brouwerij Alvinne/ Stillwater Artisanal,6%,Sour - Other,Bottle 330ml,"€ 22,73 per litre"
Phi Rabarber,"€ 8,90",Belgium,3.86,Brouwerij Alvinne,8%,Sour - Fruited,Bottle 330ml,"€ 26,97 per litre"
Paid Dues,"€ 10,10",United States,3.80,Barrier Brewing Company,6.8%,IPA - American,Can 473ml,"€ 21,35 per litre"
Cuvee Theo,"€ 7,60",Belgium,3.67,Brouwerij Alvinne,9%,Farmhouse Ale - Saison,Bottle 330ml,"€ 23,03 per litre"
Theo,"€ 6,10",Belgium,3.61,Brouwerij Alvinne,9%,Farmhouse Ale - Saison,Bottle 330ml,"€ 18,48 per litre"
Saison du Chai 2022,"€ 14,41",France,4.10,Brasserie La Malpolon,6.7%,Farmhouse Ale - Saison,Bottle 750ml,"€ 19,21 per litre"
Potion #21,"€ 6,30",Poland,3.80,Brokreacja,16.5%,Stout - Imperial / Double Pastry,330ml,"€ 19,09 per litre"
Potion #23,"€ 6,00",Poland,3.66,Brokreacja,11.9%,Stout - Imperial / Double,330ml,"€ 18,18 per litre"
Savage 005,"€ 11,60",Poland,3.66,Brokreacja,10.5%,Wild Ale - Other,500ml,"€ 23,20 per litre"
Savage 004,"€ 11,60",Poland,2.97,Brokreacja,8%,Sour - Flanders Red Ale,500ml,"€ 23,20 per litre"
Cuvee Clarisse Wild Weasel Whisky Infused,"€ 3,60",Belgium,3.75,Brouwerij Wilderen,10.2%,Belgian Strong Dark Ale,330ml,"€ 10,91 per litre"
Blue Ridge 2022,"€ 159,99",United States,4.50,Perennial Artisan Ales,11%,Barleywine - English,330ml,"€ 10,91 per litre"
Symmetry,"€ 159,95",United States,4.51,Side Project Brewing,15%,Stout - Imperial / Double,330ml,"€ 10,91 per litre"
Vicaris Lino,"€ 2,95",Belgium,3.40,Brouwerij Dilewyns,6.5%,Belgian Blonde,330ml,"€ 8,94 per litre"
Kriek Bio,"€ 8,80",Belgium,4.28,Brasserie Cantillon,6%,Lambic - Kriek,Bottle 375ml,"€ 23,47 per litre"
Kairos - Tomo 1,"€ 30,00",Brazil,4.28,Spartacus Brewing,15%,Barleywine - English,Bottle 375ml,"€ 80,00 per litre"
Mailer Daemon,"€ 12,00",United States,4.15,Celestial Beerworks,8.5%,IPA - Imperial / Double New England / Hazy,473ml,"€ 25,37 per litre"
Apollo 11,"€ 11,20",United States,4.14,Celestial Beerworks,8%,IPA - Imperial / Double New England / Hazy,473ml,"€ 23,68 per litre"
Spelt Check DDH Cryo Sabro,"€ 11,20",United States,4.13,Icarus Brewing,8.5%,IPA - Imperial / Double New England / Hazy,473ml,"€ 23,68 per litre"
Power Juicer (Oat Fluffed),"€ 12,00",United States,4.09,Icarus Brewing,7.5%,IPA - Imperial / Double New England / Hazy,473ml,"€ 25,37 per litre"
Quit Your Fussin On Me,"€ 10,30",United States,4.08,Hoof Hearted Brewing,9%,IPA - Sour,473ml,"€ 21,78 per litre"
BBA Plead The 5th S'more,"€ 9,40",United States,4.08,Dark Horse Brewing Co.,11%,Stout - Russian Imperial,355ml,"€ 26,48 per litre"
Musk Of The Minotaur,"€ 9,40",United States,4.03,Hoof Hearted Brewing,7.2%,IPA - American,473ml,"€ 19,87 per litre"
DDH Double Pixel Density,"€ 12,90",United States,4.22,Phase Three Brewing,7.8%,IPA - Imperial / Double New England / Hazy,473ml,"€ 27,27 per litre"
DDH Conceptual Model,"€ 11,20",United States,4.06,Phase Three Brewing,7.8%,IPA - Imperial / Double New England / Hazy,473ml,"€ 23,68 per litre"
Percolate,"€ 8,60",United States,4.07,Blaze Brewing Co.,8%,Stout - Imperial / Double Milk,473ml,"€ 18,18 per litre"
Û Baccabianca,"€ 12,00",Italy,3.94,Ca' del Brado,7.9%,Grape Ale - Italian,Bottle 375ml,"€ 32,00 per litre"
Aoltbeer Black Currant,"€ 24,90",Germany,4.16,Kemker Kultuur (Brauerei J. Kemker),6%,Sour - Fruited,Bottle 750ml,"€ 33,20 per litre"
Aoltbeer,"€ 24,90",Germany,3.90,Kemker Kultuur (Brauerei J. Kemker),6%,Sour - Other,Bottle 750ml,"€ 33,20 per litre"
Appelwien,"€ 24,90",Germany,3.81,Kemker Kultuur (Brauerei J. Kemker),7.5%,Cider - Dry,Bottle 750ml,"€ 33,20 per litre"
Papegaei,"€ 3,14",Belgium,3.60,Brouwerij Verstraete,8%,Belgian Strong Golden Ale,Bottle 750ml,"€ 33,20 per litre"
Saison De Dottignies,"€ 2,65",Belgium,3.42,Brouwerij De Ranke,5.5%,Farmhouse Ale - Saison,330ml,"€ 8,03 per litre"
Pinot Noir & Black Currant,"€ 9,30",United States,4.05,Parish Brewing Co.,4.8%,Sour - Fruited Berliner Weisse,Can 355ml,"€ 26,20 per litre"
Half & Half,"€ 10,70",United States,4.01,Barrier Brewing Company/ Other Half Brewing Co.,8.8%,Stout - Imperial / Double Coffee,Can 473ml,"€ 22,62 per litre"
Hop Fighter Riwaka,"€ 10,10",United States,3.86,Barrier Brewing Company,7.4%,IPA - New England / Hazy,Can 473ml,"€ 21,35 per litre"
Triple Cherry Sour,"€ 9,30",United States,3.84,Parish Brewing Co.,4.5%,Sour - Fruited Berliner Weisse,Can 355ml,"€ 26,20 per litre"
Cuvee Freddy Bosbes,"€ 9,20",Belgium,3.84,Brouwerij Alvinne,8%,Sour - Fruited,Bottle 330ml,"€ 27,88 per litre"
Berliner Ryesse Kriek-Munt,"€ 5,30",Belgium,3.68,Brouwerij Alvinne,4%,Sour - Fruited Berliner Weisse,Bottle 330ml,"€ 16,06 per litre"
Morpheus,"€ 4,90",Belgium,3.38,Brouwerij Alvinne,7%,Farmhouse Ale - Saison,Bottle 330ml,"€ 14,85 per litre"
Single Barrel Rain Shadow Brandy Imperial Stout 2023,"€ 12,00",England,4.08,Buxton Brewery,10.5%,Stout - Imperial / Double,330ml,"€ 36,36 per litre"
Passion Pool,"€ 104,00",Denmark,3.82,Mikkeller,4.6%,Sour - Fruited Gose,24-pack,"Total price: € 104,00"
Passion Pool,"€ 55,00",Denmark,3.82,Mikkeller,4.6%,Sour - Fruited Gose,12-pack,"Total price: € 55,00"
Passion Pool,"€ 29,00",Denmark,3.82,Mikkeller,4.6%,Sour - Fruited Gose,6-pack,"Total price: € 29,00"
Passion Pool,"€ 5,10",Denmark,3.82,Mikkeller,4.6%,Sour - Fruited Gose,330ml,"€ 15,45 per litre"
Side Eyes,"€ 95,80",Denmark,3.48,Mikkeller,4.6%,Pale Ale - American,24-pack,"Total price: € 95,80"
Side Eyes,"€ 50,70",Denmark,3.48,Mikkeller,4.6%,Pale Ale - American,12-pack,"Total price: € 50,70"
Side Eyes,"€ 26,70",Denmark,3.48,Mikkeller,4.6%,Pale Ale - American,6-pack,"Total price: € 26,70"
Side Eyes,"€ 4,70",Denmark,3.48,Mikkeller,4.6%,Pale Ale - American,330ml,"€ 14,24 per litre"
Blow Out,"€ 106,60",Denmark,3.62,Mikkeller,6%,IPA - American,24-pack,"Total price: € 106,60"
Blow Out,"€ 56,50",Denmark,3.62,Mikkeller,6%,IPA - American,12-pack,"Total price: € 56,50"
Blow Out,"€ 29,80",Denmark,3.62,Mikkeller,6%,IPA - American,6-pack,"Total price: € 29,80"
Blow Out,"€ 5,30",Denmark,3.62,Mikkeller,6%,IPA - American,330ml,"€ 16,06 per litre"
Kaerlighed Spring/Summer 2023,"€ 104,00",Denmark,3.42,Mikkeller,4.9%,Pale Ale - American,24-pack,"Total price: € 104,00"
Kaerlighed Spring/Summer 2023,"€ 55,00",Denmark,3.42,Mikkeller,4.9%,Pale Ale - American,12-pack,"Total price: € 55,00"
Kaerlighed Spring/Summer 2023,"€ 29,00",Denmark,3.42,Mikkeller,4.9%,Pale Ale - American,6-pack,"Total price: € 29,00"
Kaerlighed Spring/Summer 2023,"€ 5,10",Denmark,3.42,Mikkeller,4.9%,Pale Ale - American,330ml,"€ 15,45 per litre"
Weird Weather,"€ 4,70",Denmark,3.31,Mikkeller,0.3%,Non-Alcoholic - IPA,330ml,"€ 14,24 per litre"
Ich Bin Blueberry,"€ 104,00",Denmark,3.26,Mikkeller,3.7%,Sour - Fruited Berliner Weisse,24-pack,"Total price: € 104,00"
Ich Bin Blueberry,"€ 55,00",Denmark,3.26,Mikkeller,3.7%,Sour - Fruited Berliner Weisse,12-pack,"Total price: € 55,00"
Ich Bin Blueberry,"€ 29,00",Denmark,3.26,Mikkeller,3.7%,Sour - Fruited Berliner Weisse,6-pack,"Total price: € 29,00"
Ich Bin Blueberry,"€ 5,10",Denmark,3.26,Mikkeller,3.7%,Sour - Fruited Berliner Weisse,330ml,"€ 15,45 per litre"
Weiherer - OsW-Alt,"€ 2,60",Germany,3.39,Brauerei Kundmüller,4.2%,Altbier - Traditional,500ml,"€ 5,20 per litre"
Blauwe Bes,"€ 16,23",Belgium,3.73,Brouwerij Kestemont,5.5%,Lambic - Fruit,Bottle 375ml,"€ 43,28 per litre"
Star Chamber,"€ 11,30",United States,4.34,Hudson Valley Brewery,6%,IPA - Sour,Can 473ml,"€ 23,89 per litre"
Secret Machine Apple Crisp A La Mode,"€ 10,60",United States,3.91,Dewey Beer Company,7%,Sour - Smoothie / Pastry,Can 473ml,"€ 22,41 per litre"
Oro de Calabaza,"€ 7,60",United States,3.79,Jolly Pumpkin Artisan Ales,8%,Belgian Strong Golden Ale,473ml,"€ 16,07 per litre"
Life on Standby,"€ 46,50",United States,4.08,Hidden Springs Ale Works,13%,Barleywine - English,Bottle 500ml,"€ 93,00 per litre"
Grodziskie Session Ale,"€ 2,30",Poland,3.16,Browar Grodzisk,4.5%,Pale Ale - Other,Bottle 500ml,"€ 4,60 per litre"
Grenats,"€ 14,56",France,3.94,Brasserie La Malpolon,7.3%,Grape Ale - Other,Bottle 750ml,"€ 19,41 per litre"
La Malpolon / Garrigues / Outland Magaland,"€ 13,23",France,3.90,Brasserie La Malpolon,6.75%,Sour - Other,Bottle 750ml,"€ 17,64 per litre"
Oerbier Strong Dark Ale,"€ 4,35",Belgium,3.71,Brouwerij De Dolle Brouwers,9%,Belgian Strong Dark Ale,330ml,"€ 13,18 per litre"
Organic Cider BIO Medium Dry,"€ 5,95",England,3.59,Samuel Smith,5%,Cider - Traditional / Apfelwein,550ml,"€ 10,82 per litre"
Helles,"€ 2,29",Germany,3.32,Herr Schmidt,5%,Lager - Helles,330ml,"€ 6,94 per litre"
Eunoia Batch 13,"€ 139,99",United States,4.40,Phase Three Brewing,13.4%,Stout - Imperial / Double Coffee,330ml,"€ 6,94 per litre"
Oud Bruin Megablend 2022,"€ 20,02",Belgium,3.99,Brouwerij 't Verzet,7%,Sour - Flanders Oud Bruin,Bottle 750ml,"€ 26,69 per litre"
Vieille Provision 2021,"€ 12,13",Belgium,3.98,Brouwerij De Ranke,7.5%,Sour - Other,Bottle 750ml,"€ 16,17 per litre"
Oude Kriek Dekoninck,"€ 7,06",Belgium,3.74,Brouwerij Boon,5.2%,Lambic - Kriek,Bottle 375ml,"€ 18,83 per litre"
Cuvée Kluysbosch - Lambiek Islay Whisky Barrel Aged,"€ 22,73",Belgium,3.73,Brouwerij Angerik,6%,Lambic - Traditional,Bottle 750ml,"€ 30,31 per litre"
Oudbeitje,"€ 7,15",Belgium,3.70,Hanssens Artisanaal,6%,Lambic - Fruit,Bottle 375ml,"€ 19,07 per litre"
Maple Coffee Reserve,"€ 15,90",Australia,4.26,Bacchus Brewing Co.,13.2%,Stout - Imperial / Double Coffee,Can 375ml,"€ 42,40 per litre"
Release the Flying Monkeys,"€ 14,00",Australia,4.12,Bacchus Brewing Co.,14%,Barleywine - American,Can 375ml,"€ 37,33 per litre"
Oude Gueuze,"€ 8,80",Belgium,4.00,Gueuzerie Tilquin,7%,Lambic - Gueuze,Bottle 375ml,"€ 23,47 per litre"
Porosity,"€ 20,20",Denmark,3.79,To Øl,6%,Farmhouse Ale - Other,Bottle 750ml,"€ 26,93 per litre"
Rhubarb Lambiek,"€ 23,96",Belgium,3.90,Oud Beersel,6.5%,Lambic - Fruit,Bottle 750ml,"€ 31,95 per litre"
Witte Lambiek Sparkling Infused,"€ 19,87",Belgium,3.84,Oud Beersel,7%,Lambic - Traditional,Bottle 750ml,"€ 26,49 per litre"
Mexican Cake VINTAGE 2014,"€ 16,87",United States,4.42,Westbrook Brewing Co.,10.5%,Stout - Imperial / Double,Bottle 650ml,"€ 25,95 per litre"
Mexican Cake VINTAGE 2015,"€ 17,24",United States,4.42,Westbrook Brewing Co.,10.5%,Stout - Imperial / Double,Bottle 650ml,"€ 26,52 per litre"
Gate Nº2/2023 BA Airport Shopping,"€ 12,00",Poland,4.18,Maltgarden,10.5%,Stout - Imperial / Double Pastry,Can 330ml,"€ 36,36 per litre"
Gate Nº3/2023 BA Park Bench Afternoon,"€ 12,00",Poland,4.10,Maltgarden,10.5%,Stout - Imperial / Double Pastry,Can 330ml,"€ 36,36 per litre"
Fuerst Wiacek x Lervig Grandma's Recipe,"€ 14,00",England,3.71,North Brewing Co.,11%,Pale Ale - American,Can 440ml,"€ 31,82 per litre"
Framboise,"€ 4,90",Belgium,3.77,Brouwerij Lindemans,2.5%,Lambic - Framboise,355ml,"€ 13,80 per litre"
The Garden / CoolHead Imperial Walnut And Maple Syrup Stout,"€ 5,12",Croatia,3.77,The Garden Brewery,9.1%,Stout - Imperial / Double,Can 440ml,"€ 11,64 per litre"
The Garden Valovi,"€ 4,85",Croatia,3.71,The Garden Brewery,6.9%,Sour - Fruited Berliner Weisse,Can 440ml,"€ 11,02 per litre"
The Cherry Of My Eye,"€ 8,03",Estonia,3.82,Põhjala,10%,Sour - Fruited,330ml,"€ 24,33 per litre"
Enn Barrel (Cellar Series),"€ 8,50",Estonia,3.91,Põhjala,12%,Stout - Imperial / Double Coffee,330ml,"€ 25,76 per litre"
Troubadour Magma Vina 2022,"€ 2,45",Belgium,3.63,Brouwerij The Musketeers,8.5%,IPA - Triple,330ml,"€ 7,42 per litre"
Egmonds Abdijbier Biologisch Weizen,"€ 2,60",Netherlands,3.48,Brouwerij Egmond,5%,Wheat Beer - Hefeweizen,330ml,"€ 7,88 per litre"
Classic,"€ 3,90",Belgium,3.45,Brouwerij Rodenbach,5.2%,Sour - Flanders Red Ale,Bottle 250ml,"€ 15,60 per litre"
Arabesque (2022),"€ 299,99",United States,4.58,Phase Three Brewing,16.4%,Barleywine - English,Bottle 250ml,"€ 15,60 per litre"
Vintage Nectar 2020 Imperial Stout,"€ 53,50",United States,4.32,3 Sons Brewing Co.,14.5%,Stout - Imperial / Double,Bottle 375ml,"€ 142,67 per litre"
Broward County Brand Barleywine 2022,"€ 52,20",United States,4.23,3 Sons Brewing Co.,13.9%,Barleywine - English,Bottle 375ml,"€ 139,20 per litre"
Periclean Age Imperial Stout x Mortalis,"€ 24,00",United States,4.09,Cushwa Brewing Company,13%,Stout - Imperial / Double Pastry,500ml,"€ 48,00 per litre"
Plead the 5th Smores Imperial Stout,"€ 9,70",United States,4.03,Dark Horse Brewing Co.,11%,Stout - Imperial / Double,355ml,"€ 27,32 per litre"
Ingrained #4 Imperial Milk Stout,"€ 26,70",United States,4.07,SpindleTap Brewery,10.6%,Stout - Milk / Sweet,500ml,"€ 53,40 per litre"
Tilquin Mure A'LAncienne 37.5cl,"€ 12,70",Belgium,4.14,Gueuzerie Tilquin,6%,Lambic - Fruit,Bottle 375ml,"€ 33,87 per litre"
DUST  027 - Double Barry,"€ 25,35",Belgium,3.95,DUST Blending,6.2%,Farmhouse Ale - Saison,Bottle 750ml,"€ 33,80 per litre"
DUST  020 - Tutty Frutty II,"€ 29,65",Belgium,3.94,DUST Blending,6.5%,Farmhouse Ale - Saison,Bottle 750ml,"€ 39,53 per litre"
Henna: S´more,"€ 17,20",United States,4.13,More Brewing Company,14%,Stout - Imperial / Double,473ml,"€ 36,36 per litre"
Wink Wink,"€ 6,50",United States,3.82,Aslin Beer Company/ Vibrissa Beer - Front Royal Brewing Company,7%,IPA - American,473ml,"€ 13,74 per litre"
Slushy XL Rainbow Rush,"€ 12,90",United States,3.82,450 North Brewing Company,5.3%,Sour - Smoothie / Pastry,473ml,"€ 27,27 per litre"
Raspberry Sour,"€ 7,70",Scotland,3.82,Vault City Brewing,5%,Sour - Fruited,Can 440ml,"€ 17,50 per litre"
Das Ist Techno Sex,"€ 8,60",Scotland,3.78,BrewDog/ Up Front Brewing,5.4%,Sour - Fruited Gose,Can 440ml,"€ 19,55 per litre"
Flight Attendant Uniforms,"€ 6,00",Poland,3.71,Maltgarden,5.6%,Sour - Smoothie / Pastry,500ml,"€ 12,00 per litre"
Santas Secret Moccachino Messiah Triple Shot,"€ 9,40",Denmark,3.60,To Øl,8.2%,Brown Ale - Imperial / Double,Can 440ml,"€ 21,36 per litre"
Cumulus Lupulus,"€ 7,70",Norway,3.57,Amundsen Brewery,5.3%,IPA - New England / Hazy,Can 440ml,"€ 17,50 per litre"
Auld Dubliner,"€ 6,00",United States,3.39,DC Brau Brewing Company,5%,Red Ale - American Amber / Red,355ml,"€ 16,90 per litre"
Profligacy,"€ 269,99",United States,4.51,Lua Brewing,13%,Stout - Imperial / Double Pastry,355ml,"€ 16,90 per litre"
Anabasis Blend #5,"€ 169,99",United States,4.55,Side Project Brewing,14%,Barleywine - American,355ml,"€ 16,90 per litre"
Wild Dry Cider - Schaarbeekse Cherries,"€ 20,65",Belgium,3.97,Oud Beersel,7.5%,Cider - Other Fruit,Bottle 750ml,"€ 27,53 per litre"
Wild Dry Cider - Furmint & Hárslevelü Grapes,"€ 20,65",Belgium,3.90,Oud Beersel,7.5%,Cider - Other Fruit,Bottle 750ml,"€ 27,53 per litre"
Wild Dry Cider - Blended with Lambic,"€ 20,65",Belgium,3.80,Oud Beersel,7.5%,Cider - Dry,Bottle 750ml,"€ 27,53 per litre"
Wild Dry Cider - Aged in Lambic Whisky Barrels,"€ 20,65",Belgium,3.75,Oud Beersel,7.5%,Cider - Dry,Bottle 750ml,"€ 27,53 per litre"
Trappist Extra,"€ 2,49",Belgium,3.46,Brouwerij der Trappisten van Westmalle,4.8%,Belgian Enkel / Patersbier,330ml,"€ 7,55 per litre"
Double NNazareth,"€ 9,90",United States,4.28,Wax Wings Brewing Company,8.5%,IPA - Imperial / Double,473ml,"€ 20,93 per litre"
The Pursuit,"€ 9,50",United States,4.25,Wax Wings Brewing Company,8.5%,IPA - Imperial / Double New England / Hazy,473ml,"€ 20,08 per litre"
State Machine DDH With Citra,"€ 8,70",United States,4.11,Spyglass Brewing Company,6.6%,IPA - New England / Hazy,473ml,"€ 20,08 per litre"
Keller-Märzen,"€ 1,90",Germany,3.46,Brauerei Kundmüller,4.9%,Kellerbier / Zwickelbier,500ml,"€ 3,80 per litre"
Bio Zwickerla Dunkel,"€ 1,90",Germany,3.37,Brauerei Kundmüller,5.4%,Kellerbier / Zwickelbier,500ml,"€ 3,80 per litre"
Oude Kriek Cuvée René,"€ 6,69",Belgium,3.81,Brouwerij Lindemans,7%,Lambic - Kriek,Bottle 750ml,"€ 8,92 per litre"
Sump Coffee Stout,"€ 11,40",United States,4.28,Perennial Artisan Ales,11.5%,Stout - Imperial / Double Coffee,473ml,"€ 24,10 per litre"
Tommie Sjef : Druif,"€ 38,90",Netherlands,4.13,Tommie Sjef,7.5%,Wild Ale - Other,Bottle 750ml,"€ 51,87 per litre"
To Love Is To Know,"€ 8,20",United States,4.06,Hop Butcher For The World,8%,IPA - Imperial / Double New England / Hazy,473ml,"€ 17,34 per litre"
Comb the Desert 2023,"€ 41,50",United States,4.25,Bottle Logic Brewing,13.6%,Stout - Imperial / Double Pastry,500ml,"€ 83,00 per litre"
Barrel Aged ICON Double Chocolate Peanut Butter,"€ 25,49",Brazil,4.41,Spartacus Brewing,15%,Stout - Imperial / Double Pastry,Bottle 375ml,"€ 67,97 per litre"
Kairos – Tomo 1,"€ 25,49",Brazil,4.28,Spartacus Brewing,15%,Barleywine - English,Bottle 375ml,"€ 67,97 per litre"
Dubbel Brune Bruin,"€ 5,75",Belgium,3.54,Abbaye de Leffe,6.5%,Brown Ale - Belgian,Bottle 750ml,"€ 7,67 per litre"
Adriaan Witbier,"€ 2,65",Netherlands,3.45,Jopen,5%,Wheat Beer - Witbier / Blanche,330ml,"€ 8,03 per litre"
Blonde,"€ 2,45",Belgium,3.45,Brasserie de l'Abbaye du Val-Dieu,6%,Belgian Blonde,330ml,"€ 7,42 per litre"
Bolleke Pale Ale,"€ 2,30",Belgium,3.34,Brouwerij De Koninck,5.2%,Pale Ale - Belgian,330ml,"€ 6,97 per litre"
"La Vermontoise 0,375L","€ 6,60",Belgium,3.80,Brasserie de Blaugies/ Hill Farmstead Brewery,6%,Farmhouse Ale - Saison,Bottle 375ml,"€ 17,60 per litre"
"Saison d'Epeautre 0,75L","€ 9,60",Belgium,3.72,Brasserie de Blaugies,6%,Farmhouse Ale - Saison,Bottle 750ml,"€ 12,80 per litre"
HBH Bimbam Jenever BA / 3  2023,"€ 12,50",Belgium,4.23,Deca Brouwerij,10.5%,Winter Warmer,500ml,"€ 25,00 per litre"
HBH Bimbam Jenever BA / 2  2023,"€ 12,50",Belgium,4.18,Deca Brouwerij,10.5%,Winter Warmer,500ml,"€ 25,00 per litre"
HBH Bimbam Spey Whisky BA 2023,"€ 12,50",Belgium,4.16,Deca Brouwerij,10.5%,Winter Warmer,500ml,"€ 25,00 per litre"
Woesten Oloroso Sherry BA,"€ 12,50",Belgium,4.15,Deca Brouwerij,10.5%,Winter Warmer,500ml,"€ 25,00 per litre"
HBH Bimbam Jenever BA / 1  2023,"€ 12,50",Belgium,4.14,Deca Brouwerij,10.5%,Winter Warmer,500ml,"€ 25,00 per litre"
Kreeftwerk,"€ 6,40",Netherlands,3.47,De Kromme Haring/ Wilder Wald,4.5%,Historical Beer - Lichtenhainer,Bottle 375ml,"€ 17,07 per litre"
Each Beast A God,"€ 16,50",Canada,4.23,Third Moon Brewing Company,8.5%,Stout - Imperial / Double Coffee,Can 473ml,"€ 34,88 per litre"
Anvil Chorus (2023),"€ 20,00",United States,4.25,Jackie O's Brewery,14.9%,Stout - Imperial / Double,Bottle 375ml,"€ 53,33 per litre"
XO Nectar,"€ 31,50",United States,4.19,3 Sons Brewing Co.,14%,Stout - Imperial / Double,Bottle 375ml,"€ 84,00 per litre"
Tilmans Pale Ale,"€ 2,99",Germany,3.51,Tilmans Biere,4.9%,Pale Ale - American,330ml,"€ 9,06 per litre"
Mare's Tail 2022,"€ 20,40",England,3.86,Crossover Blendery,5.9%,Wild Ale - Other,Bottle 750ml,"€ 27,20 per litre"
Happy Pils,"€ 2,39",Germany,3.36,BRLO,4.9%,Pilsner - Other,330ml,"€ 7,24 per litre"
Pils,"€ 2,29",Germany,3.31,Herr Schmidt,5.8%,Märzen,330ml,"€ 6,94 per litre"
Rueuze,"€ 17,90",United States,4.18,The Bruery,6.3%,Lambic - Gueuze,Bottle 375ml,"€ 47,73 per litre"
Saison Ardennes,"€ 9,40",United States,3.88,The Bruery Terreux,6.3%,Farmhouse Ale - Saison,Bottle 375ml,"€ 25,07 per litre"
Zuli Strunus Trójniak Wiśniowy,"€ 21,20",Poland,4.14,Zuli Miodosytnia Warmińska,14%,Mead - Other,700ml,"€ 30,29 per litre"
Zuli Melarya Imbir Quatro,"€ 4,40",Poland,3.99,Zuli Miodosytnia Warmińska,5.4%,Mead - Session / Short,330ml,"€ 13,33 per litre"
High Seas Port Wine Barrel Blend,"€ 20,00",Denmark,4.02,Alefarm Brewing,11.5%,Porter - Imperial / Double Baltic,Can 440ml,"€ 45,45 per litre"
THEOGONY PROJECT - GOD OF GODS (MORTALIS COLLAB),"€ 8,75",Greece,4.03,Seven Island Brewery,11%,Stout - Imperial / Double Pastry,Can 440ml,"€ 19,89 per litre"
Phoenix,"€ 7,00",Scotland,3.93,Holy Goat Brewing,6%,Sour - Fruited,Bottle 375ml,"€ 18,67 per litre"
Orval,"€ 4,50",Belgium,3.68,Brasserie d'Orval,6.2%,Pale Ale - Belgian,330ml,"€ 13,64 per litre"
Zuli Melarya Imbir,"€ 3,90",Poland,3.90,Zuli Miodosytnia Warmińska,6.2%,Mead - Session / Short,330ml,"€ 11,82 per litre"
Zuli Melarya Chmiel,"€ 3,90",Poland,3.59,Zuli Miodosytnia Warmińska,5.4%,Mead - Session / Short,330ml,"€ 11,82 per litre"
Jam the Radar,"€ 39,60",United States,4.39,Bottle Logic Brewing,13.5%,Stout - Imperial / Double,500ml,"€ 79,20 per litre"
Arcane Rituals,"€ 39,60",United States,4.33,Bottle Logic Brewing,12%,Barleywine - English,500ml,"€ 79,20 per litre"
Geometry of Curves,"€ 39,60",United States,4.18,Bottle Logic Brewing,12.4%,Strong Ale - Other,500ml,"€ 79,20 per litre"
Godric's Reserve,"€ 39,60",United States,4.15,Bottle Logic Brewing,13.13%,Strong Ale - English,500ml,"€ 79,20 per litre"
Leche Borracho,"€ 39,60",United States,4.13,Bottle Logic Brewing,14%,Stout - Imperial / Double Milk,500ml,"€ 79,20 per litre"
Mulled Memories,"€ 39,60",United States,4.11,Bottle Logic Brewing,12%,Blonde / Golden Ale - Other,500ml,"€ 79,20 per litre"
Let's Try Kief,"€ 10,60",United States,4.06,Moksa Brewing Co,8.2%,IPA - Imperial / Double New England / Hazy,473ml,"€ 22,41 per litre"
Nectaronus Prime,"€ 10,60",United States,4.03,Moksa Brewing Co,7.3%,IPA - New England / Hazy,473ml,"€ 22,41 per litre"
Triporteur Full Moon 12 Oak Aged,"€ 3,25",Belgium,3.76,BOMBrewery,10.2%,Belgian Quadrupel,330ml,"€ 9,85 per litre"
10 Blond,"€ 3,05",Belgium,3.68,Brouwerij Malheur,10%,Belgian Strong Golden Ale,330ml,"€ 9,24 per litre"
Tilquin Rhubarbe 2022-2023,"€ 17,83",Belgium,4.08,Gueuzerie Tilquin,6.3%,Lambic - Other,Bottle 750ml,"€ 23,77 per litre"
Bird Of Prey IPA Blik SB,"€ 3,50",Netherlands,3.60,Uiltje Brewing Company,5.8%,IPA - American,330ml,"€ 10,61 per litre"
Triple Trouble Tripel Blik SB,"€ 2,90",Netherlands,3.58,Van Moll,8.2%,Belgian Tripel,330ml,"€ 8,79 per litre"
Split Session,"€ 3,49",Netherlands,3.32,Brouwerij Noordt,3%,IPA - Session,330ml,"€ 8,79 per litre"
Levain 2022 Montmorency Cherries,"€ 30,69",United States,4.28,Is/Was Brewing,5.5%,Farmhouse Ale - Saison,500ml,"€ 61,38 per litre"
Levain 2022 Blend,"€ 27,69",United States,4.26,Is/Was Brewing,5.5%,Farmhouse Ale - Saison,500ml,"€ 61,38 per litre"
The Finer Points of Bad Behavior Volume XI: Rhubarb,"€ 26,49",United States,4.15,Is/Was Brewing,6.1%,Farmhouse Ale - Saison,500ml,"€ 61,38 per litre"
Will Be bottle conditioned with Brettanomyces,"€ 23,49",United States,4.04,Is/Was Brewing,5.3%,Farmhouse Ale - Saison,500ml,"€ 61,38 per litre"
Maestro 2021,"€ 24,49",United States,4.00,Is/Was Brewing,5.5%,Farmhouse Ale - Other,500ml,"€ 48,98 per litre"
Spandrel,"€ 18,99",United States,3.98,Is/Was Brewing,4.9%,Farmhouse Ale - Saison,500ml,"€ 37,98 per litre"
Wherein Time And Space Bottle Conditioned W/ Brettanomyces / Supermoon,"€ 20,49",United States,3.87,Is/Was Brewing,5.4%,Farmhouse Ale - Saison,500ml,"€ 37,98 per litre"
The Beings For Whom Being Matters - Bottle Conditioned With Keeping Together's Mixed Culture,"€ 21,69",United States,3.86,Is/Was Brewing,4.9%,Farmhouse Ale - Saison,500ml,"€ 43,38 per litre"
Taxonomy Anomaly (without Brett),"€ 20,49",United States,3.77,Is/Was Brewing,5.1%,Farmhouse Ale - Saison,500ml,"€ 40,98 per litre"
Sepia,"€ 23,49",United States,3.75,Is/Was Brewing,5.4%,Farmhouse Ale - Bière de Garde,500ml,"€ 46,98 per litre"
It Is What It Was - Bottle Conditioned With Brettanomyces,"€ 24,69",United States,3.65,Is/Was Brewing,5.1%,Farmhouse Ale - Brett,500ml,"€ 46,98 per litre"
Pántáo 2021,"€ 21,50",Denmark,4.20,Baghaven Brewing and Blending,6%,Wild Ale - Other,Bottle 750ml,"€ 28,67 per litre"
Buddelship Lost Horizon Flemish Porter 22 Oud Bruin,"€ 16,99",Germany,3.36,Lost Horizon Farm,5.5%,Brett Beer,Bottle 750ml,"€ 22,65 per litre"
Candied Walnut & Date Cognac Barrel Whangdoodle Imperial Stout,"€ 46,80",United States,4.32,The Veil Brewing Co.,11.5%,Stout - Imperial / Double Milk,500ml,"€ 93,60 per litre"
Amer-Amer,"€ 2,54",Belgium,3.37,Brouwerij De Ranke,6%,IPA - Belgian,330ml,"€ 7,70 per litre"
Grand Cru,"€ 3,15",Belgium,3.65,Brouwerij Rodenbach,6%,Sour - Flanders Red Ale,330ml,"€ 9,55 per litre"
Aoltbeer (2021-11) Zwetschge (Plums),"€ 17,40",Germany,4.10,Kemker Kultuur (Brauerei J. Kemker),6%,Sour - Fruited,Bottle 750ml,"€ 23,20 per litre"
Incrocio Bianco,"€ 15,60",Italy,3.98,Siemàn,6.3%,Grape Ale - Italian,Bottle 750ml,"€ 20,80 per litre"
Samba,"€ 15,00",Italy,3.96,Siemàn,6.2%,Wild Ale - Other,Bottle 750ml,"€ 20,00 per litre"
Gentiana,"€ 17,40",Germany,3.77,Kemker Kultuur (Brauerei J. Kemker),6.3%,Historical Beer - Gruit / Ancient Herbed Ale,Bottle 750ml,"€ 23,20 per litre"
Imperial End Of Days,"€ 14,49",United States,3.96,Pipeworks Brewing Company,10.5%,Stout - Imperial / Double Milk,Bottle 750ml,"€ 23,20 per litre"
Boer Willem Tripel,"€ 2,40",Belgium,3.53,Badkuipbrouwers,8.5%,Belgian Tripel,330ml,"€ 7,27 per litre"
Boer Willem Bruin,"€ 2,40",Belgium,3.32,Badkuipbrouwers,7.5%,Belgian Strong Dark Ale,330ml,"€ 7,27 per litre"
Phoenix X Seven Island,"€ 7,80",Scotland,3.93,Holy Goat Brewing,6%,Sour - Fruited,Bottle 375ml,"€ 20,80 per litre"
Saison Dupont,"€ 2,35",Belgium,3.68,Brasserie Dupont,6.5%,Farmhouse Ale - Saison,330ml,"€ 7,12 per litre"
Dakhaas Witzen,"€ 2,00",Netherlands,3.41,Maximus Brouwerij,5.5%,Wheat Beer - American Pale Wheat,330ml,"€ 6,06 per litre"
Banana Beer,"€ 2,70",Belgium,3.05,Mongozo,3.6%,Fruit Beer,330ml,"€ 8,18 per litre"
Kriek 100% Lambic BIO,"€ 15,99",Belgium,4.31,Brasserie Cantillon,5%,Lambic - Kriek,Bottle 375ml,"€ 42,64 per litre"
Rosé de Gambrinus,"€ 15,99",Belgium,4.27,Brasserie Cantillon,5%,Lambic - Framboise,Bottle 375ml,"€ 42,64 per litre"
Barrel Aged Cuvee Lifestyle Choices,"€ 22,95",United States,4.02,Cushwa Brewing Company,10.5%,Strong Ale - American,500ml,"€ 45,90 per litre"
Cuvée de Pesga,"€ 12,00",Italy,4.03,Ca' del Brado,7.8%,Sour - Fruited,Bottle 375ml,"€ 32,00 per litre"
Û Baccarossa,"€ 12,00",Italy,3.90,Ca' del Brado,7.9%,Grape Ale - Italian,Bottle 375ml,"€ 32,00 per litre"
Śliwka,"€ 2,20",Poland,2.87,Browar Fortuna,5.3%,Fruit Beer,Bottle 500ml,"€ 4,40 per litre"
Yuzu Lambic,"€ 10,81",Belgium,3.58,OWA Brewery,5.5%,Lambic - Fruit,Bottle 375ml,"€ 28,83 per litre"
Lychee Lambic,"€ 10,81",Belgium,3.45,OWA Brewery,5.5%,Lambic - Fruit,Bottle 375ml,"€ 28,83 per litre"
Momo (Peach) Lambic,"€ 10,81",Belgium,3.28,OWA Brewery,5.5%,Lambic - Fruit,Bottle 375ml,"€ 28,83 per litre"
Gouden Carolus Whisky Infused,"€ 3,25",Belgium,4.00,Brouwerij Het Anker,11.7%,Belgian Strong Dark Ale,330ml,"€ 9,85 per litre"
De Moersleutel Dark Side Of The Island,"€ 6,95",Netherlands,3.70,Moersleutel Craft Brewery,10%,Stout - Imperial / Double,Can 440ml,"€ 15,80 per litre"
Gebrouwen door Vrouwen Bloesem Blond,"€ 3,40",Netherlands,3.46,Gebrouwen Door Vrouwen,6.2%,Belgian Blonde,330ml,"€ 10,30 per litre"
News From Nowhere: Cuvée Moscatel,"€ 15,30",United States,4.09,Modern Times Beer,8.5%,Sour - Flanders Red Ale,Bottle 375ml,"€ 40,80 per litre"
4NTI-C4KE,"€ 10,00",Romania,4.08,Blackout Brewing,11%,Stout - Imperial / Double Pastry,330ml,"€ 30,30 per litre"
High Seas (Bourbon Barrel Edition),"€ 14,00",Denmark,4.07,Alefarm Brewing,11.8%,Porter - Imperial / Double Baltic,Bottle 375ml,"€ 37,33 per litre"
High Seas (Port Wine Barrel Blend Edition),"€ 11,29",Denmark,4.02,Alefarm Brewing,11.5%,Porter - Imperial / Double Baltic,Bottle 375ml,"€ 30,11 per litre"
Oude Kriek,"€ 4,32",Belgium,3.65,Brouwerij Boon,6.5%,Lambic - Kriek,Bottle 375ml,"€ 11,52 per litre"
Life For A Puppy Shouldn't Be So Ruff Swirl 2022,"€ 31,95",United States,4.27,Transient Artisan Ales,13.5%,Stout - Imperial / Double,500ml,"€ 63,90 per litre"
Rum Barrel Aged Rummage the Pantry,"€ 26,95",United States,4.13,Cushwa Brewing Company,12%,Stout - Imperial / Double Pastry,500ml,"€ 53,90 per litre"
Bourbon Barrel Aged Top Billin',"€ 26,95",United States,4.05,Cushwa Brewing Company,10.5%,Barleywine - Other,500ml,"€ 53,90 per litre"
Barrel Aged Cuvee Lifestyle Choices,"€ 26,95",United States,4.02,Cushwa Brewing Company,10.5%,Strong Ale - American,500ml,"€ 53,90 per litre"
Ichigo Lambic,"€ 10,81",Belgium,4.09,OWA Brewery,5.5%,Lambic - Fruit,Bottle 375ml,"€ 28,83 per litre"
ZENNEGASH,"€ 4,60",Belgium,3.56,Brasserie de la Senne,5.7%,Wheat Beer - Other,330ml,"€ 13,94 per litre"
Sour In the Rye Cherry & Raspberry,"€ 25,22",United States,4.29,The Bruery Terreux,7.6%,Wild Ale - American,Bottle 750ml,"€ 33,63 per litre"
Etain (2018),"€ 25,83",United States,4.21,The Bruery,16.3%,Old / Stock Ale,Bottle 750ml,"€ 34,44 per litre"
Birne Snap,"€ 25,63",United States,4.14,The Bruery,14.1%,Wheat Beer - Wheat Wine,Bottle 750ml,"€ 34,17 per litre"
Sour In the Rye W/Peaches (2020),"€ 25,12",United States,4.06,The Bruery,7.2%,Wild Ale - American,Bottle 750ml,"€ 33,49 per litre"
Melocoton,"€ 11,82",Spain,3.98,Cyclic Beer Farm,5.4%,Farmhouse Ale - Brett,Bottle 750ml,"€ 15,76 per litre"
Volta,"€ 9,58",Spain,3.78,Cyclic Beer Farm,4%,Sour - Fruited,Bottle 750ml,"€ 12,77 per litre"
Pomelos De Tramuntana,"€ 10,31",Spain,3.87,Cyclic Beer Farm,5.5%,Sour - Other,Bottle 750ml,"€ 13,75 per litre"
"Ruby, My Dear","€ 9,97",Spain,3.86,Cyclic Beer Farm,4.8%,Sour - Fruited,Bottle 750ml,"€ 13,29 per litre"
Mingus,"€ 13,45",Spain,3.81,Cyclic Beer Farm,5.9%,Farmhouse Ale - Saison,Bottle 750ml,"€ 17,93 per litre"
Moscow Mule,"€ 11,82",Spain,3.78,Cyclic Beer Farm,6.2%,Sour - Other,Bottle 750ml,"€ 15,76 per litre"
Monk,"€ 13,45",Spain,3.76,Cyclic Beer Farm,5.5%,Farmhouse Ale - Saison,Bottle 750ml,"€ 17,93 per litre"
Thor Cold Brew Infused,"€ 2,50",Belgium,3.28,NordHunn,9%,Belgian Quadrupel,330ml,"€ 7,58 per litre"
Kristoffel Blond,"€ 1,75",Belgium,3.21,Brouwerij Martens,6%,Belgian Blonde,330ml,"€ 5,30 per litre"
Lithuanian Pilsner,"€ 3,90",Lithuania,3.33,Sakiškės Brewery// Sakiškių Alus,4.7%,Pilsner - Other,330ml,"€ 11,82 per litre"
Tropicus,"€ 7,70",Norway,3.65,Amundsen Brewery,5%,Sour - Fruited,Can 440ml,"€ 17,50 per litre"
Absalon 2020,"€ 26,90",United States,4.04,Black Project Spontaneous & Wild Ales,5.8%,Sour - Fruited,500ml,"€ 53,80 per litre"
Jaguar Warrior,"€ 4,30",Belgium,3.85,Galea Craft Beers,14%,Barleywine - American,330ml,"€ 13,03 per litre"
SchuppenBoer Tripel,"€ 2,20",Belgium,3.53,Brouwerij Het Nest,8%,Belgian Tripel,330ml,"€ 6,67 per litre"
Kristoffel Bruin,"€ 1,75",Belgium,3.20,Brouwerij Martens,6%,Brown Ale - Belgian,330ml,"€ 5,30 per litre"
Oud Beersel: Oude Kriek 2021,"€ 12,45",Belgium,4.09,Oud Beersel,6%,Lambic - Kriek,Bottle 750ml,"€ 16,60 per litre"
Abricot du Fermier (Blend #3),"€ 72,95",United States,4.45,Side Project Brewing,8%,Farmhouse Ale - Saison,Bottle 750ml,"€ 97,27 per litre"
Abricot du Fermier (Blend #4),"€ 72,95",United States,4.39,Side Project Brewing,8%,Farmhouse Ale - Saison,Bottle 750ml,"€ 97,27 per litre"
"3 Fonteinen: Oude Kriek, seizoen 19|20, assemblage 76","€ 12,90",Belgium,4.38,Brouwerij 3 Fonteinen,6.9%,Lambic - Kriek,Bottle 375ml,"€ 34,40 per litre"
De Ranke: Cuvee De Ranke 2022,"€ 10,65",Belgium,4.09,Brouwerij De Ranke,7%,Sour - Other,Bottle 750ml,"€ 14,20 per litre"
De Ranke: Mirakel 2022,"€ 11,95",Belgium,4.06,Brouwerij De Ranke,7%,Lambic - Gueuze,Bottle 750ml,"€ 15,93 per litre"
Tilquin: Oude Geuze Verticaal,"€ 79,00",Belgium,4.00,Gueuzerie Tilquin,7%,Lambic - Gueuze,5-pack,"Total price: € 79,00"
DIC Mamas Cherry Pie,"€ 8,60",Norway,4.10,Amundsen Brewery,10.5%,Stout - Imperial / Double Pastry,330ml,"€ 26,06 per litre"
Camba Chiemsee HopLa Dry Hop Lager,"€ 3,19",Germany,3.44,Camba Bavaria,5.1%,Lager - IPL (India Pale Lager),Can 440ml,"€ 7,25 per litre"
Frozen Pipes,"€ 13,90",Canada,4.18,Badlands Brewing Company,6.4%,IPA - American,Can 473ml,"€ 29,39 per litre"
Amsterdam NY (Chapter 2),"€ 11,40",Canada,4.11,Brasserie Sir John Brewing Co.,6.2%,IPA - American,Can 473ml,"€ 24,10 per litre"
Extra Noble,"€ 20,80",United States,4.10,Afterthought Brewing Company,5%,Farmhouse Ale - Saison,Bottle 500ml,"€ 41,60 per litre"
Echolocation Blend 2,"€ 28,60",United States,4.07,Perennial Artisan Ales,4.9%,Farmhouse Ale - Saison,Bottle 750ml,"€ 38,13 per litre"
Faible Whole Cone,"€ 20,80",United States,4.06,Afterthought Brewing Company,5%,Farmhouse Ale - Saison,Bottle 500ml,"€ 41,60 per litre"
Abigail (Chapter 5),"€ 11,20",Canada,4.03,Brasserie Sir John Brewing Co.,5.2%,Pale Ale - American,Can 473ml,"€ 23,68 per litre"
Hanz,"€ 3,99",Netherlands,3.64,Kaapse Brouwers,11.5%,Porter - Imperial / Double Baltic,330ml,"€ 12,09 per litre"
Cuvée Kluysbosch Lambiek Cider,"€ 25,20",Belgium,3.79,Brouwerij Angerik,6%,Lambic - Fruit,Bottle 750ml,"€ 33,60 per litre"
Raspberry Sour,"€ 6,20",Scotland,3.82,Vault City Brewing,5%,Sour - Fruited,Can 440ml,"€ 14,09 per litre"
High Seas (Bourbon Barrel Blend),"€ 12,71",Denmark,4.07,Alefarm Brewing,11.8%,Porter - Imperial / Double Baltic,Bottle 375ml,"€ 33,89 per litre"
High Seas (Port Wine Barrel Blend),"€ 12,71",Denmark,4.02,Alefarm Brewing,11.5%,Porter - Imperial / Double Baltic,Bottle 375ml,"€ 33,89 per litre"
Corcova Barrel Aged Blond Ale w/ Apricots & Rum,"€ 9,75",Romania,3.80,OneTwo,9%,Strong Ale - Other,Bottle 375ml,"€ 26,00 per litre"
Anabasis Blend #6,"€ 189,99",United States,4.47,Side Project Brewing,14%,Barleywine - American,,
"Mega Devil's Teeth Aged in Bourbon Barrels with Hazelnut, Cocoa, & Vanilla","€ 99,99",United States,4.36,Modern Times Beer,13.5%,Stout - Imperial / Double,,
"Modem Tones Triple Aged In Maple, Apple Brandy, And Rye Whiskey Barrels","€ 99,99",United States,4.34,Modern Times Beer,14.4%,Stout - Imperial / Double,,
Flambé,"€ 74,99",United States,4.24,Shared,13%,Stout - Imperial / Double Pastry,,
High Seas (Port Wine Barrel Blend),"€ 17,95",Denmark,4.02,Alefarm Brewing,11.5%,Porter - Imperial / Double Baltic,Bottle 375ml,"€ 47,87 per litre"
Beer : Barrel : Time (2022),"€ 299,99",United States,4.78,Side Project Brewing,15%,Stout - Imperial / Double,Bottle 375ml,"€ 47,87 per litre"
De Garde Dos F.A.I VINTAGE 2020 75cl,"€ 22,09",United States,3.88,de Garde Brewing,6.5%,Wild Ale - American,Bottle 750ml,"€ 29,45 per litre"
Magazine Cover,"€ 7,70",England,3.74,DEYA Brewing Company,4.2%,Pale Ale - New England / Hazy,500ml,"€ 15,40 per litre"
Batisserie Chocolate & Coconut Macaroon,"€ 8,50",United States,4.20,Energy City Brewing,10%,Stout - Imperial / Double Pastry,473ml,"€ 17,97 per litre"
Batisserie Grasshopper Pie,"€ 8,50",United States,4.12,Energy City Brewing,10%,Stout - Imperial / Double Pastry,473ml,"€ 17,97 per litre"
The Garden Uvala,"€ 2,97",Croatia,3.54,The Garden Brewery,3.5%,Sour - Other,Can 440ml,"€ 6,75 per litre"
Incrocio Rosso,"€ 14,50",Italy,3.99,Siemàn,6.1%,Grape Ale - Italian,Bottle 375ml,"€ 38,67 per litre"
Mirabel-Lambiek,"€ 21,00",Belgium,4.16,Geuzestekerij De Cam,6%,Lambic - Fruit,Bottle 375ml,"€ 56,00 per litre"
Mornin' Latte,"€ 7,99",United States,4.07,Toppling Goliath Brewing Co.,8.9%,Stout - Imperial / Double Milk,Bottle 375ml,"€ 56,00 per litre"
Rover Truck,"€ 4,49",United States,3.75,Toppling Goliath Brewing Co.,5%,Stout - Oatmeal,Bottle 375ml,"€ 56,00 per litre"
La Renaissance Grand Cru III,"€ 20,05",Belgium,3.78,Brouwerij De Dochter van de Korenaar,7%,IPA - English,Bottle 750ml,"€ 26,73 per litre"
Mandarina,"€ 18,80",Germany,3.99,Kemker Kultuur (Brauerei J. Kemker),6%,Farmhouse Ale - Saison,Bottle 750ml,"€ 25,07 per litre"
Aoltbeer Cassis,"€ 20,80",Germany,3.90,Kemker Kultuur (Brauerei J. Kemker),6%,Sour - Other,Bottle 750ml,"€ 27,73 per litre"
Table d'émeraude,"€ 3,92",Belgium,3.65,L'Ermitage,5.2%,Farmhouse Ale - Bière de Coupage,330ml,"€ 11,88 per litre"
"Armand & Gaston 17|18, assemblage 22","€ 27,90",Belgium,4.43,Brouwerij 3 Fonteinen,6.2%,Lambic - Gueuze,Bottle 750ml,"€ 37,20 per litre"
Meeske,"€ 18,20",Netherlands,3.76,Nevel Wild Ales/ Schneeeule,3.8%,Wild Ale - Other,Bottle 750ml,"€ 24,27 per litre"
FF Lekker Met Je Bek in het Zonnetje Session IPA,"€ 3,10",Netherlands,3.43,Uiltje Brewing Company,3.6%,IPA - Session,Can 330ml,"€ 9,39 per litre"
Life's A Beach Session IPA,"€ 3,00",Netherlands,3.44,Jopen,4.5%,IPA - Session,Can 330ml,"€ 9,09 per litre"
Baltic Porter Day 2022 Cellar Series Barrel Aged Imperial Baltic Porter,"€ 8,50",Estonia,4.10,Põhjala,10.5%,Porter - Imperial / Double Baltic,330ml,"€ 25,76 per litre"
Macaroon Machine Coconut Pastry Stout,"€ 6,10",Netherlands,3.91,Moersleutel Craft Brewery,10%,Stout - Imperial / Double Pastry,Can 440ml,"€ 13,86 per litre"
High Seas (Bourbon Barrel Blend),"€ 17,49",Denmark,4.07,Alefarm Brewing,11.8%,Porter - Imperial / Double Baltic,Bottle 375ml,"€ 46,64 per litre"
High Seas (Port Wine Barrel Blend),"€ 17,49",Denmark,4.02,Alefarm Brewing,11.5%,Porter - Imperial / Double Baltic,Bottle 375ml,"€ 46,64 per litre"
Mr. President Double IPA,"€ 3,65",Scotland,3.62,BrewDog,9.2%,IPA - Imperial / Double,Can 440ml,"€ 8,30 per litre"
Watheet!,"€ 3,45",Netherlands,3.12,Brouwerij De Werf,6%,Spiced / Herbed Beer,Can 440ml,"€ 8,30 per litre"
Troubadour Magma Belgian IPA,"€ 2,95",Belgium,3.68,Brouwerij The Musketeers,9%,IPA - Belgian,330ml,"€ 8,94 per litre"
Stelzer - Keller Kupfer,"€ 2,10",Germany,3.45,Schloßbrauerei Stelzer Fattigau,5.3%,Kellerbier / Zwickelbier,500ml,"€ 4,20 per litre"
Spectre Sister,"€ 21,00",England,4.25,Mills Brewing,7.2%,Farmhouse Ale - Saison,Bottle 750ml,"€ 28,00 per litre"
Clomp,"€ 21,00",England,4.22,Mills Brewing,6.3%,Sour - Flanders Red Ale,Bottle 750ml,"€ 28,00 per litre"
Bière de Garde,"€ 21,00",England,4.18,Mills Brewing,6.3%,Farmhouse Ale - Bière de Garde,Bottle 750ml,"€ 28,00 per litre"
Irongate,"€ 21,00",England,4.00,Crossover Blendery,6.6%,Wild Ale - Other,Bottle 750ml,"€ 28,00 per litre"
Little Moor,"€ 21,00",England,3.95,Crossover Blendery,6.4%,Wild Ale - Other,Bottle 750ml,"€ 28,00 per litre"
Shivers,"€ 21,00",England,3.95,Crossover Blendery,7.1%,Wild Ale - Other,Bottle 750ml,"€ 28,00 per litre"
The Miller,"€ 21,00",England,3.94,Crossover Blendery,7%,Grape Ale - Other,Bottle 750ml,"€ 28,00 per litre"
Mackerel Skies,"€ 21,00",England,3.91,Crossover Blendery,5.6%,Wild Ale - Other,Bottle 750ml,"€ 28,00 per litre"
Obsidian,"€ 21,00",England,3.91,Crossover Blendery,6.3%,Wild Ale - Other,Bottle 750ml,"€ 28,00 per litre"
The Pershores Yellow,"€ 21,00",England,3.88,Crossover Blendery,6.3%,Wild Ale - Other,Bottle 750ml,"€ 28,00 per litre"
The Arc,"€ 21,00",England,3.85,Crossover Blendery,7.2%,Wild Ale - Other,Bottle 750ml,"€ 28,00 per litre"
Summer Song,"€ 21,00",England,3.84,Crossover Blendery,6.5%,Sour - Fruited,Bottle 750ml,"€ 28,00 per litre"
Barbarian Lands,"€ 21,00",England,3.78,Crossover Blendery,6%,Blonde / Golden Ale - Other,Bottle 750ml,"€ 28,00 per litre"
Binds,"€ 21,00",England,3.66,Crossover Blendery,5.6%,Wild Ale - Other,Bottle 750ml,"€ 28,00 per litre"
Noise Trade,"€ 3,74",Hungary,3.85,Dealbreaker,7.5%,IPA - Imperial / Double New England / Hazy,Bottle 750ml,"€ 28,00 per litre"
Oude Kriek Vieille,"€ 7,47",Belgium,3.79,Oud Beersel,6%,Lambic - Kriek,Bottle 375ml,"€ 19,92 per litre"
Maneblusser,"€ 2,00",Belgium,3.46,Brouwerij Het Anker,5.8%,Belgian Blonde,330ml,"€ 6,06 per litre"
Pohjala Enn Barrel (cellar Series),"€ 8,49",Estonia,3.91,Põhjala,12%,Stout - Imperial / Double Coffee,330ml,"€ 6,06 per litre"
Continuance Blend #3,"€ 229,95",United States,4.55,Side Project Brewing,15%,Strong Ale - American,330ml,"€ 6,06 per litre"
Chaos Is A Barrel,"€ 12,10",Romania,3.86,Blackout Brewing,6.6%,Wild Ale - American,Bottle 500ml,"€ 24,20 per litre"
Fruitage,"€ 2,49",Belgium,3.50,Brouwerij Rodenbach,3.9%,Fruit Beer,Bottle 250ml,"€ 9,96 per litre"
Aufsesser Wegseidla,"€ 1,90",Germany,3.34,Privatbrauerei Rothenbach,4.8%,Kellerbier / Zwickelbier,500ml,"€ 3,80 per litre"
Oud Beersel: Bzart Krieklambiek 2019,"€ 20,95",Belgium,4.15,Oud Beersel,7%,Lambic - Kriek,Bottle 750ml,"€ 27,93 per litre"
Oud Beersel: Bzart Lambiek 2018,"€ 19,95",Belgium,4.09,Oud Beersel,7%,Lambic - Traditional,Bottle 750ml,"€ 26,60 per litre"
Oud Beersel: Schaarbeekse Oude Kriek 2021,"€ 21,45",Belgium,4.09,Oud Beersel,7%,Lambic - Kriek,Bottle 750ml,"€ 28,60 per litre"
Oud Beersel: Port Wood Whisky Edition 2022,"€ 21,99",Belgium,4.01,Oud Beersel,8%,Lambic - Traditional,Bottle 750ml,"€ 29,32 per litre"
Oud Beersel: Kriekenlambiek Beerbox,"€ 32,90",Belgium,3.82,Oud Beersel,7.5%,Lambic - Kriek,3100ml,"€ 10,61 per litre"
Oud Beersel: Rozenlambiek Beerbox,"€ 27,90",Belgium,3.68,Oud Beersel,6.8%,Lambic - Other,3100ml,"€ 9,00 per litre"
Interrobang (2022),"€ 7,99",United States,4.03,Harpoon Brewery,16%,Stout - Imperial / Double Coffee,3100ml,"€ 9,00 per litre"
Blaecorn Unidragon,"€ 6,29",United States,3.95,Clown Shoes,10.5%,Stout - Russian Imperial,3100ml,"€ 9,00 per litre"
Black Treats 2022 Edition Rye Whiskey BA,"€ 6,20",Belgium,3.88,Galea Craft Beers,11.5%,Stout - Imperial / Double Pastry,330ml,"€ 18,79 per litre"
La Trappe Tripel,"€ 4,90",Netherlands,3.75,Bierbrouwerij De Koningshoeven,8%,Belgian Tripel,330ml,"€ 14,85 per litre"
Bruin  - VINTAGE 2015,"€ 5,24",Belgium,3.34,Brouwerij Loterbol,8%,Belgian Strong Dark Ale,330ml,"€ 15,88 per litre"
Aoltbeer 04-2022,"€ 16,19",Germany,4.10,Kemker Kultuur (Brauerei J. Kemker),6%,Sour - Other,Bottle 750ml,"€ 21,59 per litre"
Nut Brown Ale,"€ 4,60",England,3.60,Samuel Smith,5%,Brown Ale - English,Bottle 550ml,"€ 8,36 per litre"
Mirage 3,"€ 11,25",Norway,3.82,Nøgne Ø,8%,Lambic - Gueuze,Bottle 750ml,"€ 15,00 per litre"
Crooked Stave Petite Sour (Blueberry 2015),"€ 9,37",United States,4.14,Crooked Stave Artisan Beer Project,5.5%,Sour - Other,Bottle 370ml,"€ 25,32 per litre"
Porter,"€ 2,59",Spain,3.44,Cervesa Espiga,5%,Porter - English,Can 330ml,"€ 7,85 per litre"
Biscuit Behemoth,"€ 6,23",Hungary,3.94,Mad Scientist,11%,Stout - Imperial / Double Pastry,330ml,"€ 18,88 per litre"
Langbräu Märzen Spezial,"€ 1,90",Germany,3.44,Lang-Bräu,5.5%,Märzen,500ml,"€ 3,80 per litre"
Pentagram 2014,"€ 39,99",United States,4.03,Surly Brewing Company,6.66%,Sour - Other,500ml,"€ 3,80 per litre"
Zubath Bomb: Red,"€ 8,50",United States,4.24,Fifth Frame Brewing Co.,6%,Sour - Fruited,473ml,"€ 17,97 per litre"
Peeptoad,"€ 7,40",United States,4.10,Tilted Barn Brewery,6.3%,Pale Ale - American,473ml,"€ 15,64 per litre"
Zubath Bomb: Blue,"€ 8,50",United States,3.99,Fifth Frame Brewing Co.,6%,Sour - Fruited,473ml,"€ 17,97 per litre"
"Funky Falcon 0,2 Non Alcoholic Pale Ale Blik Alcoholvrij","€ 2,75",Netherlands,3.24,Two Chefs Brewing,0.2%,Non-Alcoholic - Pale Ale,330ml,"€ 8,33 per litre"
BIO Blond Organic Belgian Blond,"€ 3,00",Netherlands,3.40,Jopen,6.5%,Belgian Blonde,Can 330ml,"€ 9,09 per litre"
Zwarte Ziel 2023 Imp  Smoked Porter vanilla salmiak Bourbon Barrel Blend,"€ 6,50",Netherlands,3.96,Jopen,10%,Porter - Imperial / Double,330ml,"€ 19,70 per litre"
Oude Riesling à l'ancienne 2022,"€ 25,50",Belgium,4.28,Gueuzerie Tilquin,7.7%,Lambic - Fruit,Bottle 750ml,"€ 34,00 per litre"
Grand Cru Edition 2023 Barrel Aged Grand Cru,"€ 6,25",Netherlands,4.01,Brouwerij de Molen,10.4%,Sour - Other,330ml,"€ 18,94 per litre"
Nøgne O Brain Salad Surgery,"€ 5,10",Norway,3.36,Nøgne Ø,7%,IPA - Other,330ml,"€ 18,94 per litre"
Finding Bigfoot,"€ 8,49",United States,3.97,Beer Tree Brew,9%,Stout - Russian Imperial,330ml,"€ 18,94 per litre"
RIS Bourbon BA Blend,"€ 8,30",France,3.91,Popihn,12%,Stout - Russian Imperial,330ml,"€ 25,15 per litre"
Lineman Like Clockwork,"€ 12,80",Ireland,3.84,LINEMAN,9.2%,Stout - Imperial / Double,500ml,"€ 25,60 per litre"
Oude Roussanne à l'ancienne 2022,"€ 26,20",Belgium,4.20,Gueuzerie Tilquin,8.1%,Lambic - Fruit,Bottle 750ml,"€ 34,93 per litre"
Oude Syrah à l'ancienne 2022,"€ 25,70",Belgium,4.18,Gueuzerie Tilquin,8%,Lambic - Fruit,Bottle 750ml,"€ 34,27 per litre"
Oude Airelle Sauvage à l'ancienne 2022,"€ 22,80",Belgium,4.15,Gueuzerie Tilquin,6.5%,Lambic - Fruit,Bottle 750ml,"€ 30,40 per litre"
Siren Maiden 2022,"€ 14,28",England,4.12,Siren Craft Brew,10%,Barleywine - English,Bottle 375ml,"€ 38,08 per litre"
Gods of Joy,"€ 21,25",Hungary,3.75,Mad Scientist,11.5%,Belgian Quadrupel,500ml,"€ 42,50 per litre"
Coastal Ipa,"€ 3,14",Netherlands,3.53,Dutch Bargain,5.8%,IPA - American,500ml,"€ 42,50 per litre"
De La Senne Zinnebir X-MAS 2015 - VINTAGE 2015,"€ 4,49",Belgium,3.50,Brasserie de la Senne,7.8%,Winter Ale,330ml,"€ 13,61 per litre"
Sour Farmhouse - BATCH 10 - VINTAGE,"€ 8,50",United States,?,Woodfour Brewing Company,4.8%,Farmhouse Ale - Other,Bottle 370ml,"€ 22,97 per litre"
Keller Pils,"€ 4,20",England,3.47,Lost and Grounded Brewers,4.8%,Kellerbier / Zwickelbier,Can 440ml,"€ 9,55 per litre"
Nostalgia Collection #10 – Schachtstuiker (Limited Edition),"€ 3,61",Belgium,3.55,Brouwerij Kompel,7.5%,Belgian Strong Golden Ale,330ml,"€ 10,94 per litre"
Wittorfer Trick 17 - American Pale Ale,"€ 3,49",Germany,3.59,Wittorfer Brauerei Neumünster,5.2%,Pale Ale - American,330ml,"€ 10,58 per litre"
Maman 2022,"€ 149,99",United States,4.51,Perennial Artisan Ales,11%,Stout - Imperial / Double,330ml,"€ 10,58 per litre"
Barrel Aged Chewy Corners,"€ 129,99",United States,4.39,More Brewing Company,15.6%,Stout - Oatmeal,330ml,"€ 10,58 per litre"
Modem Tones Aged in Cognac Barrels,"€ 89,99",United States,4.34,Modern Times Beer,14.4%,Stout - Imperial / Double,,
Modem Tones Aged in Sherry Barrels,"€ 89,99",United States,4.31,Modern Times Beer,14.4%,Stout - Imperial / Double,,
Anniversary Blend (2022),"€ 129,99",United States,4.35,Perennial Artisan Ales,13.5%,Strong Ale - American,,
The Dissident (2015),"€ 39,99",United States,4.10,Deschutes Brewery,11.1%,Belgian Strong Dark Ale,,
The Dissident (2014),"€ 39,99",United States,4.04,Deschutes Brewery,10.7%,Sour - Flanders Oud Bruin,,
Eugene,"€ 3,69",United States,3.78,Revolution Brewing Company,6.8%,Porter - American,,
Oude Gueuze Barrel Seclection Foeder 21,"€ 10,37",Belgium,4.10,Oud Beersel,6.5%,Lambic - Gueuze,Bottle 375ml,"€ 27,65 per litre"
L'Or Noir,"€ 2,63",Belgium,3.60,Brouwerij Kompel,8.2%,Belgian Tripel,330ml,"€ 7,97 per litre"
Peachy Swallows,"€ 13,80",Spain,4.04,Cyclic Beer Farm,6.6%,Farmhouse Ale - Other,Bottle 750ml,"€ 18,40 per litre"
Monk,"€ 12,00",Spain,3.76,Cyclic Beer Farm,5.5%,Farmhouse Ale - Saison,Bottle 750ml,"€ 16,00 per litre"
Boskeun 2023,"€ 6,30",Belgium,3.69,Brouwerij De Dolle Brouwers,9%,Belgian Strong Golden Ale,330ml,"€ 19,09 per litre"
Van Sas The Boss,"€ 4,20",Netherlands,3.39,Familiebrouwerij Van Sas,7.2%,IPA - Other,330ml,"€ 12,73 per litre"
Franc,"€ 36,10",Netherlands,4.27,Tommie Sjef,7.7%,Wild Ale - Other,Bottle 750ml,"€ 48,13 per litre"
Hop & Stave,"€ 7,21",Italy,3.96,Siemàn,5.7%,Wild Ale - American,Bottle 375ml,"€ 19,23 per litre"
Bière de Pieces #40,"€ 22,53",United States,4.22,Afterthought Brewing Company,5.2%,Farmhouse Ale - Saison,500ml,"€ 45,06 per litre"
Boskeun Belgian Tripel 2023,"€ 7,60",Belgium,3.70,Brouwerij De Dolle Brouwers,9%,Belgian Strong Golden Ale,330ml,"€ 23,03 per litre"
Gueuze Cuvee Rene Grand Cru,"€ 7,80",Belgium,4.02,Brouwerij Lindemans,6%,Lambic - Gueuze,Bottle 750ml,"€ 10,40 per litre"
St. Bernardus Abt 12,"€ 9,30",Belgium,4.00,Brouwerij St.Bernardus,10%,Belgian Quadrupel,Bottle 750ml,"€ 12,40 per litre"
Kriek Cuvee Rene Grand Cru,"€ 9,20",Belgium,3.81,Brouwerij Lindemans,7%,Lambic - Kriek,Bottle 750ml,"€ 12,27 per litre"
Like a Forest,"€ 28,40",Poland,3.76,Browar Nepomucen,4.4%,Pale Ale - New England / Hazy,10-pack,"Total price: € 28,40"
St. Bernardus Triple,"€ 8,10",Belgium,3.75,Brouwerij St.Bernardus,8%,Belgian Tripel,Bottle 750ml,"€ 10,80 per litre"
Frutollo,"€ 31,00",Poland,3.50,Browar NOOK/ Browar Nepomucen,0.5%,Non-Alcoholic - Sour,10-pack,"Total price: € 31,00"
Petrus Dubbel Bruin,"€ 3,00",Belgium,3.32,Brouwerij De Brabandere,7%,Belgian Dubbel,330ml,"€ 9,09 per litre"
Ten Acres: Coconut,"€ 8,99",United States,4.09,The Drowned Lands Brewery,9%,Stout - Imperial / Double Pastry,330ml,"€ 9,09 per litre"
Amai,"€ 7,99",United States,4.04,The Drowned Lands Brewery,10.8%,Belgian Strong Dark Ale,473ml,"€ 16,89 per litre"
Laia,"€ 14,11",Spain,3.80,Basqueland Brewing,7.6%,Farmhouse Ale - Saison,Bottle 750ml,"€ 18,81 per litre"
Lervig Human Nature,"€ 3,97",Norway,3.42,LERVIG,4.5%,Sour - Fruited Gose,330ml,"€ 12,03 per litre"
Bière de Pieces #40,"€ 26,95",United States,4.22,Afterthought Brewing Company,5.2%,Farmhouse Ale - Saison,500ml,"€ 53,90 per litre"
Twenty Five – Silver,"€ 38,25",United States,4.42,Central Waters Brewing Company,13.1%,Stout - Imperial / Double,Bottle 650ml,"€ 58,85 per litre"
Son of a Baptist,"€ 5,95",United States,3.97,"Epic Brewing Co. (Utah, Colorado)",8%,Stout - Imperial / Double Coffee,355ml,"€ 16,76 per litre"
Twenty Five – Black,"€ 38,25",United States,4.29,Central Waters Brewing Company,12.7%,Stout - Imperial / Double,Bottle 650ml,"€ 58,85 per litre"
Quadruple Shot Rose Petal,"€ 19,95",United States,4.23,Tree House Brewing Company,11%,Stout - Imperial / Double Coffee,Bottle 650ml,"€ 58,85 per litre"
Shoot To Nill,"€ 28,50",United States,4.18,Mikerphone Brewing,12%,Stout - Imperial / Double Pastry,500ml,"€ 57,00 per litre"
Saison Dupont,"€ 4,95",Belgium,3.68,Brasserie Dupont,6.5%,Farmhouse Ale - Saison,Bottle 750ml,"€ 6,60 per litre"
Delicious IPA,"€ 2,90",United States,3.72,Stone Brewing,7.7%,IPA - American,355ml,"€ 8,17 per litre"
Arrogant Bastard,"€ 3,90",Germany,3.54,Stone Brewing Berlin,7.2%,Strong Ale - American,473ml,"€ 8,25 per litre"
Twenty Five (XXV) Chocolate Covered Cherry Imperial Stout,"€ 49,50",United States,4.29,Central Waters Brewing Company,12.7%,Stout - Imperial / Double,Bottle 650ml,"€ 76,15 per litre"
Perspective 2023,"€ 12,90",Canada,4.16,Badlands Brewing Company,6.5%,IPA - American,473ml,"€ 27,27 per litre"
Shoot To Nill Imperial Pastry Stout,"€ 26,70",United States,4.18,Mikerphone Brewing,12%,Stout - Imperial / Double Pastry,500ml,"€ 53,40 per litre"
High Stakes,"€ 8,00",England,3.86,Siren Craft Brew,12.6%,Stout - Imperial / Double,Bottle 375ml,"€ 21,33 per litre"
Kemker Kultuur  Lust 03-2021 Cherries,"€ 23,99",Germany,3.88,Kemker Kultuur (Brauerei J. Kemker),6%,Cider - Other Fruit,Bottle 750ml,"€ 31,99 per litre"
Baladin Xyauyù Fumè Riserva 2016,"€ 47,99",Italy,4.37,BIRRIFICIO AGRICOLO BALADIN - Baladin Indipendente Italian Farm Brewery,13.8%,Barleywine - Other,500ml,"€ 95,98 per litre"
Maisel's Weisse Dunkel,"€ 1,90",Germany,3.51,Brauerei Gebr. Maisel,5.1%,Wheat Beer - Dunkelweizen,500ml,"€ 3,80 per litre"
Lentebock,"€ 1,80",Netherlands,3.30,Gulpener Bierbrouwerij,6.5%,Bock - Hell / Maibock / Lentebock,300ml,"€ 6,00 per litre"
Pear Therapy,"€ 9,60",United States,3.89,Cascade Brewing,6.4%,Sour - Fruited,Can 248ml,"€ 38,71 per litre"
Through the Ages: A Concept of Linearity (Stauning Rye Whiskey Edition),"€ 26,70",Denmark,4.24,Alefarm Brewing,13%,Stout - Imperial / Double,Can 440ml,"€ 60,68 per litre"
Through the Ages: A Concept of Linearity (Stauning Rye Whiskey with El Salvador Coffee),"€ 26,70",Denmark,4.24,Alefarm Brewing,13%,Stout - Imperial / Double,Can 440ml,"€ 60,68 per litre"
Grappe Blancs 2022,"€ 14,80",France,4.19,Brasserie La Malpolon,6.7%,Grape Ale - Other,Bottle 750ml,"€ 19,73 per litre"
Pêche 2022,"€ 5,00",France,3.95,Brasserie La Malpolon,6%,Sour - Fruited,Bottle 375ml,"€ 13,33 per litre"
Grenats,"€ 14,50",France,3.94,Brasserie La Malpolon,7.3%,Grape Ale - Other,Bottle 750ml,"€ 19,33 per litre"
Grappe Rouge 2022,"€ 14,00",France,3.94,Brasserie La Malpolon,7%,Grape Ale - Other,Bottle 750ml,"€ 18,67 per litre"
Estate Sumac,"€ 39,99",United States,3.98,Tree House Brewing Company,5.6%,Farmhouse Ale - Saison,Bottle 750ml,"€ 53,32 per litre"
Lammsbräu Dunkle Weisse Alkoholfrei,"€ 2,20",Germany,3.14,Neumarkter Lammsbräu,0.3%,Non-Alcoholic - Wheat,500ml,"€ 4,40 per litre"
Reserva Tonka Barleywine BA,"€ 7,45",Belgium,3.85,Brasserie Atrium/ D'Oude Maalderij,10.9%,Barleywine - Other,330ml,"€ 22,58 per litre"
French Toast Stout,"€ 8,99",United States,4.11,WeldWerks Brewing Co.,7.1%,Stout - Milk / Sweet,330ml,"€ 22,58 per litre"
Creature From the Choco-Nana Hazelnut Lagoon,"€ 8,99",United States,3.93,WeldWerks Brewing Co.,7.7%,Stout - Milk / Sweet,330ml,"€ 22,58 per litre"
Nankendorfer Hell,"€ 2,00",Germany,3.39,Schroll Bräu Nankendorf,5.2%,Lager - Helles,500ml,"€ 4,00 per litre"
Oude Kriek,"€ 11,07",Belgium,3.97,Hanssens Artisanaal,6.5%,Lambic - Kriek,Bottle 750ml,"€ 14,76 per litre"
Juicy & Wild Rhub-Elle,"€ 13,45",Belgium,3.94,Lambiek Fabriek,5%,Lambic - Other,Bottle 750ml,"€ 17,93 per litre"
Juicy & Wild Soleille,"€ 15,79",Belgium,3.84,Lambiek Fabriek,8.7%,Lambic - Fruit,Bottle 750ml,"€ 21,05 per litre"
Clémentine,"€ 3,21",Belgium,3.34,Brasserie Atrium,5.3%,Wheat Beer - Fruited,330ml,"€ 9,73 per litre"
Confluence,"€ 18,99",Portugal,4.06,Ophiussa Brewing Co.,12%,Stout - Imperial / Double Pastry,Bottle 375ml,"€ 50,64 per litre"
Havana Moon,"€ 8,20",Scotland,3.95,Overtone Brewing Co,11.5%,Stout - Imperial / Double,Can 440ml,"€ 18,64 per litre"
Hommage 2020,"€ 14,80",Belgium,4.43,Brouwerij 3 Fonteinen,5.5%,Lambic - Framboise,Bottle 375ml,"€ 39,47 per litre"
Hommage 2019,"€ 36,00",Belgium,4.25,Brouwerij 3 Fonteinen,5.8%,Lambic - Framboise,Bottle 750ml,"€ 48,00 per litre"
La Trappe Witte Trappist,"€ 2,59",Netherlands,3.60,Bierbrouwerij De Koningshoeven,5.5%,Wheat Beer - Witbier / Blanche,330ml,"€ 7,85 per litre"
Estive,"€ 15,00",France,4.16,La Montagnarde Sauvage,6.5%,Sour - Fruited,Bottle 750ml,"€ 20,00 per litre"
Petit Creux Rhum,"€ 7,80",France,4.15,Microbrasserie La Montagnarde,10.5%,Stout - Imperial / Double,330ml,"€ 23,64 per litre"
Tic Tac,"€ 15,00",France,4.04,Microbrasserie La Montagnarde,5.2%,Wild Ale - Other,Bottle 750ml,"€ 20,00 per litre"
Bulle des prés,"€ 15,00",France,3.99,La Montagnarde Sauvage,6.5%,Sour - Other,Bottle 750ml,"€ 20,00 per litre"
Dame de pique,"€ 12,00",France,3.85,La Montagnarde Sauvage,4.8%,Grape Ale - Other,Bottle 750ml,"€ 16,00 per litre"
Mirette,"€ 7,50",France,3.69,Microbrasserie La Montagnarde,6.5%,Farmhouse Ale - Saison,Bottle 750ml,"€ 10,00 per litre"
Big Black Voodoo Daddy,"€ 7,69",United States,3.99,Voodoo Brewing Co.,12%,Stout - Russian Imperial,Bottle 750ml,"€ 10,00 per litre"
Coffee Bender,"€ 4,99",United States,3.91,Surly Brewing Company,5.1%,Brown Ale - American,Bottle 750ml,"€ 10,00 per litre"
Love Child Aged in French Oak Malbec Barrels,"€ 22,29",United States,3.86,Voodoo Brewing Co.,9.5%,Belgian Tripel,Bottle 750ml,"€ 10,00 per litre"
Love Child,"€ 6,29",United States,3.72,Voodoo Brewing Co.,9.5%,Belgian Tripel,Bottle 750ml,"€ 10,00 per litre"
Moesjke Blond,"€ 3,13",Belgium,3.32,Bierfirma Ultima,6.9%,Belgian Blonde,330ml,"€ 9,48 per litre"
Lervig No Worries Grapefruit,"€ 2,99",Norway,3.25,LERVIG,0.5%,Non-Alcoholic - IPA,330ml,"€ 9,06 per litre"
Hilly Hoppy Sour Raw Ale,"€ 3,10",Netherlands,3.43,Brouwerij Poesiat & Kater,5%,Sour - Other,Can 330ml,"€ 9,39 per litre"
Dochter van de Korenaar- L'Ensemble Barleywine,"€ 4,95",Belgium,3.94,Brouwerij De Dochter van de Korenaar,13%,Barleywine - English,330ml,"€ 15,00 per litre"
Colossus Imperial Stout,"€ 4,79",Spain,3.74,Cierzo Brewing Co.,10%,Stout - Imperial / Double,330ml,"€ 14,52 per litre"
Schübel Pressecker Drachenseidla,"€ 2,00",Germany,3.28,Schübel Bräu,4.9%,Kellerbier / Zwickelbier,500ml,"€ 4,00 per litre"
Aardbei Oogst 2021 21/22 Assemblage n° 77,"€ 38,71",Belgium,4.35,Brouwerij 3 Fonteinen,6.5%,Lambic - Fruit,Bottle 750ml,"€ 51,61 per litre"
Druif - Muscaris 21/22 Assemblage n° 23,"€ 28,71",Belgium,4.24,Brouwerij 3 Fonteinen,8.3%,Lambic - Fruit,Bottle 750ml,"€ 38,28 per litre"
Druif - Spätburgunder 21/22 Assemblage n° 22,"€ 28,71",Belgium,4.21,Brouwerij 3 Fonteinen,7.9%,Lambic - Fruit,Bottle 750ml,"€ 38,28 per litre"
Druif - Riesling 21/22 Assemblage n° 50,"€ 28,71",Belgium,4.20,Brouwerij 3 Fonteinen,8.1%,Lambic - Fruit,Bottle 750ml,"€ 38,28 per litre"
Braambes Oogst 2021 21/22 Assemblage n° 16,"€ 33,77",Belgium,4.18,Brouwerij 3 Fonteinen,6.1%,Lambic - Fruit,Bottle 750ml,"€ 45,03 per litre"
Aardbei Oogst 2021 21/22 Assemblage n° 92,"€ 38,71",Belgium,4.12,Brouwerij 3 Fonteinen,6.3%,Lambic - Fruit,Bottle 750ml,"€ 51,61 per litre"
De Cam Mirabel-Lambiek 2021,"€ 15,97",Belgium,3.86,Geuzestekerij De Cam,6%,Lambic - Traditional,Bottle 375ml,"€ 42,59 per litre"
Oude Kriekenlambik 20/21 Assemblage n° 83,"€ 19,97",Belgium,4.16,Brouwerij 3 Fonteinen,7.2%,Lambic - Kriek,Bottle 750ml,"€ 26,63 per litre"
Baden Power Warley Bine Cognac Barrel Aged With Cinnamon + Orange,"€ 6,85",France,3.96,O'Clock Brewing,11.5%,Barleywine - American,330ml,"€ 20,76 per litre"
Barrel Series 014 Whisky BA Barley Wine,"€ 10,85",Sweden,4.09,Nerdbrewing,14.4%,Barleywine - English,330ml,"€ 32,88 per litre"
Tarot D'or,"€ 2,10",Belgium,3.42,Brouwerij Lindemans,8%,Fruit Beer,Bottle 250ml,"€ 8,40 per litre"
Pohjala Laager,"€ 3,37",Estonia,3.37,Põhjala,4.7%,Pilsner - German,Can 440ml,"€ 7,66 per litre"
Rho- Kinetic Blend And Madagascar Vanilla,"€ 28,99",United States,4.25,Equilibrium Brewery,11%,Stout - Imperial / Double Coffee,500ml,"€ 57,98 per litre"
Double Negative,"€ 14,44",United States,4.09,Grimm Artisanal Ales,10%,Stout - Imperial / Double,500ml,"€ 28,88 per litre"
Oerbier Belgian Strong Dark Ale,"€ 5,50",Belgium,3.71,Brouwerij De Dolle Brouwers,9%,Belgian Strong Dark Ale,330ml,"€ 16,67 per litre"
Confluence,"€ 14,00",Portugal,4.06,Ophiussa Brewing Co.,12%,Stout - Imperial / Double Pastry,Bottle 375ml,"€ 37,33 per litre"
Reverence,"€ 14,00",Portugal,4.06,Ophiussa Brewing Co.,10%,Stout - Imperial / Double Pastry,Bottle 375ml,"€ 37,33 per litre"
Rio Reserva,"€ 35,60",Belgium,4.02,De Struise Brouwers/ Rio Brewing & Co.,11%,Belgian Quadrupel,Bottle 750ml,"€ 47,47 per litre"
Pohjala Prenzlauer Berg,"€ 2,79",Estonia,3.58,Põhjala,4.5%,Sour - Fruited Berliner Weisse,Can 330ml,"€ 8,45 per litre"
Triple Berry Pie,"€ 4,49",Sweden,3.78,Brewski,4%,Sour - Fruited Berliner Weisse,330ml,"€ 13,61 per litre"
De Cam Abrikoos Lambic 2021,"€ 21,50",Belgium,4.14,Geuzestekerij De Cam,5%,Lambic - Fruit,Bottle 370ml,"€ 58,11 per litre"
Half Remembered Dream,"€ 13,49",Canada,4.10,Small Pony Barrel Works,5%,Wild Ale - American,Bottle 375ml,"€ 35,97 per litre"
Storm Watch,"€ 13,49",Canada,4.02,Small Pony Barrel Works,6.7%,Wild Ale - American,Bottle 375ml,"€ 35,97 per litre"
As You Wish,"€ 13,49",Canada,4.02,Small Pony Barrel Works,6%,Sour - Flanders Red Ale,Bottle 375ml,"€ 35,97 per litre"
Ritual Madness,"€ 5,99",Canada,3.86,Indie Alehouse,8%,Sour - Flanders Red Ale,Bottle 375ml,"€ 35,97 per litre"
Grendel's Revenge,"€ 12,29",Canada,3.83,Indie Alehouse,8.5%,Sour - Flanders Oud Bruin,Bottle 375ml,"€ 35,97 per litre"
Breakfast Porter,"€ 10,69",Canada,3.79,Indie Alehouse,7.2%,Porter - English,Bottle 375ml,"€ 35,97 per litre"
Oude Geuze Vintage 2019 Assemblage 116,"€ 23,30",Belgium,4.43,Brouwerij 3 Fonteinen,6.8%,Lambic - Gueuze,Bottle 370ml,"€ 62,97 per litre"
Wijnbergperzik 21/22 Assemblage 24,"€ 44,50",Belgium,4.35,Brouwerij 3 Fonteinen,6.5%,Lambic - Fruit,Bottle 750ml,"€ 59,33 per litre"
Perzik Geel 21/22 Assemblage 14,"€ 44,50",Belgium,4.32,Brouwerij 3 Fonteinen,6.7%,Lambic - Fruit,Bottle 750ml,"€ 59,33 per litre"
Platinum Blend 20/21 Assemblage 41,"€ 49,00",Belgium,4.28,Brouwerij 3 Fonteinen,6.9%,Lambic - Gueuze,Bottle 750ml,"€ 65,33 per litre"
Platinum Blend 20/21 Assemblage 42,"€ 24,50",Belgium,4.28,Brouwerij 3 Fonteinen,6.7%,Lambic - Gueuze,Bottle 370ml,"€ 66,22 per litre"
De Cam Perzik Lambic 2022,"€ 43,50",Belgium,4.26,Geuzestekerij De Cam,5.5%,Lambic - Fruit,Bottle 750ml,"€ 58,00 per litre"
De Cam Framboise Lambic 2022,"€ 22,30",Belgium,4.16,Geuzestekerij De Cam,5%,Lambic - Framboise,Bottle 370ml,"€ 60,27 per litre"
De Cam Trosbes Framboise Lambic,"€ 20,90",Belgium,3.97,Geuzestekerij De Cam,5.5%,Lambic - Fruit,Bottle 370ml,"€ 56,49 per litre"
De Cam Oude Kriek,"€ 15,70",Belgium,4.12,Geuzestekerij De Cam,6.5%,Lambic - Kriek,Bottle 370ml,"€ 42,43 per litre"
Hive: Post Brood,"€ 24,80",Australia,4.18,Wildflower Brewing & Blending,7%,Wild Ale - Other,Bottle 750ml,"€ 33,07 per litre"
Imperial Cabinet 2018,"€ 24,17",United States,4.17,Jester King Brewery/ The Bruery Terreux,9.3%,Wild Ale - American,Bottle 750ml,"€ 32,23 per litre"
Barrel Aged Moose Boots,"€ 18,68",United States,4.16,Prairie Artisan Ales,13.4%,Stout - Imperial / Double Pastry,355ml,"€ 52,62 per litre"
The Château,"€ 28,44",United States,4.09,de Garde Brewing,5.5%,Wild Ale - American,Bottle 750ml,"€ 37,92 per litre"
Velvet Rush 2021,"€ 7,37",United States,4.06,Founders Brewing Co.,11.1%,Brown Ale - Imperial / Double,355ml,"€ 20,76 per litre"
Retro Series: Soft DK,"€ 11,72",United States,3.95,Evil Twin Brewing,10.4%,Stout - Imperial / Double,473ml,"€ 24,78 per litre"
Struise Pannepot Vintage 2022,"€ 4,25",Belgium,3.94,De Struise Brouwers,10%,Belgian Strong Dark Ale,330ml,"€ 12,88 per litre"
Siberian Black Magic Panther - VINTAGE 2017,"€ 22,49",United States,4.08,Westbrook Brewing Co.,12%,Stout - Imperial / Double,Bottle 650ml,"€ 34,60 per litre"
Ice Cold Pilsner,"€ 95,80",Denmark,3.34,Mikkeller,4.5%,Pilsner - Italian,24-pack,"Total price: € 95,80"
Ice Cold Pilsner,"€ 50,70",Denmark,3.34,Mikkeller,4.5%,Pilsner - Italian,12-pack,"Total price: € 50,70"
Ice Cold Pilsner,"€ 26,70",Denmark,3.34,Mikkeller,4.5%,Pilsner - Italian,6-pack,"Total price: € 26,70"
Ice Cold Pilsner,"€ 4,70",Denmark,3.34,Mikkeller,4.5%,Pilsner - Italian,330ml,"€ 14,24 per litre"
Days Between (Blend 1 - Amarone),"€ 21,50",Denmark,3.87,Baghaven Brewing and Blending,6%,Wild Ale - Other,Bottle 750ml,"€ 28,67 per litre"
Gift From Demeter - Blend 3,"€ 20,20",Denmark,4.08,Baghaven Brewing and Blending,7.6%,Wild Ale - Other,Bottle 750ml,"€ 26,93 per litre"
De Cam Oude Geuze,"€ 12,60",Belgium,4.05,Geuzestekerij De Cam,6.5%,Lambic - Gueuze,Bottle 370ml,"€ 34,05 per litre"
Saturday (2022),"€ 37,50",United States,4.37,Cycle Brewing Company,12%,Stout - Imperial / Double,Bottle 650ml,"€ 57,69 per litre"
R2 Rare DOS (Aged Over 2 Years) Buffalo Trace,"€ 37,50",United States,4.36,Cycle Brewing Company,13%,Stout - Imperial / Double,Bottle 650ml,"€ 57,69 per litre"
Monday (2022),"€ 37,50",United States,4.36,Cycle Brewing Company,12%,Stout - Imperial / Double Coffee,Bottle 650ml,"€ 57,69 per litre"
8 Year,"€ 39,60",United States,4.33,Cycle Brewing Company,12%,Stout - Imperial / Double,Bottle 650ml,"€ 60,92 per litre"
Friday (2022),"€ 37,50",United States,4.32,Cycle Brewing Company,12%,Stout - Imperial / Double,Bottle 650ml,"€ 57,69 per litre"
Rare DOS,"€ 37,50",United States,4.32,Cycle Brewing Company,10%,Stout - Imperial / Double,Bottle 650ml,"€ 57,69 per litre"
Tuesday (2022),"€ 37,50",United States,4.19,Cycle Brewing Company,12%,Stout - Imperial / Double,Bottle 650ml,"€ 57,69 per litre"
Barrel-Aged Hazelnut Imperial Stout With Cocoa Nibs (2022),"€ 37,50",United States,4.19,Cycle Brewing Company,11.5%,Stout - Imperial / Double,Bottle 650ml,"€ 57,69 per litre"
Year 9 (Yellow Label),"€ 21,50",United States,4.33,Cycle Brewing Company,11.5%,Stout - Imperial / Double Pastry,330ml,"€ 65,15 per litre"
BA SZN (Chocolate Rye),"€ 21,50",United States,4.25,Cycle Brewing Company,12%,Stout - Imperial / Double,330ml,"€ 65,15 per litre"
BA SZN (Coconut and Caramel),"€ 21,50",United States,4.24,Cycle Brewing Company,12%,Stout - Imperial / Double Pastry,330ml,"€ 65,15 per litre"
BA SZN (Peanut Butter and Toasted Marshmallow),"€ 21,50",United States,4.23,Cycle Brewing Company,12%,Stout - Imperial / Double Pastry,330ml,"€ 65,15 per litre"
BA SZN (Pistachio & Vanilla),"€ 21,50",United States,4.14,Cycle Brewing Company,12%,Stout - Imperial / Double Pastry,330ml,"€ 65,15 per litre"
BA SZN (Chocolate Orange),"€ 21,50",United States,4.07,Cycle Brewing Company,12%,Stout - Imperial / Double,330ml,"€ 65,15 per litre"
Camba Chiemsee Hell Helles,"€ 2,59",Germany,3.41,Camba Bavaria,5%,Lager - Helles,Can 440ml,"€ 5,89 per litre"
Camba Amber Ale,"€ 4,29",Scotland,?,St. Andrews Brewing Co,5%,Pale Ale - American,Can 440ml,"€ 9,75 per litre"
Kweepeer Oogst 2021,"€ 18,19",Belgium,4.16,Brouwerij 3 Fonteinen,5.9%,Lambic - Fruit,Bottle 750ml,"€ 24,25 per litre"
Cuvée Mistral,"€ 12,00",France,4.02,Sacrilège,5.3%,Wild Ale - Other,Bottle 750ml,"€ 16,00 per litre"
Stout Of This World Bourbon Barrel Aged Russian Imperial Stout,"€ 6,25",Netherlands,4.11,Jopen,10.1%,Stout - Russian Imperial,330ml,"€ 18,94 per litre"
Devon Scrumpy Still Cider,"€ 5,75",England,3.52,Sandford Orchards,6%,Cider - Traditional / Apfelwein,500ml,"€ 11,50 per litre"
Coolship Chaos with Elderberries,"€ 24,20",United States,3.96,Beachwood Blendery,7.1%,Sour - Other,500ml,"€ 48,40 per litre"
Coolship Chaos with Red Currants,"€ 24,20",United States,3.83,Beachwood Blendery,7%,Sour - Fruited,500ml,"€ 48,40 per litre"
IF I ONLY HAD THE WINGS 2022,"€ 24,90",England,4.27,Pomona Island Brew Co.,12.5%,Stout - Russian Imperial,Bottle 750ml,"€ 33,20 per litre"
Frost Giant,"€ 31,90",Germany,3.88,FrauGruber Brewing,14.2%,Stout - Imperial / Double,500ml,"€ 63,80 per litre"
Kope-Niu Imperial Stout x Y Not Brewing,"€ 8,10",Denmark,3.89,Bad Seed Brewing,11.5%,Stout - Imperial / Double,330ml,"€ 24,55 per litre"
Jessenhofke RSRV,"€ 3,05",Belgium,3.43,Biologische Brouwerij Jessenhofke,10%,Belgian Quadrupel,330ml,"€ 9,24 per litre"
The Grade,"€ 11,49",United States,4.05,Tarantula Hill Brewing Co,9.5%,Stout - Russian Imperial,330ml,"€ 9,24 per litre"
Muifel Dr. Hop IPA,"€ 3,65",Netherlands,3.48,Muifelbrouwerij,6.5%,IPA - Imperial / Double,330ml,"€ 11,06 per litre"
Dom Luis 2022,"€ 21,60",England,4.25,Crossover Blendery,7.2%,Sour - Other,Bottle 750ml,"€ 28,80 per litre"
La Trappe Quadrupel,"€ 6,95",Netherlands,3.91,Bierbrouwerij De Koningshoeven,10%,Belgian Quadrupel,Bottle 750ml,"€ 9,27 per litre"
Roussanne,"€ 24,40",Belgium,4.20,Gueuzerie Tilquin,8%,Lambic - Fruit,Bottle 750ml,"€ 32,53 per litre"
Airelle,"€ 12,30",Belgium,3.97,Gueuzerie Tilquin,6%,Lambic - Fruit,Bottle 375ml,"€ 32,80 per litre"
Airelle,"€ 21,10",Belgium,3.97,Gueuzerie Tilquin,6%,Lambic - Fruit,Bottle 750ml,"€ 28,13 per litre"
Grosse Coupure,"€ 7,90",France,4.07,Brasserie La Malpolon,11.2%,Belgian Strong Dark Ale,Bottle 375ml,"€ 21,07 per litre"
Class V,"€ 8,99",United States,3.93,Kern River Brewing Company,8.5%,Stout - Imperial / Double Oatmeal,Bottle 375ml,"€ 21,07 per litre"
Oude Quetsche,"€ 22,30",Belgium,4.17,Gueuzerie Tilquin,6.4%,Lambic - Fruit,Bottle 750ml,"€ 29,73 per litre"
Mure,"€ 25,10",Belgium,4.14,Gueuzerie Tilquin,6%,Lambic - Fruit,Bottle 750ml,"€ 33,47 per litre"
Oude Gueuze,"€ 16,70",Belgium,4.00,Gueuzerie Tilquin,7%,Lambic - Gueuze,Bottle 750ml,"€ 22,27 per litre"
De Cam (Oude) Gueuze 2021,"€ 9,68",Belgium,4.20,Geuzestekerij De Cam,6.5%,Lambic - Gueuze,Bottle 375ml,"€ 25,81 per litre"
Druif Dornfelder Season 20|21 Blend No.27,"€ 34,95",Belgium,4.23,Brouwerij 3 Fonteinen,7.7%,Lambic - Fruit,Bottle 750ml,"€ 46,60 per litre"
Droef Oaked Aged Grape Ale,"€ 9,95",Netherlands,4.02,Vandenbroek,7.5%,Grape Ale - Italian,Bottle 375ml,"€ 26,53 per litre"
My Continuous Improvement Birthday Cake Imperial Pastry Stout,"€ 8,95",England,3.98,Cloudwater Brew Co.,11%,Stout - Imperial / Double Pastry,Can 440ml,"€ 20,34 per litre"
Watergeus Oaked Aged Sour Ale,"€ 7,15",Netherlands,3.78,Vandenbroek,6.2%,Lambic - Gueuze,Bottle 375ml,"€ 19,07 per litre"
Blind Engineer,"€ 9,95",Estonia,3.62,Sori Brewing,10.2%,Stout - Imperial / Double,330ml,"€ 30,15 per litre"
Memory,"€ 7,80",Poland,4.23,PINTA Barrel Brewing,14%,Stout - Imperial / Double,330ml,"€ 23,64 per litre"
Curiosity,"€ 6,60",Poland,3.83,PINTA Barrel Brewing,4%,Wild Ale - Other,Bottle 375ml,"€ 17,60 per litre"
Coconut Cacao Bourbon Barrel Aged Dark Star (2022) Imperial Stout Aged in Bourbon Barrels,"€ 34,95",United States,4.35,Fremont Brewing,13.5%,Stout - Imperial / Double Oatmeal,Bottle 650ml,"€ 53,77 per litre"
Leto Imperial Pastry Stout,"€ 29,95",United States,4.33,Mortalis Brewing Company,10%,Stout - Imperial / Double Pastry,500ml,"€ 59,90 per litre"
I Wanna Brag About This Cherry Bourbon Barrel Aged Braggot,"€ 24,90",Belgium,4.02,The Blacksmith's Meadery,10%,Mead - Braggot,500ml,"€ 49,80 per litre"
SLUSHY XXL Poison Dino,"€ 8,50",United States,3.97,450 North Brewing Company,5.3%,Sour - Fruited,473ml,"€ 17,97 per litre"
SLUSHY XL Water Turtle,"€ 8,40",United States,3.81,450 North Brewing Company,5.3%,Sour - Smoothie / Pastry,473ml,"€ 17,76 per litre"
CRUNCHMALLOW Cherries N Cream,"€ 8,50",United States,4.22,450 North Brewing Company,5.3%,Sour - Smoothie / Pastry,473ml,"€ 17,97 per litre"
Not My Gumdrop Buttons!,"€ 9,50",United States,3.95,Beer Tree Brew,10.2%,Stout - Imperial / Double Milk,473ml,"€ 20,08 per litre"
Chaos Grid: Ethereal Mound Barrels,"€ 89,99",United States,4.33,Modern Times Beer,13%,Stout - Imperial / Double,473ml,"€ 20,08 per litre"
Cloudwater : Loral And Mosaic Foudre Beer,"€ 12,50",England,3.99,Cloudwater Brew Co.,7.8%,IPA - Brett,Bottle 375ml,"€ 33,33 per litre"
Cloudwater : My Continuous Improvement Birthday Cake,"€ 11,50",England,3.98,Cloudwater Brew Co.,11%,Stout - Imperial / Double Pastry,Can 440ml,"€ 26,14 per litre"
Mexican Cake Imperial Stout,"€ 11,95",United States,4.27,Westbrook Brewing Co.,10.5%,Stout - Imperial / Double,Can 473ml,"€ 25,26 per litre"
Triple,"€ 2,20",Belgium,3.60,Brasserie Lupulus,8.5%,Belgian Tripel,330ml,"€ 6,67 per litre"
Boon / Mikkeller Frederiksdal Oude Kriek Foeder Finish,"€ 9,31",Belgium,3.89,Brouwerij Boon,6.5%,Lambic - Kriek,Bottle 375ml,"€ 24,83 per litre"
Boon / Mikkeller Frederiksdal Oude Kriek Barrel Finish,"€ 9,31",Belgium,3.76,Brouwerij Boon,6.5%,Lambic - Kriek,Bottle 375ml,"€ 24,83 per litre"
Force Majeure Tripel,"€ 2,30",Belgium,3.46,Brouwerij De Ryck,6.5%,Spiced / Herbed Beer,330ml,"€ 6,97 per litre"
Masterbar Cocoa Nibs & Orange Peel,"€ 3,30",Poland,3.96,Browar PINTA,11%,Barleywine - Other,330ml,"€ 10,00 per litre"
Pils Time,"€ 2,10",Poland,3.44,Browar PINTA,5%,Pilsner - Other,500ml,"€ 4,20 per litre"
Pentagram,"€ 12,50",Czech Republic,4.12,Sibeeria,10.5%,Stout - Imperial / Double,500ml,"€ 25,00 per litre"
Black Damnation I: Blackberry Albert 2021,"€ 31,25",Belgium,4.15,De Struise Brouwers,13%,Stout - Russian Imperial,Bottle 750ml,"€ 41,67 per litre"
Black Damnation XXVIII: Van Pouck Stout 2019,"€ 31,25",Belgium,4.11,De Struise Brouwers,13%,Stout - Belgian,Bottle 750ml,"€ 41,67 per litre"
Black Damnation XIX: Maestro 2020,"€ 31,25",Belgium,3.99,De Struise Brouwers,13%,Stout - Belgian,Bottle 750ml,"€ 41,67 per litre"
DNSRT: Of Fire and Earth,"€ 14,15",Belgium,3.92,Brussels Beer Project,6.2%,Sour - Flanders Red Ale,Bottle 750ml,"€ 18,87 per litre"
DNSRT: Metamorphosis,"€ 14,15",Belgium,3.84,Brussels Beer Project,6%,Farmhouse Ale - Saison,Bottle 750ml,"€ 18,87 per litre"
Tsjeesus: Reserva Port,"€ 4,55",Belgium,3.80,De Struise Brouwers,10%,Winter Ale,330ml,"€ 13,79 per litre"
DNSRT: Distant Echoes,"€ 14,15",Belgium,3.62,Brussels Beer Project,7%,IPA - Black / Cascadian Dark Ale,Bottle 750ml,"€ 18,87 per litre"
DNSRT: Plum Saison,"€ 17,00",Belgium,3.46,Brussels Beer Project,5.5%,Porter - English,Bottle 750ml,"€ 22,67 per litre"
"Sandamendi - 37,5cl","€ 7,20",Spain,3.95,Wild Nation,5.3%,Wild Ale - Other,Bottle 375ml,"€ 19,20 per litre"
"Zaldu - 37,5cl","€ 8,50",Spain,3.95,Wild Nation,5.4%,Wild Ale - Other,Bottle 375ml,"€ 22,67 per litre"
"Zubiete - 37,5cl","€ 7,20",Spain,3.90,Wild Nation,5.9%,Wild Ale - Other,Bottle 375ml,"€ 19,20 per litre"
Twerking Turkeys,"€ 7,42",England,3.94,Neon Raptor Brewing Co.,6.5%,Sour - Fruited Gose,Can 440ml,"€ 16,86 per litre"
Clusters,"€ 6,49",England,3.89,Neon Raptor Brewing Co.,5.2%,Stout - Milk / Sweet,Can 440ml,"€ 14,75 per litre"
Tripel Kanunnik,"€ 2,60",Belgium,3.67,Brouwerij Wilderen,8.2%,Belgian Tripel,330ml,"€ 7,88 per litre"
Salta Bananers,"€ 10,25",Netherlands,3.92,Moersleutel Craft Brewery,12%,Stout - Imperial / Double Pastry,Can 440ml,"€ 23,30 per litre"
Imperial Biscotti Break - VINTAGE 2016,"€ 12,74",United States,4.08,Evil Twin Brewing,11.5%,Stout - Imperial / Double,Bottle 650ml,"€ 19,60 per litre"
Bush  Caractere,"€ 3,35",Belgium,3.62,Brasserie Dubuisson,12%,Belgian Strong Golden Ale,330ml,"€ 10,15 per litre"
Adriaen Brouwer Oaked,"€ 2,54",Belgium,3.61,Brouwerij Roman,10%,Belgian Strong Dark Ale,330ml,"€ 7,70 per litre"
Oude Kriek,"€ 8,40",Belgium,3.97,Hanssens Artisanaal,6%,Lambic - Kriek,Bottle 375ml,"€ 22,40 per litre"
10% Triple,"€ 3,70",Belgium,3.80,Abbaye de Maredsous,10%,Belgian Tripel,330ml,"€ 11,21 per litre"
Val-Dieu Grand Cru,"€ 8,20",Belgium,3.78,Brasserie de l'Abbaye du Val-Dieu,10.5%,Belgian Quadrupel,Bottle 750ml,"€ 10,93 per litre"
Delirium Nocturnum,"€ 3,90",Belgium,3.76,Delirium - Huyghe Brewery,8.5%,Belgian Strong Dark Ale,330ml,"€ 11,82 per litre"
Val-Dieu Triple,"€ 7,20",Belgium,3.67,Brasserie de l'Abbaye du Val-Dieu,9%,Belgian Tripel,Bottle 750ml,"€ 9,60 per litre"
8% Brune,"€ 3,30",Belgium,3.61,Abbaye de Maredsous,8%,Belgian Dubbel,330ml,"€ 10,00 per litre"
Delirium Argentum,"€ 4,20",Belgium,3.60,Delirium - Huyghe Brewery,7%,IPA - Belgian,330ml,"€ 12,73 per litre"
St Feuillien Saison,"€ 3,00",Belgium,3.55,Brasserie St-Feuillien,6.5%,Farmhouse Ale - Saison,330ml,"€ 9,09 per litre"
St Feuillien Saison,"€ 4,80",Belgium,3.55,Brasserie St-Feuillien,6.5%,Farmhouse Ale - Saison,Bottle 750ml,"€ 6,40 per litre"
Val-Dieu Cuvee 800,"€ 7,00",Belgium,3.51,Brasserie de l'Abbaye du Val-Dieu,6%,Pale Ale - Belgian,Bottle 750ml,"€ 9,33 per litre"
Val-Dieu Cuvee 800,"€ 3,40",Belgium,3.51,Brasserie de l'Abbaye du Val-Dieu,6%,Pale Ale - Belgian,330ml,"€ 10,30 per litre"
Floreffe Triple,"€ 8,00",Belgium,3.46,Brasserie Lefebvre,8%,Belgian Tripel,Bottle 750ml,"€ 10,67 per litre"
6% Blonde,"€ 3,00",Belgium,3.46,Abbaye de Maredsous,6%,Belgian Dubbel,330ml,"€ 9,09 per litre"
Oude Kriek,"€ 4,80",Belgium,3.43,Brouwerij Mort Subite,6.5%,Lambic - Kriek,Bottle 375ml,"€ 12,80 per litre"
Satan Gold,"€ 3,20",Belgium,3.42,Brouwerij De Block,8%,Belgian Strong Golden Ale,330ml,"€ 9,70 per litre"
Satan Red,"€ 3,20",Belgium,3.37,Brouwerij De Block,8%,Red Ale - Other,330ml,"€ 9,70 per litre"
Oude Gueuze,"€ 4,60",Belgium,3.34,Brouwerij Mort Subite,7%,Lambic - Gueuze,Bottle 375ml,"€ 12,27 per litre"
Kriek,"€ 5,40",Scotland,3.36,SixºNorth,6%,Fruit Beer,Can 440ml,"€ 12,27 per litre"
Côtes du Ringön,"€ 21,49",Sweden,3.81,Stigbergets Bryggeri,6%,Wild Ale - Other,Bottle 370ml,"€ 58,08 per litre"
Dry Irish Craft Cider,"€ 5,25",Ireland,3.73,Nohoval Drinks Company Ltd,5.5%,Cider - Sweet,500ml,"€ 10,50 per litre"
Ad Hop Dry Cider,"€ 3,85",Netherlands,3.16,Doggerland Craft Cider,6.5%,Cider - Herbed / Spiced / Hopped,330ml,"€ 11,67 per litre"
Wolfgang,"€ 12,90",United States,4.11,Celestial Beerworks,10%,Stout - Imperial / Double,473ml,"€ 27,27 per litre"
SLUSHY XXL Poison Dino,"€ 11,70",United States,3.97,450 North Brewing Company,5.3%,Sour - Fruited,473ml,"€ 24,74 per litre"
SLUSHY XXL Sleeping Giant,"€ 11,20",United States,3.96,450 North Brewing Company,5.3%,Sour - Smoothie / Pastry,473ml,"€ 23,68 per litre"
SLUSHY XXL Flaming Lizard,"€ 12,00",United States,3.96,450 North Brewing Company,5.3%,Sour - Fruited,473ml,"€ 25,37 per litre"
SLUSHY XXL Persian Cat,"€ 12,00",United States,3.89,450 North Brewing Company,5.3%,Sour - Fruited,473ml,"€ 25,37 per litre"
SLUSHY XL Ninja Mantis,"€ 11,70",United States,3.84,450 North Brewing Company,5.3%,Sour - Fruited,473ml,"€ 24,74 per litre"
SLUSHY XL Electric Squirrel,"€ 11,70",United States,3.62,450 North Brewing Company,5.3%,Sour - Smoothie / Pastry,473ml,"€ 24,74 per litre"
De Moersleutel / Badin Salta Bananers,"€ 10,60",Netherlands,3.92,Moersleutel Craft Brewery,12%,Stout - Imperial / Double Pastry,Can 440ml,"€ 24,09 per litre"
Mahrs Pils,"€ 2,10",Germany,3.48,Mahr's Bräu,4.9%,Pilsner - German,500ml,"€ 4,20 per litre"
Mainseidla Pils,"€ 2,00",Germany,3.29,Brauhaus Binkert,5.1%,Pilsner - German,500ml,"€ 4,00 per litre"
De Moersleutel Macaroon Machine,"€ 5,50",Netherlands,3.91,Moersleutel Craft Brewery,10%,Stout - Imperial / Double Pastry,Can 440ml,"€ 12,50 per litre"
If I Could Turn Back Time,"€ 16,95",England,4.14,Pomona Island Brew Co.,12.5%,Stout - Russian Imperial,Bottle 750ml,"€ 22,60 per litre"
Frankofil For Two,"€ 32,20",Denmark,3.50,Æblerov,5.9%,Cider - Traditional / Apfelwein,Bottle 750ml,"€ 42,93 per litre"
Brokilde Blonde Organic,"€ 6,80",Denmark,3.38,To Øl,6%,Blonde / Golden Ale - Other,Bottle 750ml,"€ 9,07 per litre"
Druif / Kriek - Dornfelder 21/22 Assemblage n°28,"€ 28,71",Belgium,4.33,Brouwerij 3 Fonteinen,6.7%,Lambic - Fruit,Bottle 750ml,"€ 38,28 per litre"
Kweepeer 21/22 Assemblage n° 51,"€ 26,71",Belgium,4.12,Brouwerij 3 Fonteinen,5.9%,Lambic - Fruit,Bottle 750ml,"€ 35,61 per litre"
Oude Kriek Intens Rood 20/21 Assemblage n° 78,"€ 15,97",Belgium,4.11,Brouwerij 3 Fonteinen,6.8%,Lambic - Kriek,Bottle 375ml,"€ 42,59 per litre"
Cuvée Clarisse,"€ 2,79",Belgium,3.60,Brouwerij Wilderen,9.2%,Belgian Strong Dark Ale,330ml,"€ 8,45 per litre"
Moesjke Tripple (T.H.T.: 30/06/2024),"€ 3,13",Belgium,3.44,Bierfirma Ultima,8.5%,Belgian Tripel,330ml,"€ 9,48 per litre"
Vanilla & Coffee Bean Bourbon Barrel Dark Apparition (2021),"€ 19,90",United States,4.36,Jackie O's Brewery,13.8%,Stout - Russian Imperial,Bottle 375ml,"€ 53,07 per litre"
Old King Clancy 2022,"€ 6,64",Hungary,3.97,Mad Scientist,10.5%,Barleywine - Other,330ml,"€ 20,12 per litre"
Oude Geuze De Cam,"€ 15,90",Belgium,4.05,Geuzestekerij De Cam,6%,Lambic - Gueuze,Bottle 375ml,"€ 42,40 per litre"
See Delight (Cabernet Franc) / Angry Orchard,"€ 36,99",United States,4.09,Crooked Stave Artisan Beer Project,6.5%,Cider - Graff,Bottle 375ml,"€ 42,40 per litre"
Stay the Funk In,"€ 27,29",United States,4.06,Crooked Stave Artisan Beer Project,6.3%,Lambic - Traditional,Bottle 750ml,"€ 36,39 per litre"
Cuvée Armand & Gaston Langste Kook 21/22 Assemblage n°42,"€ 27,31",Belgium,4.21,Brouwerij 3 Fonteinen,7.4%,Lambic - Gueuze,Bottle 750ml,"€ 36,41 per litre"
Frederiksdal: Oude kriek - 5 months,"€ 15,20",Belgium,4.00,Brouwerij Boon/ Mikkeller,6.5%,Lambic - Gueuze,Bottle 375ml,"€ 40,53 per litre"
Frederiksdal: Oude kriek - 7 months,"€ 15,20",Belgium,4.00,Brouwerij Boon/ Mikkeller,6.5%,Lambic - Gueuze,Bottle 375ml,"€ 40,53 per litre"
Spontan Nelson,"€ 33,20",Denmark,3.90,Mikkeller,7.3%,Wild Ale - Other,Bottle 750ml,"€ 44,27 per litre"
Blanca,"€ 30,20",Denmark,3.81,Baghaven Brewing and Blending,9.8%,Wild Ale - Other,Bottle 750ml,"€ 40,27 per litre"
H.C. Andersen,"€ 7,20",Denmark,3.38,Mikkeller,10.5%,Wild Ale - Other,330ml,"€ 21,82 per litre"
Intens Rood (season 19|20) Blend No. 77,"€ 15,40",Belgium,4.28,Brouwerij 3 Fonteinen,6.8%,Lambic - Kriek,Bottle 375ml,"€ 41,07 per litre"
Mirabel-Lambiek,"€ 15,60",Belgium,4.16,Geuzestekerij De Cam,6%,Lambic - Fruit,Bottle 375ml,"€ 41,60 per litre"
King of Darkness / Side Project,"€ 149,99",United States,4.31,Anchorage Brewing Company,16%,Stout - Imperial / Double,Bottle 375ml,"€ 399,97 per litre"
Weird Era - 75cl,"€ 33,50",United States,4.06,Perennial Artisan Ales,5.1%,Lambic - Gueuze,Bottle 750ml,"€ 44,67 per litre"
Aardig Geitje,"€ 9,99",Netherlands,3.34,Geef Bier Cadeau,7%,Belgian Blonde,Bottle 750ml,"€ 13,32 per litre"
Voor De Liefste Papa,"€ 9,99",Netherlands,3.34,Geef Bier Cadeau,7%,Belgian Blonde,Bottle 750ml,"€ 13,32 per litre"
Enum Imperial Carrot Cake Stout,"€ 8,90",Sweden,3.95,Nerdbrewing,15.1%,Stout - Imperial / Double Milk,330ml,"€ 26,97 per litre"
SigPhi Blackcurrant / Zwarte Bes,"€ 4,80",Belgium,3.84,Brouwerij Alvinne,8%,Sour - Fruited,330ml,"€ 14,55 per litre"
La Trappe Isid'or,"€ 2,40",Netherlands,3.75,Bierbrouwerij De Koningshoeven,7.5%,Belgian Strong Golden Ale,330ml,"€ 7,27 per litre"
Gouden Carolus Classic,"€ 2,30",Belgium,3.73,Brouwerij Het Anker,8.5%,Belgian Strong Dark Ale,330ml,"€ 6,97 per litre"
Omega,"€ 2,40",Belgium,3.66,Brouwerij Alvinne,6%,Sour - Other,330ml,"€ 7,27 per litre"
La Trappe Dubbel,"€ 2,10",Netherlands,3.63,Bierbrouwerij De Koningshoeven,7%,Belgian Dubbel,330ml,"€ 6,36 per litre"
Gouden Carolus Hopsinjoor,"€ 2,20",Belgium,3.59,Brouwerij Het Anker,8%,IPA - Belgian,330ml,"€ 6,67 per litre"
Rosse Pitte,"€ 2,10",Belgium,3.25,Pater Pitte,5.9%,IPA - Belgian,330ml,"€ 6,67 per litre"
Midnight Snack (Rocky Road),"€ 12,90",United States,4.19,Abomination Brewing Company,14%,Stout - Imperial / Double Pastry,473ml,"€ 27,27 per litre"
Barrel-Aged B.O.R.I.S. Oatmeal Imperial Stout,"€ 12,50",United States,4.18,Hoppin' Frog Brewery,9.4%,Stout - Imperial / Double Oatmeal,473ml,"€ 26,43 per litre"
Imperial Mexican Biscotti Cake Break,"€ 17,50",United States,4.17,Evil Twin Brewing/ Westbrook Brewing Co.,10.5%,Stout - Imperial / Double Pastry,Bottle 650ml,"€ 26,92 per litre"
PIÑA COLADA SHERBET,"€ 8,80",United States,3.97,Evil Twin Brewing NYC,7.5%,IPA - Milkshake,473ml,"€ 18,60 per litre"
Sleep No More,"€ 7,20",Romania,3.92,Blackout Brewing,11%,Stout - Imperial / Double Coffee,330ml,"€ 21,82 per litre"
Thicc Hydra,"€ 10,30",United States,3.89,Claim 52/ Mortalis Brewing Company,7%,Sour - Smoothie / Pastry,473ml,"€ 21,78 per litre"
Speedway Stout Madagascar Vanilla & Ceylon Alba Cinnamon,"€ 8,90",United States,3.89,AleSmith Brewing Company,12%,Stout - Imperial / Double Coffee,473ml,"€ 18,82 per litre"
Double Gatekeeper,"€ 7,37",England,3.79,Buxton Brewery,8.2%,Porter - Imperial / Double,Can 440ml,"€ 16,75 per litre"
Salvio,"€ 15,75",England,3.97,Buxton Brewery,15.3%,Stout - Imperial / Double,330ml,"€ 47,73 per litre"
Held Zwickl,"€ 1,90",Germany,3.55,Held Bräu,4.9%,Kellerbier / Zwickelbier,500ml,"€ 3,80 per litre"
Heeren Van Swieten Blond,"€ 3,15",Netherlands,3.42,Brouwerij De 12 Stuyvers,6%,Belgian Blonde,330ml,"€ 9,55 per litre"
Aint Got No Cow,"€ 10,30",Germany,3.86,Sudden Death Brewing Co.,10%,Stout - Russian Imperial,Can 440ml,"€ 23,41 per litre"
Holy Cow,"€ 10,30",Germany,3.85,Sudden Death Brewing Co.,10%,Stout - Imperial / Double Milk,Can 440ml,"€ 23,41 per litre"
Black Block Palo Cortado 2021,"€ 6,35",Spain,3.85,La Pirata Brewing,13%,Stout - Imperial / Double,330ml,"€ 19,24 per litre"
Bourbon Saffron Barrel Aged Imperial Stout,"€ 10,99",Sweden,3.97,Dugges Bryggeri,13%,Stout - Imperial / Double,330ml,"€ 33,30 per litre"
Cuppa Craft,"€ 5,55",Netherlands,3.93,Moersleutel Craft Brewery,11%,Stout - Imperial / Double,Can 440ml,"€ 12,61 per litre"
Logger Life,"€ 22,50",United States,4.04,FiftyFifty Brewing Co.,11.3%,Barleywine - Other,500ml,"€ 45,00 per litre"
Fall Down,"€ 12,90",United States,4.01,Fifth Frame Brewing Co.,7%,IPA - New England / Hazy,473ml,"€ 27,27 per litre"
Leupser Pils,"€ 2,10",Germany,3.44,Brauerei Gradl,4.9%,Pilsner - Other,500ml,"€ 4,20 per litre"
Abrikozen,"€ 19,75",Belgium,3.82,Brouwerij Kestemont,5.5%,Lambic - Fruit,Bottle 750ml,"€ 26,33 per litre"
Zwarte Bes,"€ 13,65",Belgium,3.81,Brouwerij Kestemont,5.5%,Lambic - Fruit,Bottle 750ml,"€ 18,20 per litre"
Oude Kriek met Schaarbeekse Krieken,"€ 19,00",Belgium,3.79,Brouwerij Kestemont,5.5%,Lambic - Kriek,Bottle 750ml,"€ 25,33 per litre"
Oude Kriek met Schaarbeekse Krieken,"€ 11,25",Belgium,3.79,Brouwerij Kestemont,5.5%,Lambic - Kriek,Bottle 375ml,"€ 30,00 per litre"
Oude Kriek,"€ 14,75",Belgium,3.78,Brouwerij Kestemont,5.5%,Lambic - Kriek,Bottle 750ml,"€ 19,67 per litre"
The Armagandias,"€ 33,29",United States,4.11,de Garde Brewing,5.5%,Wild Ale - American,Bottle 750ml,"€ 44,39 per litre"
The Château,"€ 33,29",United States,4.09,de Garde Brewing,5.5%,Wild Ale - American,Bottle 750ml,"€ 44,39 per litre"
De Koninck Oude Kriek,"€ 9,20",Belgium,3.74,Brouwerij Boon,5.2%,Lambic - Kriek,Bottle 370ml,"€ 24,86 per litre"
Oude Geuze,"€ 6,50",Belgium,3.68,Brouwerij De Troch,5.5%,Lambic - Gueuze,Bottle 370ml,"€ 17,57 per litre"
Oude Kriek - 19/20 - Nr.46,"€ 18,15",Belgium,4.29,Brouwerij 3 Fonteinen,6.5%,Lambic - Kriek,Bottle 750ml,"€ 24,20 per litre"
Oude Kriek - Intens Rood - 19/20 - Nr.77,"€ 12,70",Belgium,4.28,Brouwerij 3 Fonteinen,6.8%,Lambic - Kriek,Bottle 375ml,"€ 33,87 per litre"
Barrel Selection - 2021 - Demi-Muids,"€ 9,70",Belgium,4.06,Oud Beersel,6.5%,Lambic - Gueuze,Bottle 375ml,"€ 25,87 per litre"
Oude Geuze Vieille: Vandervelden 140,"€ 9,70",Belgium,4.04,Oud Beersel,6.5%,Lambic - Gueuze,Bottle 375ml,"€ 25,87 per litre"
Bzart Lambiek Millésime 2018,"€ 24,80",Belgium,3.98,Oud Beersel,7%,Lambic - Traditional,Bottle 750ml,"€ 33,07 per litre"
Saint Lamvinus (2020),"€ 39,95",Belgium,4.40,Brasserie Cantillon,7%,Lambic - Fruit,Bottle 750ml,"€ 53,27 per litre"
Westmalle Trappist Tripel,"€ 2,00",Belgium,3.81,Brouwerij der Trappisten van Westmalle,6%,Belgian Tripel,330ml,"€ 6,06 per litre"
Hete Klinke,"€ 2,20",Belgium,3.37,Klootzakske,6.9%,Belgian Blonde,330ml,"€ 6,67 per litre"
Oh la la la Barrel Aged Dry Cider,"€ 8,95",Belgium,3.64,De Mederie - Ciders,8%,Cider - Other Fruit,Bottle 375ml,"€ 23,87 per litre"
Cider Non Alcoholic,"€ 2,20",France,3.20,Galipette Cidre,8%,Non-Alcoholic - Cider / Perry,330ml,"€ 6,67 per litre"
R.Ipa,"€ 3,51",Belgium,3.13,Microbrouwerij De Rechter,7%,Blonde / Golden Ale - Other,330ml,"€ 10,64 per litre"
Kriek Mariage Parfait,"€ 8,00",Belgium,3.83,Brouwerij Boon,8%,Lambic - Kriek,Bottle 375ml,"€ 21,33 per litre"
Schaarbeekse Kriek,"€ 6,70",Belgium,3.82,Brouwerij Boon,6.5%,Lambic - Kriek,Bottle 375ml,"€ 17,87 per litre"
Gueuze Mariage Parfait,"€ 6,20",Belgium,3.79,Brouwerij Boon,8%,Lambic - Gueuze,Bottle 375ml,"€ 16,53 per litre"
Delirium Nocturnum,"€ 9,80",Belgium,3.76,Delirium - Huyghe Brewery,8.5%,Belgian Strong Dark Ale,Bottle 750ml,"€ 13,07 per litre"
Oude Kriek,"€ 7,00",Belgium,3.65,Brouwerij Boon,6.5%,Lambic - Kriek,Bottle 375ml,"€ 18,67 per litre"
Doree,"€ 6,10",Belgium,3.55,Bières de Chimay,4.8%,Belgian Enkel / Patersbier,Bottle 750ml,"€ 8,13 per litre"
Framboise,"€ 6,30",Belgium,3.54,Brouwerij Boon,5%,Lambic - Framboise,Bottle 375ml,"€ 16,80 per litre"
Kriek,"€ 7,70",Belgium,3.53,Brouwerij Boon,4%,Lambic - Kriek,Bottle 750ml,"€ 10,27 per litre"
Balcones Edition 2023  Barrel Aged Imperial Stout,"€ 6,75",Netherlands,4.02,Brouwerij de Molen,11.4%,Stout - Imperial / Double,330ml,"€ 20,45 per litre"
Three Demons Tripel,"€ 3,35",Netherlands,3.56,Happy Demons Craft Beer,10%,Belgian Tripel,Can 330ml,"€ 10,15 per litre"
Orval Brettanomyces blond,"€ 3,05",Belgium,3.68,Brasserie d'Orval,6.2%,Pale Ale - Belgian,330ml,"€ 9,24 per litre"
Dubbel Bruin Alcoholvrij,"€ 2,25",Belgium,3.54,Abbaye de Leffe,6.5%,Brown Ale - Belgian,330ml,"€ 6,82 per litre"
BIO Natur Radler,"€ 2,29",Germany,3.44,Finne Brauerei,5.2%,Wheat Beer - Hefeweizen,330ml,"€ 6,94 per litre"
Mont Des Cats,"€ 3,86",France,3.53,Abbaye du Mont des Cats,7.6%,Belgian Strong Golden Ale,330ml,"€ 11,70 per litre"
Prion des Fleurs,"€ 2,30",Belgium,3.47,Brouwerij Kompel,8%,Honey Beer,330ml,"€ 6,97 per litre"
Oude Geuze Platinum Blend Honing (season 20|21) Blend No. 40,"€ 28,45",Belgium,4.29,Brouwerij 3 Fonteinen,6.4%,Lambic - Gueuze,Bottle 750ml,"€ 37,93 per litre"
Wheat From Desire Oloroso & Rum BA,"€ 7,25",Netherlands,3.97,Jopen,12%,Wheat Beer - Wheat Wine,330ml,"€ 21,97 per litre"
Wheat From Desire Tomintoul Whisky BA,"€ 7,25",Netherlands,3.95,Jopen,11.5%,Wheat Beer - Wheat Wine,330ml,"€ 21,97 per litre"
Wheat From Desire Whiskey Bourbon Blend BA,"€ 7,25",Netherlands,3.93,Jopen,11.5%,Wheat Beer - Wheat Wine,330ml,"€ 21,97 per litre"
Gouden Carolus Cuvée Van De Keizer Imperial Blond,"€ 8,75",Belgium,3.92,Brouwerij Het Anker,10%,Belgian Strong Golden Ale,Bottle 750ml,"€ 11,67 per litre"
Woest,"€ 3,50",Netherlands,3.76,Dutch Bargain,10%,Stout - Imperial / Double,330ml,"€ 10,61 per litre"
Pacific Haze,"€ 3,05",Netherlands,3.67,Dutch Bargain,6.5%,IPA - New England / Hazy,330ml,"€ 9,24 per litre"
Coastal IPA,"€ 3,00",Netherlands,3.53,Dutch Bargain,5.8%,IPA - American,330ml,"€ 9,09 per litre"
Zuidwester,"€ 3,00",Netherlands,3.48,Dutch Bargain,8.5%,Belgian Tripel,330ml,"€ 9,09 per litre"
Zeeuws Blond,"€ 3,00",Netherlands,3.45,Dutch Bargain,6.7%,Blonde / Golden Ale - Other,330ml,"€ 9,09 per litre"
Designated Dryver,"€ 2,75",Netherlands,3.15,Dutch Bargain,0.3%,Non-Alcoholic - Other,330ml,"€ 8,33 per litre"
Rackhouse Off The Rack Australian dark rum,"€ 21,80",Norway,4.47,LERVIG,13.2%,Stout - Imperial / Double,Bottle 375ml,"€ 58,13 per litre"
Oude Pinot Gris à l'ancienne 2020,"€ 25,50",Belgium,4.30,Gueuzerie Tilquin,8.5%,Lambic - Fruit,Bottle 750ml,"€ 34,00 per litre"
Bomb !,"€ 11,80",United States,4.29,Prairie Artisan Ales,13%,Stout - Imperial / Double Coffee,355ml,"€ 33,24 per litre"
Pruim Vroege Tolse 2021,"€ 27,50",Belgium,4.27,Brouwerij 3 Fonteinen,6.8%,Lambic - Fruit,Bottle 750ml,"€ 36,67 per litre"
Tom Thumb,"€ 15,80",France,4.27,Hoppy Road,5.2%,Sour - Other Gose,Bottle 750ml,"€ 21,07 per litre"
Fruit Stand Peach,"€ 38,00",United States,4.27,Casey Brewing & Blending,5.5%,Farmhouse Ale - Saison,Bottle 750ml,"€ 50,67 per litre"
Hawaiian Speedway Stout,"€ 47,00",United States,4.25,AleSmith Brewing Company,12%,Stout - Imperial / Double Coffee,Bottle 750ml,"€ 62,67 per litre"
Prune,"€ 22,00",Switzerland,4.25,À tue-tête,5.6%,Sour - Fruited,Bottle 750ml,"€ 29,33 per litre"
El Cuatro,"€ 19,60",United States,4.24,The Ale Apothecary,10.55%,Wild Ale - American,Bottle 375ml,"€ 52,27 per litre"
Beer with Jeff 2018,"€ 23,00",United States,4.23,Jester King Brewery/ La Sirène Brewing,7.2%,Wild Ale - American,Bottle 750ml,"€ 30,67 per litre"
Vendange Blanche,"€ 22,00",Switzerland,4.22,Trois Dames/ À tue-tête,8%,Sour - Fruited,Bottle 750ml,"€ 29,33 per litre"
Druif Spätburgunder 2022,"€ 35,00",Belgium,4.21,Brouwerij 3 Fonteinen,7.9%,Lambic - Fruit,Bottle 750ml,"€ 46,67 per litre"
Funky Blender Cherry,"€ 31,90",United States,4.21,Casey Brewing & Blending,7%,Wild Ale - American,Bottle 750ml,"€ 42,53 per litre"
Oude Mirabelle à l'ancienne 2021,"€ 26,00",Belgium,4.21,Gueuzerie Tilquin,7%,Lambic - Fruit,Bottle 750ml,"€ 34,67 per litre"
Les Ronces,"€ 32,00",United States,4.20,The Bruery Terreux,6%,Wild Ale - American,Bottle 750ml,"€ 42,67 per litre"
Druif Riesling 2022,"€ 31,00",Belgium,4.20,Brouwerij 3 Fonteinen,8.1%,Lambic - Fruit,Bottle 750ml,"€ 41,33 per litre"
Cassis,"€ 20,50",France,4.20,Popihn Sauvages,6%,Wild Ale - Other,Bottle 750ml,"€ 27,33 per litre"
Persica,"€ 15,80",United States,4.20,Crooked Stave Artisan Beer Project,6%,Wild Ale - American,Bottle 375ml,"€ 42,13 per litre"
Oude Riesling à l'ancienne 2021,"€ 26,00",Belgium,4.20,Gueuzerie Tilquin,8.1%,Lambic - Fruit,Bottle 750ml,"€ 34,67 per litre"
Field Spirits,"€ 19,60",United States,4.19,The Ale Apothecary,8%,Wild Ale - American,Bottle 375ml,"€ 52,27 per litre"
Rackhouse Ambience,"€ 20,70",Norway,4.18,LERVIG,6%,Wild Ale - Other,Bottle 750ml,"€ 27,60 per litre"
Collaboration Outland,"€ 20,50",France,4.18,Popihn Sauvages,6.3%,Wild Ale - Other,Bottle 750ml,"€ 27,33 per litre"
Oude Quetsche à l'ancienne 2021,"€ 12,50",Belgium,4.17,Gueuzerie Tilquin,6.4%,Lambic - Fruit,Bottle 375ml,"€ 33,33 per litre"
Imperial cabinet,"€ 24,00",United States,4.17,Jester King Brewery/ The Bruery Terreux,9.3%,Wild Ale - American,Bottle 750ml,"€ 32,00 per litre"
Moose boots BA,"€ 19,00",United States,4.16,Prairie Artisan Ales,13.4%,Stout - Imperial / Double Pastry,355ml,"€ 53,52 per litre"
Assemblage 8 (abricot),"€ 20,50",France,4.16,Popihn Sauvages,8.5%,Wild Ale - Other,Bottle 750ml,"€ 27,33 per litre"
Sauvignon Gris 2022,"€ 14,50",France,4.16,Brasserie Bouquier,4.7%,Grape Ale - Italian,Bottle 750ml,"€ 19,33 per litre"
Framboise Vlier 2019,"€ 19,80",Belgium,4.15,Geuzestekerij De Cam,6%,Lambic - Fruit,Bottle 375ml,"€ 52,80 per litre"
Oude Pinot Meunier à l'ancienne 2021,"€ 28,70",Belgium,4.15,Gueuzerie Tilquin,7.9%,Lambic - Fruit,Bottle 750ml,"€ 38,27 per litre"
Funky Blender Grape,"€ 38,00",United States,4.15,Casey Brewing & Blending,7%,Farmhouse Ale - Saison,Bottle 750ml,"€ 50,67 per litre"
Wild Sinister Kid Sherry,"€ 32,00",United States,4.15,Trillium Brewing Company,11%,Wild Ale - American,Bottle 750ml,"€ 42,67 per litre"
Druif Muscaris 2021,"€ 32,50",Belgium,4.15,Brouwerij 3 Fonteinen,9%,Lambic - Fruit,Bottle 750ml,"€ 43,33 per litre"
The Bramble,"€ 28,00",United States,4.14,The Bruery Terreux,8.7%,Wild Ale - American,Bottle 750ml,"€ 37,33 per litre"
Nectarine Lambiek,"€ 17,50",Belgium,4.14,Geuzestekerij De Cam,6%,Lambic - Fruit,Bottle 375ml,"€ 46,67 per litre"
Oude Mûre à l'ancienne 2020,"€ 24,00",Belgium,4.14,Gueuzerie Tilquin,6%,Lambic - Fruit,Bottle 750ml,"€ 32,00 per litre"
Femme Fanale,"€ 20,50",Czech Republic,4.14,Wild Creatures,7.6%,Wild Ale - Other,Bottle 750ml,"€ 27,33 per litre"
Cuvée 2019,"€ 21,80",Czech Republic,4.13,Wild Creatures,6.7%,Lambic - Fruit,Bottle 750ml,"€ 29,07 per litre"
Assemblage 12,"€ 20,50",France,4.13,Popihn Sauvages,7%,Wild Ale - Other,Bottle 750ml,"€ 27,33 per litre"
Sans pagaie,"€ 24,80",United States,4.13,The Bruery,5.5%,Wild Ale - American,Bottle 750ml,"€ 33,07 per litre"
Rose of Portugal,"€ 24,00",Czech Republic,4.13,Wild Creatures,6.7%,Lambic - Fruit,Bottle 750ml,"€ 32,00 per litre"
Mama bear's sour cherry pie grand cru,"€ 23,30",United States,4.12,Crooked Stave Artisan Beer Project,6.2%,Sour - Fruited,Bottle 750ml,"€ 31,07 per litre"
Fuzzy navel,"€ 17,50",United States,4.12,Crooked Stave Artisan Beer Project,7.5%,Sour - Fruited,Bottle 375ml,"€ 46,67 per litre"
Fonkel,"€ 22,00",Netherlands,4.12,Nevel Wild Ales,6.4%,Wild Ale - Other,Bottle 750ml,"€ 29,33 per litre"
Keeping Memories,"€ 15,90",United States,4.11,Equilibrium Brewery/ Keeping Together,6%,Farmhouse Ale - Other,Bottle 375ml,"€ 42,40 per litre"
Goschie Farms,"€ 18,50",United States,4.11,The Ale Apothecary,6.83%,Wild Ale - American,Bottle 375ml,"€ 49,33 per litre"
Oude Sureau à l'ancienne 2021,"€ 13,50",Belgium,4.10,Gueuzerie Tilquin,6.6%,Lambic - Fruit,Bottle 375ml,"€ 36,00 per litre"
Pêche Abricot,"€ 22,00",Switzerland,4.10,À tue-tête,6.5%,Sour - Fruited,Bottle 750ml,"€ 29,33 per litre"
Fated Farmer Cranberry,"€ 24,00",United States,4.10,Trillium Brewing Company,6.9%,Wild Ale - American,Bottle 750ml,"€ 32,00 per litre"
Vendange Rouge,"€ 23,00",Switzerland,4.09,À tue-tête,7.2%,Sour - Fruited,Bottle 750ml,"€ 30,67 per litre"
Malus Domestica Lambicus 2018,"€ 29,00",Belgium,4.09,Geuzestekerij De Cam,7%,Lambic - Fruit,Bottle 750ml,"€ 38,67 per litre"
Assemblage 5,"€ 20,50",France,4.09,Popihn Sauvages,6%,Wild Ale - Other,Bottle 750ml,"€ 27,33 per litre"
Mondeuse et Cetera,"€ 14,70",France,4.08,La Brasserie du Mont Salève,4.2%,Sour - Fruited,Bottle 750ml,"€ 19,60 per litre"
Bière acide à la rhubarbe,"€ 11,00",France,4.08,La Franche,7%,Sour - Fruited Berliner Weisse,Bottle 375ml,"€ 29,33 per litre"
Assemblage 13,"€ 20,50",France,4.07,Popihn Sauvages,6.7%,Wild Ale - Other,Bottle 750ml,"€ 27,33 per litre"
Saison de Pêche,"€ 21,50",England,4.07,Burning Sky Brewery,6.3%,Farmhouse Ale - Saison,Bottle 750ml,"€ 28,67 per litre"
The Stoner,"€ 19,50",Belgium,4.06,DUST Blending,6.3%,Farmhouse Ale - Saison,Bottle 750ml,"€ 26,00 per litre"
Oude Geuze 2020,"€ 8,00",Belgium,4.06,Brouwerij 3 Fonteinen,5.5%,Lambic - Gueuze,Bottle 375ml,"€ 21,33 per litre"
Griffon Bruxellois,"€ 24,00",United States,4.05,The Bruery Terreux,5.5%,Sour - Flanders Oud Bruin,Bottle 750ml,"€ 32,00 per litre"
Fleurs de sureau,"€ 22,00",Switzerland,4.05,À tue-tête,6.1%,Sour - Other,Bottle 750ml,"€ 29,33 per litre"
Assemblage 11,"€ 20,50",France,4.05,Popihn Sauvages,7%,Wild Ale - Other,Bottle 750ml,"€ 27,33 per litre"
Merci Michel !,"€ 22,00",Belgium,4.05,DUST Blending,8.3%,Farmhouse Ale - Saison,Bottle 750ml,"€ 29,33 per litre"
Gourgas Pomace,"€ 13,90",France,4.04,Brasserie La Malpolon,6%,Wild Ale - Other,Bottle 750ml,"€ 18,53 per litre"
Speedway Stout Madagascar Vanilla,"€ 8,20",United States,4.04,AleSmith Brewing Company,12%,Stout - Imperial / Double,473ml,"€ 17,34 per litre"
Meerts Tilquin au Cassis 2021,"€ 7,50",Belgium,4.03,Gueuzerie Tilquin,5.6%,Lambic - Fruit,Bottle 375ml,"€ 20,00 per litre"
Le Morris Riesling,"€ 22,00",Belgium,4.03,DUST Blending,8.7%,Farmhouse Ale - Saison,Bottle 750ml,"€ 29,33 per litre"
Cassis Prunelle 2021,"€ 15,50",France,4.02,La Varette,5.5%,Wild Ale - Other,Bottle 750ml,"€ 20,67 per litre"
Blend 5.2,"€ 21,50",England,4.02,DEYA Brewing Company/ Little Pomona,6.7%,Wild Ale - Other,Bottle 750ml,"€ 28,67 per litre"
Carignan 2022,"€ 11,50",France,4.02,Sacrilège,7%,Grape Ale - Other,Bottle 750ml,"€ 15,33 per litre"
Skin Contact,"€ 12,00",Spain,4.00,Cyclic Beer Farm,6.8%,Grape Ale - Other,Bottle 750ml,"€ 16,00 per litre"
Oude Gueuze à l'ancienne 2021,"€ 9,40",Belgium,4.00,Gueuzerie Tilquin,7%,Lambic - Gueuze,Bottle 375ml,"€ 25,07 per litre"
Viti Vini Vici #9,"€ 23,00",Canada,4.00,Brasserie Dunham,5.5%,Farmhouse Ale - Saison,Bottle 750ml,"€ 30,67 per litre"
Funk Ecarlate,"€ 17,90",Canada,4.00,Brasserie Dunham,6%,Farmhouse Ale - Grisette,Bottle 750ml,"€ 23,87 per litre"
Promenons nous dans les bois,"€ 13,80",France,3.99,Hoppy Road,7%,Farmhouse Ale - Other,Bottle 750ml,"€ 18,40 per litre"
Retour du Roy,"€ 14,00",France,3.99,Brasserie de la Goutte d'Or,7.7%,Grape Ale - Other,Bottle 750ml,"€ 18,67 per litre"
Le Pic 2022,"€ 12,00",France,3.98,Sacrilège,6.2%,Grape Ale - Other,Bottle 750ml,"€ 16,00 per litre"
La Patrie,"€ 13,00",France,3.98,Brasserie de la Goutte d'Or,6.6%,Farmhouse Ale - Bière de Garde,Bottle 750ml,"€ 17,33 per litre"
Chasselas,"€ 23,00",Switzerland,3.98,À tue-tête,7%,Sour - Fruited,Bottle 750ml,"€ 30,67 per litre"
Wild 6 Abricot,"€ 11,50",Poland,3.97,Browar Stu Mostów,8.5%,Sour - Fruited,Bottle 375ml,"€ 30,67 per litre"
Raspberry Red,"€ 16,90",Czech Republic,3.96,Wild Creatures,5.8%,Sour - Flanders Red Ale,Bottle 750ml,"€ 22,53 per litre"
Funk Pépang,"€ 18,00",Canada,3.96,Brasserie Dunham,4.5%,Farmhouse Ale - Grisette,Bottle 750ml,"€ 24,00 per litre"
Lime Framboise,"€ 20,00",Switzerland,3.96,À tue-tête,6.5%,Sour - Fruited,Bottle 750ml,"€ 26,67 per litre"
Wild 12 Pêche et Cerise,"€ 11,50",Poland,3.96,Browar Stu Mostów,6%,Sour - Fruited,Bottle 375ml,"€ 30,67 per litre"
Wild 13 Raisins Regent et Rondo,"€ 11,50",Poland,3.96,Browar Stu Mostów,6.8%,Grape Ale - Other,Bottle 375ml,"€ 30,67 per litre"
Double Barry,"€ 19,50",Belgium,3.95,DUST Blending,6.2%,Farmhouse Ale - Saison,Bottle 750ml,"€ 26,00 per litre"
Tutty Frutty II,"€ 19,50",Belgium,3.94,DUST Blending,6.5%,Farmhouse Ale - Saison,Bottle 750ml,"€ 26,00 per litre"
Surette,"€ 17,00",Switzerland,3.94,À tue-tête,7%,Sour - Other,Bottle 750ml,"€ 22,67 per litre"
Cerise,"€ 22,00",Switzerland,3.94,À tue-tête,7%,Sour - Fruited,Bottle 750ml,"€ 29,33 per litre"
Sattran Dry Hop,"€ 16,90",Czech Republic,3.93,Fenetra,4.9%,Farmhouse Ale - Other,Bottle 750ml,"€ 22,53 per litre"
Bon Repos Plum,"€ 19,50",Czech Republic,3.93,Fenetra,4.9%,Sour - Fruited Berliner Weisse,Bottle 750ml,"€ 26,00 per litre"
Tabula Rasa,"€ 9,70",France,3.92,Brasserie La Malpolon,7.5%,Farmhouse Ale - Bière de Garde,Bottle 750ml,"€ 12,93 per litre"
Aoltbeer Amarone,"€ 11,20",Germany,3.90,Kemker Kultuur (Brauerei J. Kemker),6%,Sour - Other,Bottle 750ml,"€ 14,93 per litre"
Canon Sauvignon,"€ 21,00",Switzerland,3.90,À tue-tête,6.6%,Sour - Fruited,Bottle 750ml,"€ 28,00 per litre"
Ambrett V2,"€ 17,00",France,3.89,Nano Brasserie SPO,6.4%,Brett Beer,Bottle 750ml,"€ 22,67 per litre"
Super Guilloire,"€ 9,00",France,3.89,Brasserie La Malpolon,6%,Farmhouse Ale - Bière de Coupage,Bottle 750ml,"€ 12,00 per litre"
Saison Bruxellensis,"€ 19,00",France,3.89,Nano Brasserie SPO,5.9%,Farmhouse Ale - Saison,Bottle 750ml,"€ 25,33 per litre"
Boise - Sure Framboise,"€ 7,70",France,3.88,La Franche,5%,Sour - Fruited Berliner Weisse,Bottle 375ml,"€ 20,53 per litre"
Ozni 1.2 Nature,"€ 14,00",France,3.87,La Fabule,5.7%,Wild Ale - Other,Bottle 750ml,"€ 18,67 per litre"
La Combe 2022,"€ 11,00",France,3.87,Sacrilège,5.6%,Grape Ale - Other,Bottle 750ml,"€ 14,67 per litre"
Rhubarbe 2022,"€ 16,00",France,3.86,La Varette,4.5%,Wild Ale - Other,Bottle 750ml,"€ 21,33 per litre"
Gekwetst,"€ 22,00",Netherlands,3.86,Nevel Wild Ales,6.1%,Wild Ale - Other,Bottle 750ml,"€ 29,33 per litre"
Kiwi,"€ 20,00",Switzerland,3.85,À tue-tête,7.3%,Sour - Fruited,Bottle 750ml,"€ 26,67 per litre"
Sarment,"€ 10,50",France,3.85,Sacrilège,5.3%,Farmhouse Ale - Bière de Coupage,Bottle 750ml,"€ 14,00 per litre"
Doorn,"€ 14,90",Netherlands,3.85,Nevel Wild Ales,5.7%,Wild Ale - Other,Bottle 750ml,"€ 19,87 per litre"
Ozni 4 Fruits Rouges,"€ 11,90",France,3.84,La Fabule,6.5%,Wild Ale - Other,Bottle 750ml,"€ 15,87 per litre"
Vol Nuptial,"€ 13,80",France,3.83,Brasserie de la Goutte d'Or,6%,Honey Beer,Bottle 750ml,"€ 18,40 per litre"
Speedway Stout Tart Cherry,"€ 7,50",United States,3.82,AleSmith Brewing Company,12%,Stout - Russian Imperial,473ml,"€ 15,86 per litre"
Ozni 6 Prunelle,"€ 11,90",France,3.81,La Fabule,7.3%,Wild Ale - Other,Bottle 750ml,"€ 15,87 per litre"
Mingus,"€ 12,50",Spain,3.81,Cyclic Beer Farm,5.9%,Farmhouse Ale - Saison,Bottle 750ml,"€ 16,67 per litre"
Abricot 2022,"€ 12,50",France,3.79,Sacrilège,5.4%,Wild Ale - Other,Bottle 750ml,"€ 16,67 per litre"
Saison,"€ 10,50",Australia,3.76,La Sirène Brewing,6.5%,Table Beer,Bottle 375ml,"€ 28,00 per litre"
Beets,"€ 9,00",Spain,3.73,Cyclic Beer Farm,5.3%,Farmhouse Ale - Saison,Bottle 750ml,"€ 12,00 per litre"
Sureau 2022,"€ 16,00",France,3.73,La Varette,5.4%,Wild Ale - Other,Bottle 750ml,"€ 21,33 per litre"
Étage Alpin,"€ 13,50",France,3.73,Brasserie de la Goutte d'Or,4.9%,Farmhouse Ale - Other,Bottle 750ml,"€ 18,00 per litre"
Jubel,"€ 14,50",Netherlands,3.68,Nevel Wild Ales,5.7%,Wild Ale - Other,Bottle 750ml,"€ 19,33 per litre"
Purper,"€ 13,00",Netherlands,3.67,Nevel Wild Ales,4.5%,Wild Ale - Other,Bottle 750ml,"€ 17,33 per litre"
Repas de Famille,"€ 13,90",France,3.65,Brasserie La Malpolon,5.4%,Farmhouse Ale - Other,Bottle 750ml,"€ 18,53 per litre"
Garde Fou,"€ 8,00",France,3.63,Brasserie La Malpolon,7.3%,Farmhouse Ale - Bière de Garde,Bottle 750ml,"€ 10,67 per litre"
Nova Saison,"€ 8,00",France,3.62,Brasserie La Malpolon,5.2%,Farmhouse Ale - Saison,Bottle 750ml,"€ 10,67 per litre"
Atmosphere,"€ 15,90",Norway,3.60,Lindheim Ølkompani,7%,Farmhouse Ale - Saison,Bottle 375ml,"€ 42,40 per litre"
Atmosphere,"€ 14,50",Norway,3.60,Lindheim Ølkompani,7%,Farmhouse Ale - Saison,Bottle 375ml,"€ 38,67 per litre"
Blé/Fenouil,"€ 8,00",France,3.56,Brasserie La Malpolon,4.5%,Wheat Beer - Witbier / Blanche,Bottle 750ml,"€ 10,67 per litre"
Grisette,"€ 7,50",Spain,3.53,Cyclic Beer Farm,3.7%,Farmhouse Ale - Grisette,Bottle 750ml,"€ 10,00 per litre"
Grand Chêne 2022,"€ 12,00",France,?,Brasserie Bouquier,4.6%,Farmhouse Ale - Saison,Bottle 750ml,"€ 10,00 per litre"
Huyghe Delirium Red,"€ 3,69",Belgium,3.58,Delirium - Huyghe Brewery,8%,Fruit Beer,330ml,"€ 11,18 per litre"
À Tue-Tête Surette 2023,"€ 18,25",Switzerland,4.05,À tue-tête,6.5%,Sour - Other,Bottle 750ml,"€ 24,33 per litre"
À Tue-Tête Triple Noire Abricot,"€ 28,91",Switzerland,4.03,À tue-tête,11%,Sour - Fruited,Bottle 750ml,"€ 38,55 per litre"
À Tue-Tête Triple Noire Griotte,"€ 28,91",Switzerland,4.01,À tue-tête,11%,Sour - Fruited,Bottle 750ml,"€ 38,55 per litre"
Dream Factory,"€ 12,75",Sweden,4.10,Omnipollo,10.5%,Stout - Imperial / Double Pastry,330ml,"€ 38,64 per litre"
150Watt Quadrupel,"€ 3,20",Netherlands,3.63,100 Watt Brewery,10%,Belgian Quadrupel,330ml,"€ 9,70 per litre"
"Barrel Aged Oh, Nuts!","€ 42,95",United States,4.35,Trillium Brewing Company,14.6%,Stout - Imperial / Double,500ml,"€ 85,90 per litre"
Barrel Aged Dusk Trill Dawn,"€ 44,99",United States,4.33,Trillium Brewing Company,15.3%,Stout - Imperial / Double Coffee,500ml,"€ 85,90 per litre"
Barrel Aged Feed Your Soul,"€ 41,95",United States,4.30,Trillium Brewing Company,14.2%,Stout - Imperial / Double,500ml,"€ 85,90 per litre"
Thrice Cream Vanilla,"€ 24,95",United States,4.28,Tree House Brewing Company,14.2%,Stout - Imperial / Double,500ml,"€ 85,90 per litre"
Skuumkoppe Dunkelweizen,"€ 8,35",Netherlands,3.62,Texelse Bierbrouwerij,6%,Wheat Beer - Dunkelweizen,Bottle 750ml,"€ 11,13 per litre"
Rho- Kinetic Blend And Madagascar Vanilla,"€ 29,49",United States,4.25,Equilibrium Brewery,11%,Stout - Imperial / Double Coffee,Bottle 750ml,"€ 11,13 per litre"
Reverse Migration / 3 Sons,"€ 29,49",United States,4.20,Equilibrium Brewery,11%,Stout - Imperial / Double Pastry,Bottle 750ml,"€ 11,13 per litre"
Clementine Crusher,"€ 8,90",Scotland,3.94,Holy Goat Brewing,6.2%,Sour - Fruited,Bottle 375ml,"€ 23,73 per litre"
Duchesse De Bourgogne Vlaams Bruin,"€ 2,50",Belgium,3.66,Brouwerij Verhaeghe,6.2%,Sour - Flanders Red Ale,Bottle 250ml,"€ 10,00 per litre"
Mercator Tripel,"€ 3,53",Belgium,3.46,Rimor Brewery,8.4%,Belgian Tripel,330ml,"€ 10,70 per litre"
Frost Giant,"€ 37,10",Germany,3.88,FrauGruber Brewing,14.3%,Stout - Imperial / Double,Bottle 500ml,"€ 74,20 per litre"
À Tue-Tête Lime Framboise,"€ 23,35",Switzerland,3.96,À tue-tête,6.5%,Sour - Fruited,Bottle 750ml,"€ 31,13 per litre"
Tilquin Airelle Sauvage 2021-2022,"€ 10,97",Belgium,4.15,Gueuzerie Tilquin,6.5%,Lambic - Fruit,Bottle 375ml,"€ 29,25 per litre"
Tilquin Gueuze 2021-2022,"€ 7,17",Belgium,4.06,Gueuzerie Tilquin,7%,Lambic - Gueuze,Bottle 375ml,"€ 19,12 per litre"
Mönchshof - Landbier,"€ 1,90",Germany,3.25,Kulmbacher Brauerei,5.4%,Lager - Dortmunder / Export,500ml,"€ 3,80 per litre"
Lervig Tasty Juice,"€ 7,29",Norway,3.87,LERVIG,6%,IPA - American,Can 500ml,"€ 14,58 per litre"
Phi Smoked Pineapple,"€ 4,00",Belgium,3.65,Brouwerij Alvinne,8%,Sour - Fruited,330ml,"€ 12,12 per litre"
Theo,"€ 2,70",Belgium,3.61,Brouwerij Alvinne,9%,Farmhouse Ale - Saison,330ml,"€ 8,18 per litre"
Oude Kriek met Schaerbeekse Krieken,"€ 12,23",Belgium,3.79,Brouwerij Kestemont,5.5%,Lambic - Kriek,Bottle 375ml,"€ 32,61 per litre"
Pokal Limburgse Witte,"€ 3,70",Belgium,3.47,Brouwerij Cornelissen,5%,Wheat Beer - Witbier / Blanche,330ml,"€ 11,21 per litre"
Hands of Desire - Plums Sour Ale,"€ 15,62",Belgium,3.83,Brasserie Surréaliste,6%,Sour - Fruited,Bottle 750ml,"€ 20,83 per litre"
Cosmic Rainbow,"€ 3,74",Belgium,3.50,Brasserie Surréaliste,7.2%,Porter - Imperial / Double,330ml,"€ 11,33 per litre"
Tripel D'Anvers,"€ 2,70",Belgium,3.64,Brouwerij De Koninck,8%,Belgian Tripel,330ml,"€ 8,18 per litre"
The Show Must Go On Double B.A.,"€ 10,39",Netherlands,4.17,Brouwerij Frontaal,14%,Barleywine - American,Can 440ml,"€ 23,61 per litre"
Dream Factory,"€ 13,59",Sweden,4.10,Omnipollo,10.5%,Stout - Imperial / Double Pastry,330ml,"€ 41,18 per litre"
La Source / L'Ermitage Jardin de Délices,"€ 13,69",Belgium,4.01,La Source Beer Co.,5.8%,Sour - Fruited,Bottle 750ml,"€ 18,25 per litre"
Karmeliet Tripel,"€ 7,65",Belgium,3.99,Brouwerij Bosteels,8.4%,Belgian Tripel,Bottle 750ml,"€ 10,20 per litre"
Kriek Audenaerde,"€ 11,51",Belgium,3.81,Brouwerij De Ranke,6.5%,Sour - Flanders Oud Bruin,Bottle 750ml,"€ 15,35 per litre"
Mager Märzen,"€ 2,00",Germany,3.29,Brauerei Mager Pottenstein,5.1%,Märzen,500ml,"€ 4,00 per litre"
Repo Man,"€ 7,68",Hungary,3.72,Mad Scientist,11%,Stout - Imperial / Double,330ml,"€ 23,27 per litre"
"Kroonkurkhouder 'Drink our best beer, with your best friends'","€ 9,95",Hungary,3.72,,11%,Stout - Imperial / Double,330ml,"€ 23,27 per litre"
Kroonkurkhouder 'Two beer or not two beer',"€ 9,95",Hungary,3.72,,11%,Stout - Imperial / Double,330ml,"€ 23,27 per litre"
"Smoke On The Porter, Fire On The Rye BA 2022","€ 19,20",Denmark,4.03,To Øl,11.3%,Porter - Smoked,Bottle 375ml,"€ 51,20 per litre"
Sorbet! Limoncello Inspired Ale,"€ 27,00",Denmark,2.73,To Øl,12%,Freeze-Distilled Beer,Bottle 375ml,"€ 72,00 per litre"
Averbode Abdij Blond,"€ 2,60",Belgium,3.57,Huisbrouwerij Averbode,7.5%,Belgian Strong Golden Ale,330ml,"€ 7,88 per litre"
Goud,"€ 2,20",Belgium,3.48,Brouwerij Wilderen,6.2%,Belgian Blonde,330ml,"€ 6,67 per litre"
Bean Flicker,"€ 5,18",United States,3.79,Odd Side Ales,10%,Blonde / Golden Ale - Other,335ml,"€ 15,46 per litre"
Chomolungma,"€ 5,31",United States,3.66,Jackie O's Brewery,10%,Brown Ale - American,355ml,"€ 14,96 per litre"
Schorschweizen ICE 30,"€ 39,90",Germany,3.25,Schorschbräu,30%,Freeze-Distilled Beer,330ml,"€ 120,91 per litre"
Schorschweizen 13,"€ 6,90",Germany,3.09,Schorschbräu,13%,Bock - Weizenbock,330ml,"€ 20,91 per litre"
Necessary Evil Calvados Barrel Aged Stout,"€ 13,95",England,4.15,Thornbridge Brewery,13%,Stout - Imperial / Double,Bottle 375ml,"€ 37,20 per litre"
Abraxas 2022 Salted Chocolate Imperial Stout,"€ 41,60",United States,4.24,Perennial Artisan Ales,11.5%,Stout - Imperial / Double Pastry,Bottle 750ml,"€ 55,47 per litre"
Abandon The Halogens Imperial Stout,"€ 29,40",United States,4.34,Jackie O's Brewery,14.5%,Stout - Imperial / Double Milk,Bottle 375ml,"€ 78,40 per litre"
Bound By Dust Bourbon Barrel Aged Imperial Stout,"€ 29,40",United States,4.33,Jackie O's Brewery,13.3%,Stout - Imperial / Double,Bottle 375ml,"€ 78,40 per litre"
Bourbon Barrel Black Maple Imperial Porter,"€ 24,90",United States,4.29,Jackie O's Brewery,13.1%,Porter - Imperial / Double,Bottle 375ml,"€ 66,40 per litre"
Abaddon Imperial Stout,"€ 9,95",England,4.31,Tartarus Beers,17%,Stout - Russian Imperial,330ml,"€ 30,15 per litre"
Dark Apparition,"€ 6,80",United States,4.10,Jackie O's Brewery,10.5%,Stout - Russian Imperial,355ml,"€ 19,15 per litre"
Torpedo Extra IPA,"€ 3,19",United States,3.72,Sierra Nevada Brewing Co.,7.2%,IPA - American,Can 355ml,"€ 8,99 per litre"
De la Senne Taras Boulba,"€ 2,53",Belgium,3.35,Brasserie de la Senne,4.5%,Belgian Blonde,330ml,"€ 7,67 per litre"
Henna: S'more (2022),"€ 11,21",United States,4.13,More Brewing Company,14%,Stout - Imperial / Double,473ml,"€ 23,70 per litre"
10 Layers,"€ 8,15",United States,4.08,RAR Brewing,7.2%,Stout - Pastry,473ml,"€ 17,23 per litre"
B2 Biscuit Blond,"€ 2,75",Netherlands,3.35,Berging Brouwerij,6.5%,Belgian Blonde,330ml,"€ 8,33 per litre"
Baarns Blondje,"€ 3,50",Netherlands,3.50,De Brouwkamer,6.5%,Belgian Blonde,330ml,"€ 10,61 per litre"
Kerel Bière De Garde,"€ 3,10",Belgium,3.36,VBDCK Brewery,7%,Farmhouse Ale - Bière de Garde,330ml,"€ 9,39 per litre"
Oude Gueuze,"€ 5,15",Belgium,?,Brewery John Martin & Brewery Timmermans,5%,Lambic - Kriek,Bottle 375ml,"€ 13,73 per litre"
Zundert Trappist 10,"€ 3,20",Netherlands,3.74,Trappistenbrouwerij de Kievit B.V.,10%,Belgian Quadrupel,330ml,"€ 9,70 per litre"
Stille Nacht 2022,"€ 8,80",Belgium,3.97,Brouwerij De Dolle Brouwers,12%,Belgian Strong Golden Ale,330ml,"€ 26,67 per litre"
Geuze Mariage Parfait (2015),"€ 8,80",Belgium,3.96,Brouwerij Boon,8%,Lambic - Gueuze,Bottle 375ml,"€ 23,47 per litre"
Beer Geek Breakfast,"€ 8,80",United States,3.87,Mikkeller Brewing San Diego,7.5%,Stout - Oatmeal,475ml,"€ 18,53 per litre"
Gueuze 100% Lambic Bio 375ml,"€ 18,10",Belgium,4.18,Brasserie Cantillon,5%,Lambic - Gueuze,Bottle 375ml,"€ 48,27 per litre"
Green Gold,"€ 95,80",Denmark,3.77,Mikkeller,7%,IPA - American,24-pack,"Total price: € 95,80"
Green Gold,"€ 50,70",Denmark,3.77,Mikkeller,7%,IPA - American,12-pack,"Total price: € 50,70"
Green Gold,"€ 26,70",Denmark,3.77,Mikkeller,7%,IPA - American,6-pack,"Total price: € 26,70"
Green Gold,"€ 4,70",Denmark,3.77,Mikkeller,7%,IPA - American,330ml,"€ 14,24 per litre"
Hop Shop,"€ 95,80",Denmark,3.57,Mikkeller,4.9%,IPA - New England / Hazy,24-pack,"Total price: € 95,80"
Hop Shop,"€ 50,70",Denmark,3.57,Mikkeller,4.9%,IPA - New England / Hazy,12-pack,"Total price: € 50,70"
Hop Shop,"€ 26,70",Denmark,3.57,Mikkeller,4.9%,IPA - New England / Hazy,6-pack,"Total price: € 26,70"
Hop Shop,"€ 4,70",Denmark,3.57,Mikkeller,4.9%,IPA - New England / Hazy,330ml,"€ 14,24 per litre"
Lust For Life DDH Non Alcoholic IPA,"€ 3,65",Scotland,3.41,BRULO,4.9%,Non-Alcoholic - IPA,Can 330ml,"€ 11,06 per litre"
Abraxas 2022 Imperial Stout,"€ 36,90",United States,4.32,Perennial Artisan Ales,11.5%,Stout - Imperial / Double Pastry,Bottle 750ml,"€ 49,20 per litre"
Frances Blend #3 Farmhouse Ale,"€ 33,40",United States,4.09,Perennial Artisan Ales,5.3%,Farmhouse Ale - Saison,Bottle 750ml,"€ 44,53 per litre"
Yule Maelk Bourbon Barrel Aged,"€ 13,95",Denmark,4.38,To Øl,15%,Stout - Imperial / Double Milk,Bottle 375ml,"€ 37,20 per litre"
Recover 2022 Imperial Coffee & Cardamon Porter,"€ 8,25",Sweden,4.04,Nerdbrewing,13%,Porter - Imperial / Double Coffee,330ml,"€ 25,00 per litre"
Bracia Rich Dark Ale,"€ 8,95",England,3.99,Thornbridge Brewery,10%,Strong Ale - English,Bottle 375ml,"€ 23,87 per litre"
By Nature Wild Bramble Sour 2019,"€ 9,95",Scotland,3.94,Fierce Beer/ Fyne Ales,6.4%,Wild Ale - Other,500ml,"€ 19,90 per litre"
By Nature Wild Blackcurrant Barrel Aged Sour,"€ 8,95",Scotland,3.92,Fierce Beer,6.1%,Sour - Fruited,500ml,"€ 17,90 per litre"
Close To The Edge Barrel Aged Coolship Stout,"€ 14,95",Netherlands,3.64,Brouwerij de Molen/ Nøgne Ø,9.5%,Stout - Imperial / Double,Bottle 750ml,"€ 19,93 per litre"
Cuvée 800 Pale Ale,"€ 2,10",Belgium,3.51,Brasserie de l'Abbaye du Val-Dieu,5.5%,Pale Ale - Belgian,330ml,"€ 6,36 per litre"
Maisel's Weisse Alkoholfrei,"€ 1,90",Germany,3.23,Brauerei Gebr. Maisel,5.5%,Non-Alcoholic - Wheat,500ml,"€ 3,80 per litre"
Bedaard Oak Aged Blauwe Bes & Den Wild Ale,"€ 7,95",Netherlands,3.17,Brouwerij Poesiat & Kater,5.7%,Pale Ale - English,Bottle 375ml,"€ 21,20 per litre"
Cero Lager 0.0,"€ 1,85",Mexico,2.69,Grupo Modelo,5.7%,Non-Alcoholic - Lager,330ml,"€ 5,61 per litre"
Zeeuwse Bierselectie Zeeuws Buutendiekertje,"€ 2,99",Netherlands,3.25,Brouwerij 't Meuleneind,6.9%,Belgian Dubbel,330ml,"€ 5,61 per litre"
Infix 2021: Hazelnut Macchiato Edition Imperial Milk Stout,"€ 7,95",Sweden,4.10,Nerdbrewing,10.5%,Stout - Imperial / Double Milk,330ml,"€ 24,09 per litre"
Screaming Trees Juniper Needles & Kveik Yeast Wild Ale,"€ 10,95",Ireland,3.93,Land & Labour/ WhiteFrontier,5.2%,Sour - Other,Bottle 375ml,"€ 29,20 per litre"
Wake Me Up Before You Coco Bourbon Barrel Aged Pastry Sour,"€ 16,95",Hungary,3.62,Mad Scientist,9.5%,Sour - Smoothie / Pastry,Bottle 375ml,"€ 45,20 per litre"
Oude Kriek Cuvée René 2022,"€ 4,95",Belgium,3.60,Brouwerij Lindemans,7%,Lambic - Kriek,Bottle 375ml,"€ 13,20 per litre"
Buku Maureen BA Imperial Stout x Horus Aged Ales,"€ 38,80",United States,4.27,Aslin Beer Company,12%,Stout - Imperial / Double,500ml,"€ 77,60 per litre"
10th Anniversary Massive! Van Barleywine,"€ 28,20",United States,4.24,Gigantic Brewing Company,14.3%,Barleywine - Other,500ml,"€ 56,40 per litre"
Buku Cà Phê BA Imperial Stout x Horus Aged Ales,"€ 42,80",United States,4.21,Aslin Beer Company,12.5%,Stout - Imperial / Double,500ml,"€ 85,60 per litre"
Duchesse Cherry Flanders Red Ale,"€ 5,70",Belgium,3.93,Brouwerij Verhaeghe,6.8%,Sour - Flanders Red Ale,Bottle 330ml,"€ 17,27 per litre"
Duchesse Cherry Chocolate Flanders Red Ale,"€ 5,70",Belgium,3.90,Brouwerij Verhaeghe,6.8%,Sour - Flanders Red Ale,Bottle 330ml,"€ 17,27 per litre"
Old Showboat Barleywine,"€ 17,30",United States,3.83,Casita Brewing Company,13%,Barleywine - American,5680ml,"€ 3,05 per litre"
Doerak Blik,"€ 3,30",Netherlands,3.52,Van Moll,6.5%,IPA - American,330ml,"€ 10,00 per litre"
Red,"€ 6,50",Belgium,3.72,Bières de Chimay,7%,Belgian Dubbel,Bottle 750ml,"€ 8,67 per litre"
De Mederie Oh La La La,"€ 8,31",Belgium,3.66,De Mederie - Ciders,8%,Cider - Other Fruit,Bottle 375ml,"€ 22,16 per litre"
De Mederie Apple Of My Eye,"€ 7,37",Belgium,3.55,De Mederie - Ciders,6%,Cider - Dry,Bottle 375ml,"€ 19,65 per litre"
Somerset Wild,"€ 8,79",England,3.57,The Wild Beer Co,5%,Wild Ale - Other,330ml,"€ 26,64 per litre"
Pohjala Drayman`s Blend,"€ 9,90",Estonia,4.00,Põhjala,11.5%,Strong Ale - Other,330ml,"€ 30,00 per litre"
Pohjala / Mikkeller Sea Fog,"€ 5,00",Estonia,3.49,Põhjala,8%,Sour - Fruited Gose,Can 330ml,"€ 15,15 per litre"
Visions Lager -  Deal,"€ 20,00",Denmark,3.21,Mikkeller,4.5%,Lager - Pale,6-pack,"Total price: € 20,00"
Orchard Gold Welsh Cider medium,"€ 5,95",Wales,3.61,Gwynt y Ddraig,4.9%,Cider - Traditional / Apfelwein,500ml,"€ 11,90 per litre"
Dubbel Kruik,"€ 7,95",Netherlands,3.57,Hertog Jan,7.3%,Belgian Dubbel,500ml,"€ 15,90 per litre"
Tongerlo Nox Bruin,"€ 2,30",Belgium,3.44,Brouwerij Haacht Brasserie,6.5%,Belgian Dubbel,330ml,"€ 6,97 per litre"
Cider Wild Berries,"€ 2,70",Germany,3.49,BRLO,4.5%,Cider - Other Fruit,330ml,"€ 8,18 per litre"
110K+OT - Batch 6,"€ 34,25",United States,4.19,Cigar City Brewing,10%,Stout - Russian Imperial,Bottle 650ml,"€ 52,69 per litre"
"8th Anniversary Mix Fermentation Graff - 37,5cl","€ 10,40",Poland,4.02,Browar Stu Mostów,7%,Cider - Graff,Bottle 375ml,"€ 27,73 per litre"
Franc,"€ 29,95",Netherlands,4.27,Tommie Sjef,7.7%,Wild Ale - Other,Bottle 750ml,"€ 39,93 per litre"
Funky Blender Apricot - Perfection (2/28/20),"€ 25,95",United States,4.24,Casey Brewing & Blending,5.5%,Sour - Fruited,Bottle 750ml,"€ 34,60 per litre"
Kriek,"€ 34,95",Netherlands,4.24,Tommie Sjef,6%,Wild Ale - Other,Bottle 750ml,"€ 46,60 per litre"
Bitter,"€ 29,95",Netherlands,4.19,Tommie Sjef,7%,Farmhouse Ale - Bière de Coupage,Bottle 750ml,"€ 39,93 per litre"
Funky Blender - Peach (Glohaven 3/19/20),"€ 25,95",United States,4.15,Casey Brewing & Blending,7%,Wild Ale - American,Bottle 750ml,"€ 39,93 per litre"
Recursion Imperial Rye Stout With Toasted Caraway Seeds Imperial Stout,"€ 7,95",Sweden,3.98,Nerdbrewing,10.7%,Stout - Imperial / Double,330ml,"€ 24,09 per litre"
Kasteel Tripel,"€ 3,05",Belgium,3.63,Kasteel Brouwerij Vanhonsebrouck,11%,Belgian Tripel,330ml,"€ 9,24 per litre"
Sarrasin,"€ 11,25",France,3.88,Kystin,4%,Cider - Herbed / Spiced / Hopped,Bottle 750ml,"€ 15,00 per litre"
Kalysie,"€ 11,23",France,3.73,Kystin,2%,Cider - Perry / Poiré,Bottle 750ml,"€ 14,97 per litre"
White Label Series 2020 Bordeaux Margaux Barrel Aged Red Hot Tripel,"€ 5,95",Netherlands,3.88,Brouwerij Emelisse,8%,Dark Ale,330ml,"€ 18,03 per litre"
Gulden Draak Brewmaster Zwaar Blond,"€ 2,50",Belgium,3.83,Brouwerij Van Steenberge,10.5%,Belgian Strong Golden Ale,330ml,"€ 7,58 per litre"
Grand Prestige 2023 Quadrupel,"€ 2,45",Netherlands,3.81,Hertog Jan,10%,Barleywine - Other,300ml,"€ 8,17 per litre"
Gentse Tripel,"€ 2,45",Belgium,3.56,Brouwerij Van Steenberge,8%,Belgian Tripel,330ml,"€ 7,42 per litre"
Pluckin' Feathers Blueberry Coconut Hazelnut Imperial Stout,"€ 11,95",Denmark,3.38,Mikkeller/ Omnipollo,4.8%,Pilsner - Other,330ml,"€ 36,21 per litre"
Coconut Glutenvrij,"€ 2,70",Belgium,3.10,Mongozo,3.6%,Fruit Beer,330ml,"€ 8,18 per litre"
Berliner Weisse,"€ 2,80",Germany,3.01,BRLO,4%,Sour - Berliner Weisse,330ml,"€ 8,48 per litre"
'n Diquen Blueberry Chocolate Stout,"€ 4,75",Netherlands,3.61,Fightstreet Brewery,9%,Stout - Russian Imperial,330ml,"€ 14,39 per litre"
Easy Livin',"€ 3,20",Wales,3.57,Tiny Rebel Brewing Co,4.3%,Pale Ale - American,330ml,"€ 9,70 per litre"
Eternal Darkness BA 2021,"€ 8,35",Sweden,4.12,Beerbliotek,12.1%,Stout - Imperial / Double,330ml,"€ 25,30 per litre"
Big Ten Blue,"€ 9,89",Sweden,3.97,All In Brewing,14%,Stout - Russian Imperial,330ml,"€ 29,97 per litre"
Big Ten Purple,"€ 9,89",Sweden,3.95,All In Brewing,14%,Stout - Russian Imperial,330ml,"€ 29,97 per litre"
Big Ten Turquoise,"€ 9,89",Sweden,3.84,All In Brewing,14%,Stout - Russian Imperial,330ml,"€ 29,97 per litre"
Big Ten Pink,"€ 9,89",Sweden,3.76,All In Brewing,12%,Stout - Russian Imperial,330ml,"€ 29,97 per litre"
To the Nines,"€ 7,47",Sweden,3.76,Beerbliotek,13%,Barleywine - Other,330ml,"€ 22,64 per litre"
Côtes Du Ringôn,"€ 20,21",Sweden,3.81,Stigbergets Bryggeri,6%,Wild Ale - Other,Bottle 375ml,"€ 53,89 per litre"
Déjeuner Imperial 2022,"€ 19,75",Canada,4.16,LTM - Les Trois Mousquetaires,11.5%,Stout - Imperial / Double,Bottle 750ml,"€ 26,33 per litre"
Brute Force Imperial Stout With Dark Forest Honey & Toasted Coconut,"€ 8,35",Sweden,4.07,Nerdbrewing,13.3%,Stout - Imperial / Double,330ml,"€ 25,30 per litre"
Solstice d'Hiver,"€ 16,74",Belgium,3.86,La Source Beer Co.,8%,Historical Beer - Gruit / Ancient Herbed Ale,Bottle 750ml,"€ 22,32 per litre"
Klapschaats,"€ 2,90",Netherlands,3.68,De Blauwe IJsbeer,10%,Barleywine - American,330ml,"€ 8,79 per litre"
Nigredo,"€ 5,39",Belgium,3.72,L'Ermitage,8%,Sour - Other,330ml,"€ 16,33 per litre"
Wheat From Desire Whiskey & Bourbon Barrel Aged Wheat Wine,"€ 6,95",Netherlands,3.93,Jopen,11.5%,Wheat Beer - Wheat Wine,330ml,"€ 21,06 per litre"
Lizard,"€ 10,50",Netherlands,4.14,Moersleutel Craft Brewery,16%,Freeze-Distilled Beer,Can 440ml,"€ 23,86 per litre"
Muscovado,"€ 5,50",Netherlands,4.08,Moersleutel Craft Brewery,11%,Stout - Imperial / Double Pastry,Can 440ml,"€ 12,50 per litre"
Sanut,"€ 5,90",Netherlands,3.30,Moersleutel Craft Brewery,9.5%,Barleywine - Other,Can 440ml,"€ 13,41 per litre"
Deugniet Strong Golden Ale,"€ 2,45",Belgium,3.53,Brasserie du Bocq,7.5%,Belgian Strong Golden Ale,330ml,"€ 7,42 per litre"
Johnny Thunder,"€ 5,40",Netherlands,3.63,KOMPAAN Dutch Craft Beer Company,12%,Smoked Beer,330ml,"€ 16,36 per litre"
Daily Grind #1,"€ 5,20",Netherlands,3.58,Moersleutel Craft Brewery,6%,Stout - Coffee,Can 440ml,"€ 11,82 per litre"
Funky Fluid,"€ 7,80",Poland,4.16,Funky Fluid,12%,Porter - Imperial / Double Baltic,330ml,"€ 23,64 per litre"
Black Treats,"€ 3,90",Netherlands,3.87,Brouwerij De Man/ Galea Craft Beers,11%,Stout - Imperial / Double Pastry,330ml,"€ 11,82 per litre"
Orthographie,"€ 3,20",Netherlands,3.36,Brouwerij In De Nacht,6.5%,Blonde / Golden Ale - Other,330ml,"€ 9,70 per litre"
Blackbock,"€ 3,20",Netherlands,3.31,vandeStreek bier,6%,Bock - Single / Traditional,330ml,"€ 9,70 per litre"
North 2020,"€ 4,20",Netherlands,3.88,Brouwerij Frontaal,11%,Stout - Imperial / Double Coffee,330ml,"€ 12,73 per litre"
Rocky Road,"€ 5,00",Netherlands,3.86,Moersleutel Craft Brewery/ Two Chefs Brewing,11%,Stout - Imperial / Double Pastry,330ml,"€ 15,15 per litre"
Nutty Stragedy,"€ 2,60",Netherlands,3.63,vandeStreek bier,9%,Stout - Other,330ml,"€ 7,88 per litre"
Grunnegs Gold,"€ 3,10",Netherlands,3.57,Floem,8.8%,Belgian Tripel,330ml,"€ 9,39 per litre"
Black Flag,"€ 2,80",Netherlands,3.40,Oproer,6.5%,IPA - Black / Cascadian Dark Ale,330ml,"€ 8,48 per litre"
Pale Ale,"€ 2,90",Netherlands,3.30,Goed Excuus,5%,Pale Ale - New Zealand,330ml,"€ 8,79 per litre"
Opgebokt,"€ 3,50",Netherlands,3.42,Van Moll,7.5%,Bock - Doppelbock,330ml,"€ 10,61 per litre"
Sour Brainless On Pink Guava,"€ 10,99",United States,4.04,"Epic Brewing Co. (Utah, Colorado)",6.9%,Sour - Fruited,Bottle 375ml,"€ 29,31 per litre"
Reloaded,"€ 5,50",Netherlands,4.08,Moersleutel Craft Brewery,11%,Stout - Imperial / Double Pastry,Can 440ml,"€ 12,50 per litre"
Krampus,"€ 6,50",Norway,3.93,Cervisiam,10%,Stout - Imperial / Double,330ml,"€ 19,70 per litre"
Nitro Merlin,"€ 3,00",United States,3.90,Firestone Walker Brewing Company,5.5%,Stout - Milk / Sweet,330ml,"€ 9,09 per litre"
Framboise 37.5cl,"€ 6,00",Belgium,3.77,Brouwerij Lindemans,2.5%,Lambic - Framboise,Bottle 375ml,"€ 16,00 per litre"
Mash Test Yummies Bourbon BA 2022,"€ 11,40",Denmark,4.19,To Øl,13.6%,Stout - Imperial / Double Pastry,Bottle 375ml,"€ 30,40 per litre"
Crank The Juice,"€ 4,95",Netherlands,3.77,Moersleutel Craft Brewery,5.5%,IPA - New England / Hazy,Can 440ml,"€ 11,25 per litre"
Deerhunter 2021 BA vol. II,"€ 5,50",Netherlands,4.18,Brouwerij Frontaal,13.4%,Stout - Russian Imperial,330ml,"€ 16,67 per litre"
BA Project 21.06,"€ 4,50",Netherlands,4.07,Brouwerij Kees,11.5%,Barleywine - Other,330ml,"€ 13,64 per litre"
Never Look Back BA,"€ 5,50",Netherlands,3.98,Brouwerij Frontaal,11%,Barleywine - American,330ml,"€ 16,67 per litre"
El Matador,"€ 5,75",Argentina,3.91,Juguetes Perdidos,10.5%,Stout - Russian Imperial,330ml,"€ 17,42 per litre"
Coward 2022,"€ 10,00",England,4.21,Buxton Brewery,11%,Stout - Imperial / Double Pastry,330ml,"€ 30,30 per litre"
Intens Rood,"€ 10,00",Belgium,4.20,Brouwerij 3 Fonteinen,6%,Lambic - Kriek,Bottle 375ml,"€ 26,67 per litre"
Tuverbol,"€ 8,50",Belgium,3.80,Brouwerij 3 Fonteinen/ Brouwerij Loterbol,11%,Belgian Strong Golden Ale,Bottle 750ml,"€ 11,33 per litre"
Abricot de Foudre,"€ 25,95",Belgium,3.91,Misery Beer Co.,5.3%,Wild Ale - Other,Bottle 750ml,"€ 34,60 per litre"
Modern Drinking,"€ 2,30",Poland,3.66,Browar PINTA,6.5%,IPA - American,10-pack,"Total price: € 2,30"
Le Chant Du Loup,"€ 20,69",France,4.10,Fauve,11%,Stout - Imperial / Double,Bottle 750ml,"€ 27,59 per litre"
"Le Soir, Dans Une Vallée","€ 19,07",France,4.06,Fauve,10.5%,Barleywine - English,Bottle 750ml,"€ 25,43 per litre"
Le Roi Majestueux,"€ 18,98",France,4.05,Fauve,12.5%,Stout - Imperial / Double,Bottle 750ml,"€ 25,31 per litre"
Archipel Paradisiaque,"€ 20,69",France,4.00,Fauve,12%,Stout - Imperial / Double,Bottle 750ml,"€ 27,59 per litre"
Straffe Hendrik 9 Tripel,"€ 3,20",Belgium,3.76,Brouwerij De Halve Maan,9%,Belgian Tripel,330ml,"€ 9,70 per litre"
Tripel,"€ 2,80",Belgium,3.61,Ter Dolen,8.1%,Belgian Tripel,330ml,"€ 8,48 per litre"
Avec Les Bons Voeux,"€ 7,45",Belgium,3.80,Brasserie Dupont,9.5%,Farmhouse Ale - Saison,Bottle 750ml,"€ 9,93 per litre"
Triple Extra,"€ 3,15",Belgium,3.76,Abbaye Notre-Dame de Saint-Rémy,8.1%,Belgian Tripel,330ml,"€ 9,55 per litre"
Irish Red Ale Nitro,"€ 2,55",Ireland,3.30,O'Hara's Brewery,4.3%,Red Ale - Irish,Can 440ml,"€ 5,80 per litre"
Tropical Ale Alcoholvrij Grapefruit & Guava,"€ 2,80",Netherlands,3.20,Lowlander Beer,0.3%,Non-Alcoholic - Other,330ml,"€ 8,48 per litre"
Darkest Hour Imperial Stout,"€ 7,50",Netherlands,3.95,Folkingebrew,11%,Stout - Imperial / Double,Can 440ml,"€ 17,05 per litre"
Déjeuner Imperial 2022,"€ 16,00",Canada,4.27,LTM - Les Trois Mousquetaires,11.5%,Stout - Imperial / Double,Bottle 750ml,"€ 21,33 per litre"
As You Wish,"€ 26,12",Canada,4.02,Small Pony Barrel Works,6%,Sour - Flanders Red Ale,Bottle 750ml,"€ 34,83 per litre"
Movie Night BA 2022,"€ 10,60",Denmark,3.86,To Øl,10.6%,Brown Ale - Imperial / Double,Bottle 750ml,"€ 34,83 per litre"
Vandervelden 140,"€ 12,08",Belgium,4.04,Oud Beersel,6.5%,Lambic - Gueuze,Bottle 375ml,"€ 32,21 per litre"
Oude Kriek Vieille (2018),"€ 24,17",Belgium,4.08,Oud Beersel,6%,Lambic - Kriek,Bottle 750ml,"€ 32,23 per litre"
Hommage Bio Framboos    2018/2019 nr 57,"€ 24,80",Belgium,4.42,Brouwerij 3 Fonteinen,4.5%,Lambic - Framboise,Bottle 375ml,"€ 66,13 per litre"
Mid Life Righteous,"€ 14,10",United States,4.01,Burley Oak Brewing Company,9.2%,IPA - Triple,Can 473ml,"€ 29,81 per litre"
Birramisu BA 2022,"€ 20,80",Denmark,3.83,To Øl,10%,Stout - Imperial / Double Pastry,Bottle 375ml,"€ 55,47 per litre"
Lervig Rackhouse Norwegian Lowbush,"€ 12,97",Norway,3.96,LERVIG,4.5%,Sour - Other,Bottle 750ml,"€ 17,29 per litre"
Geuze - 2019,"€ 7,80",Belgium,4.19,Geuzestekerij De Cam,6.5%,Lambic - Gueuze,Bottle 375ml,"€ 20,80 per litre"
Malus Domestica Lambicus (2019),"€ 8,75",Belgium,4.18,Geuzestekerij De Cam,7%,Lambic - Fruit,Bottle 375ml,"€ 23,33 per litre"
Tilquin: Rullquin Verticaal,"€ 55,00",Belgium,3.84,Brasserie Artisanale de Rulles/ Gueuzerie Tilquin,7%,Sour - Other,Bottle 750ml,"€ 73,33 per litre"
Oude Geuze 2019-2020,"€ 5,79",Belgium,3.48,Brouwerij Boon,7%,Lambic - Gueuze,Bottle 375ml,"€ 15,44 per litre"
23037 Tripel,"€ 2,65",Belgium,3.61,Ter Dolen,8.1%,Belgian Tripel,330ml,"€ 8,03 per litre"
De Cam Mirabel-Lambiek 2020,"€ 16,37",Belgium,4.20,Geuzestekerij De Cam,6%,Lambic - Fruit,330ml,"€ 8,03 per litre"
Lervig Rackhouse Ripple,"€ 19,88",Norway,4.12,LERVIG,8.3%,Sour - Fruited,Bottle 750ml,"€ 26,51 per litre"
"3 Fonteinen: Platinum Blend Honing 20|21, assemblage 40","€ 32,95",Belgium,4.29,Brouwerij 3 Fonteinen,6.4%,Lambic - Gueuze,Bottle 750ml,"€ 43,93 per litre"
De Oude Cam: Mirabel Lambiek 2020,"€ 14,90",Belgium,4.16,Geuzestekerij De Cam,6%,Lambic - Fruit,Bottle 375ml,"€ 39,73 per litre"
8,"€ 2,70",Belgium,3.85,Abbaye Notre-Dame de Saint-Rémy,9.2%,Belgian Strong Dark Ale,330ml,"€ 8,18 per litre"
Woody Wood - 2019,"€ 11,65",Belgium,3.73,Brasserie Minne,7.5%,Sour - Other,Bottle 750ml,"€ 15,53 per litre"
Gleuvenglijder Belgisch Blond,"€ 2,75",Netherlands,3.52,Brouwerij de Eeuwige Jeugd,5.5%,Blonde / Golden Ale - Other,330ml,"€ 8,33 per litre"
Rho- Kinetic Blend And Madagascar Vanilla,"€ 24,00",United States,4.25,Equilibrium Brewery,11%,Stout - Imperial / Double Coffee,500ml,"€ 48,00 per litre"
Bacchus Frambozenbier,"€ 4,80",Belgium,3.65,Kasteel Brouwerij Vanhonsebrouck,5%,Sour - Flanders Oud Bruin,Bottle 375ml,"€ 12,80 per litre"
Zwarte Bes,"€ 8,66",Belgium,3.81,Brouwerij Kestemont,5.5%,Lambic - Fruit,Bottle 375ml,"€ 23,09 per litre"
Wood Vinum - 2022,"€ 5,13",Belgium,4.01,Brasserie Minne,10%,Grape Ale - Other,330ml,"€ 15,55 per litre"
Raisin Awareness for Died Grapes,"€ 4,12",Netherlands,3.83,Moersleutel Craft Brewery,12%,Rye Wine,Can 440ml,"€ 9,36 per litre"
Ardenne Wood - Gallia Belgica,"€ 5,50",Belgium,3.80,Brasserie Minne,11%,Wheat Beer - Wheat Wine,330ml,"€ 16,67 per litre"
Sidra Natural - Whisky BA,"€ 4,25",Netherlands,3.67,Elegast Cidery,7.5%,Cider - Traditional / Apfelwein,330ml,"€ 12,88 per litre"
Bourbon Stout BA Cider,"€ 4,25",Netherlands,3.55,Elegast Cidery,8%,Cider - Dry,330ml,"€ 12,88 per litre"
Gelensteyn - Wine BA,"€ 4,25",Netherlands,3.51,Elegast Cidery,7%,Cider - Dry,330ml,"€ 12,88 per litre"
Weiherer Keller,"€ 2,10",Germany,3.46,Brauerei Kundmüller,4.9%,Kellerbier / Zwickelbier,500ml,"€ 4,20 per litre"
Dolce,"€ 14,49",Canada,3.87,Indie Alehouse,9.6%,Stout - Pastry,500ml,"€ 28,98 per litre"
De la Senne Jambe-de-Bois,"€ 2,97",Belgium,3.56,Brasserie de la Senne,8%,Belgian Tripel,330ml,"€ 9,00 per litre"
Laugar Wild Nation Sandamendi,"€ 7,23",Spain,3.95,Wild Nation,5.3%,Wild Ale - Other,Bottle 375ml,"€ 19,28 per litre"
Tilquin Box (met glas),"€ 87,90",Belgium,4.00,Gueuzerie Tilquin,7%,Lambic - Gueuze,Bottle 750ml,"€ 105,33 per litre"
Aupa Tovarisch Aged 14 Months In Porto Barrels,"€ 6,70",Spain,4.18,Laugar Brewery,12%,Stout - Russian Imperial,330ml,"€ 20,30 per litre"
Black Damnation 19 - Maestro,"€ 4,90",Belgium,4.13,De Struise Brouwers,13%,Stout - Belgian,330ml,"€ 14,85 per litre"
All-in Sudden Stout,"€ 7,20",Sweden,4.11,Poppels Bryggeri,13%,Stout - Imperial / Double,330ml,"€ 21,82 per litre"
Black Damnation 01 - Blackberry Albert (2022),"€ 4,90",Belgium,4.03,De Struise Brouwers,13%,Stout - Imperial / Double,330ml,"€ 14,85 per litre"
Peace & Joy,"€ 3,20",Belgium,3.73,Brouwerij Alvinne,10%,Winter Ale,330ml,"€ 9,70 per litre"
Duchesse Cherry,"€ 2,97",Belgium,3.93,Brouwerij Verhaeghe,6.8%,Sour - Flanders Red Ale,Bottle 330ml,"€ 9,00 per litre"
Sour Krump,"€ 3,52",Belgium,3.65,L'Ermitage,3.8%,Sour - Berliner Weisse,330ml,"€ 10,67 per litre"
Ris A La Ale,"€ 6,60",Denmark,3.48,Mikkeller,8%,Fruit Beer,Can 440ml,"€ 15,00 per litre"
Noches Eternas,"€ 5,75",Netherlands,3.84,Butcher’s Tears,9.5%,Stout - Foreign / Export,330ml,"€ 17,42 per litre"
Fra Via Til,"€ 6,10",Denmark,3.61,Mikkeller,8%,Porter - Baltic,Can 440ml,"€ 13,86 per litre"
Awful Gato,"€ 6,60",Denmark,3.79,Mikkeller,8%,Brown Ale - Imperial / Double,Can 440ml,"€ 15,00 per litre"
Pohjala Must Kuld Chai Latte,"€ 3,50",Estonia,3.38,Põhjala,7.8%,Porter - Other,330ml,"€ 10,61 per litre"
Delirium Black Barrel Aged (2022),"€ 21,21",Belgium,4.16,Delirium - Huyghe Brewery,11.5%,Belgian Strong Dark Ale,Bottle 750ml,"€ 28,28 per litre"
Gueuze Mariage Parfait 2018,"€ 7,63",Belgium,3.81,Brouwerij Boon,8%,Lambic - Gueuze,Bottle 375ml,"€ 20,35 per litre"
Oude Geuze Black Label B7,"€ 12,92",Belgium,3.67,Brouwerij Boon,7%,Lambic - Gueuze,Bottle 750ml,"€ 17,23 per litre"
Extra Pilsner,"€ 1,85",Belgium,3.27,Duvel Moortgat,5.2%,Pilsner - Other,330ml,"€ 5,61 per litre"
Queen of the Deep Imperial Baltic Porter,"€ 12,80",England,4.02,Siren Craft Brew,11%,Porter - Imperial / Double Baltic,Bottle 375ml,"€ 34,13 per litre"
Six Hundred Pounds of Sin,"€ 23,38",United States,4.18,Transient Artisan Ales,14%,Stout - Imperial / Double,500ml,"€ 46,76 per litre"
De Moersleutel Buckwheat Malt,"€ 6,20",Netherlands,3.93,Moersleutel Craft Brewery,11%,Stout - Imperial / Double,Can 440ml,"€ 14,09 per litre"
Pater Dubbel,"€ 2,60",Belgium,3.54,Brouwerij Corsendonk,7.5%,Belgian Dubbel,330ml,"€ 7,88 per litre"
Phantom Lord,"€ 26,99",Germany,4.24,FrauGruber Brewing,13.8%,Stout - Imperial / Double,500ml,"€ 53,98 per litre"
De Cam (Oude) Gueuze 2020,"€ 19,97",Belgium,4.15,Geuzestekerij De Cam,6.5%,Lambic - Gueuze,Bottle 750ml,"€ 26,63 per litre"
Hammock Weather,"€ 12,96",Canada,4.14,Small Pony Barrel Works,3.9%,Sour - Fruited,Bottle 375ml,"€ 34,56 per litre"
Stu Mostów / Zapiain 8th Anniversary Mix Fermentation Graff,"€ 10,59",Poland,4.02,Browar Stu Mostów,7%,Cider - Graff,Bottle 375ml,"€ 28,24 per litre"
De Oude Cam: Oude Geuze 2018,"€ 22,49",Belgium,4.20,Geuzestekerij De Cam,6%,Lambic - Gueuze,Bottle 750ml,"€ 29,99 per litre"
Strenge Winter 2019-2020 53th BLEND,"€ 22,39",Belgium,4.12,Brouwerij 3 Fonteinen,7.1%,Wild Ale - Other,Bottle 750ml,"€ 29,85 per litre"
Gere & Freke,"€ 4,21",Netherlands,3.87,Brouwerij de Molen/ Ægir Bryggeri,8%,Stout - Imperial / Double Coffee,330ml,"€ 12,76 per litre"
Plaseer 01 2022,"€ 13,56",Germany,3.86,Kemker Kultuur (Brauerei J. Kemker),6%,Mead - Cyser,Bottle 750ml,"€ 18,08 per litre"
Cidre Gamay,"€ 22,49",Switzerland,4.15,Chien Bleu,8.5%,Cider - Other Fruit,Bottle 750ml,"€ 29,99 per litre"
Cidre 2021,"€ 18,74",Switzerland,3.42,Chien Bleu,6.3%,Cider - Sweet,Bottle 750ml,"€ 24,99 per litre"
Natur-Elle Organic Geuze,"€ 9,44",Belgium,4.02,Lambiek Fabriek,6.2%,Lambic - Gueuze,Bottle 750ml,"€ 12,59 per litre"
Boerenerf Oude Kriek 2020,"€ 15,65",Belgium,4.12,Het Boerenerf Eylenbosch,7%,Lambic - Kriek,Bottle 375ml,"€ 41,73 per litre"
Barrel Aged Peso Imperial Stout,"€ 34,80",United States,4.34,Transient Artisan Ales,14%,Stout - Imperial / Double Pastry,500ml,"€ 69,60 per litre"
Phase Image Imperial Stout x Phase Three x New Image Brewing,"€ 38,80",United States,4.28,Transient Artisan Ales,16.5%,Stout - Imperial / Double,500ml,"€ 77,60 per litre"
Six Hundred Pounds Of Sin Imperial Stout,"€ 30,80",United States,4.18,Transient Artisan Ales,14%,Stout - Imperial / Double,500ml,"€ 61,60 per litre"
Six Hundred Pounds Of Cinn Imperial Stout,"€ 30,80",United States,4.03,Transient Artisan Ales,14%,Stout - Imperial / Double,500ml,"€ 61,60 per litre"
Pater 6 Dubbel,"€ 1,90",Belgium,3.55,Brouwerij St.Bernardus,6.7%,Belgian Dubbel,330ml,"€ 5,76 per litre"
Poperings Hommelbier,"€ 2,40",Belgium,3.45,Leroy Breweries,7.5%,Belgian Strong Golden Ale,330ml,"€ 7,27 per litre"
On The Rocks Fruitesse Fruitbier,"€ 1,90",Belgium,3.37,Brouwerij Liefmans,3.8%,Fruit Beer,Bottle 250ml,"€ 7,60 per litre"
Schübel Nordeck-Trunk,"€ 2,00",Germany,3.32,Schübel Bräu,4.9%,Kellerbier / Zwickelbier,500ml,"€ 4,00 per litre"
Season of Sun,"€ 9,30",Italy,4.03,Brasseria Della Fonte,13.2%,Farmhouse Ale - Other,500ml,"€ 18,60 per litre"
Pale & Wild Caram-Elle,"€ 14,00",Belgium,3.86,Lambiek Fabriek,9%,Lambic - Gueuze,Bottle 750ml,"€ 18,67 per litre"
Juicy & Wild Blue-Belle,"€ 15,30",Belgium,3.85,Lambiek Fabriek,8%,Lambic - Fruit,Bottle 750ml,"€ 20,40 per litre"
Juicy & Wild Soleille,"€ 15,30",Belgium,3.84,Lambiek Fabriek,8.7%,Lambic - Fruit,Bottle 750ml,"€ 20,40 per litre"
Banana Karaoke (2022),"€ 14,95",United States,4.04,Barreled Souls Brewing Company,13.5%,Stout - Imperial / Double Pastry,500ml,"€ 29,90 per litre"
Armand & Gaston 20/21 #49,"€ 26,10",Belgium,4.27,Brouwerij 3 Fonteinen,6.9%,Lambic - Gueuze,Bottle 750ml,"€ 34,80 per litre"
Armand & Gaston 19/20 #8,"€ 14,70",Belgium,4.22,Brouwerij 3 Fonteinen,6.4%,Lambic - Gueuze,Bottle 375ml,"€ 39,20 per litre"
Six Hundred Pounds of Sin,"€ 24,99",United States,4.18,Transient Artisan Ales,14%,Stout - Imperial / Double,500ml,"€ 49,98 per litre"
Pruim Belle de Louvain,"€ 36,00",Belgium,4.18,Brouwerij 3 Fonteinen,7.7%,Lambic - Fruit,Bottle 750ml,"€ 48,00 per litre"
Hütten Fichtelgold,"€ 2,10",Germany,3.42,Brauerei Hütten Trassl,5.8%,Märzen,500ml,"€ 4,20 per litre"
Alvinne / Letra XLNC Brandy BA,"€ 21,71",Belgium,4.05,Brouwerij Alvinne,11%,Sour - Other,Bottle 750ml,"€ 28,95 per litre"
Alvinne / De Mederie Rock-a-Billie,"€ 35,51",Belgium,3.98,Brouwerij Alvinne,17%,Mead - Braggot,Bottle 750ml,"€ 47,35 per litre"
Morpheus Wit Moscatel BA,"€ 17,87",Belgium,3.69,Brouwerij Alvinne,5.5%,Wheat Beer - Witbier / Blanche,Bottle 750ml,"€ 23,83 per litre"
Golden Delicious,"€ 2,69",Belgium,3.41,Brouwerij Hof ten Dormaal/ Moon Gazer - Norfolk Brewhouse,7%,Bière de Champagne / Bière Brut,500ml,"€ 5,38 per litre"
Black Gold (2022),"€ 40,79",United States,4.46,Central Waters Brewing Company,10.5%,Stout - Imperial / Double,500ml,"€ 5,38 per litre"
Lustre Dust,"€ 20,80",Denmark,3.76,To Øl,6.7%,Wild Ale - Other,500ml,"€ 5,38 per litre"
Tripping Through Maine (2022),"€ 14,95",United States,4.18,Barreled Souls Brewing Company,14.1%,Stout - Imperial / Double,500ml,"€ 29,90 per litre"
Black Gold (2022),"€ 42,95",United States,4.46,Central Waters Brewing Company,13%,Stout - Imperial / Double,Bottle 650ml,"€ 66,08 per litre"
TenneSPON Traditionelle,"€ 17,95",United States,4.20,Barrique Brewing and Blending,6.5%,Wild Ale - American,500ml,"€ 35,90 per litre"
Mad Scientists (2022),"€ 21,21",United States,4.15,Barreled Souls Brewing Company,13.7%,Barleywine - English,500ml,"€ 42,42 per litre"
Pruim Mirabelle,"€ 36,00",Belgium,4.24,Brouwerij 3 Fonteinen,7.3%,Lambic - Fruit,Bottle 750ml,"€ 48,00 per litre"
Oude Gueuze Cuvée Armand & Gaston Vintage 2019,"€ 20,40",Belgium,4.38,Brouwerij 3 Fonteinen,7%,Lambic - Gueuze,Bottle 375ml,"€ 54,40 per litre"
Perzik Geel,"€ 36,00",Belgium,4.32,Brouwerij 3 Fonteinen,6.7%,Lambic - Fruit,Bottle 750ml,"€ 48,00 per litre"
La Primera Operadora,"€ 6,20",Netherlands,3.71,Stadsbrouwerij 013,10%,Barleywine - Other,Can 440ml,"€ 14,09 per litre"
Barleywine: Maple,"€ 9,50",Portugal,4.13,Lupum,13.5%,Barleywine - Other,330ml,"€ 28,79 per litre"
Schuppenboer: Winter 2022 Rum BA,"€ 17,65",Belgium,3.68,Brouwerij Het Nest,10%,Winter Ale,330ml,"€ 53,48 per litre"
Scotch Ale,"€ 5,70",Germany,3.53,BRLO,10%,Scotch Ale / Wee Heavy,330ml,"€ 17,27 per litre"
Rackhouse: Triple Chocolate Coconut,"€ 29,50",Norway,4.47,LERVIG,14.3%,Stout - Imperial / Double,Bottle 375ml,"€ 78,67 per litre"
3 Bean Stout,"€ 8,00",Norway,4.09,LERVIG/ Way Beer,12%,Stout - Imperial / Double,330ml,"€ 24,24 per litre"
Symbol of Renaissance,"€ 21,50",Denmark,3.94,Baghaven Brewing and Blending,8.2%,Wild Ale - Other,Bottle 750ml,"€ 28,67 per litre"
Nitro Peanut Better Stout,"€ 9,30",Norway,3.89,LERVIG,11.2%,Stout - Imperial / Double Pastry,Can 440ml,"€ 21,14 per litre"
Artisan Six Hundred Pounds of Sin,"€ 31,50",United States,4.18,Transient Artisan Ales,14%,Stout - Imperial / Double,500ml,"€ 63,00 per litre"
Tripping Through Maine (2022),"€ 27,75",United States,4.18,Barreled Souls Brewing Company,14.1%,Stout - Imperial / Double,500ml,"€ 55,50 per litre"
Tame The Wild Cosmos,"€ 27,75",United States,4.18,Barreled Souls Brewing Company,13.7%,Stout - Imperial / Double,500ml,"€ 55,50 per litre"
Uncle Dino's Yummy Bars (2022),"€ 27,75",United States,4.14,Barreled Souls Brewing Company,14%,Stout - Imperial / Double Pastry,500ml,"€ 55,50 per litre"
Banana Karaoke (2022),"€ 27,75",United States,4.04,Barreled Souls Brewing Company,13.5%,Stout - Imperial / Double Pastry,500ml,"€ 55,50 per litre"
Dust Blending: 7 Grappes 2021,"€ 24,95",Belgium,4.12,DUST Blending,7.1%,Farmhouse Ale - Saison,Bottle 750ml,"€ 33,27 per litre"
Dust Blending: Tutti Frutti II 2022,"€ 24,95",Belgium,3.94,DUST Blending,6.5%,Farmhouse Ale - Saison,Bottle 750ml,"€ 33,27 per litre"
Vandenbroek: Watergeus Special Matured Blend 2022,"€ 10,97",Netherlands,4.20,Vandenbroek,6.2%,Lambic - Gueuze,Bottle 375ml,"€ 29,25 per litre"
Vandenbroek: Watergeus Extra Zuur 2020,"€ 17,90",Netherlands,4.13,Vandenbroek,6.2%,Lambic - Gueuze,Bottle 750ml,"€ 23,87 per litre"
Vandenbroek: Greek Apricot 2021,"€ 17,65",Netherlands,3.94,Vandenbroek,6%,Lambic - Fruit,Bottle 750ml,"€ 23,53 per litre"
Vandenbroek: Quetsch Watergeus 2022,"€ 17,45",Netherlands,3.89,Vandenbroek,5.8%,Lambic - Fruit,Bottle 750ml,"€ 23,27 per litre"
Vandenbroek: Watergeus Droef Grape Ale 2021,"€ 22,15",Netherlands,3.70,Vandenbroek,7.5%,Lambic - Gueuze,Bottle 750ml,"€ 29,53 per litre"
Vandenbroek: Perzik Watergeus 2021,"€ 9,45",Netherlands,4.01,Vandenbroek,5.8%,Lambic - Fruit,Bottle 375ml,"€ 25,20 per litre"
Vandenbroek: Pruim Watergeus 2022,"€ 8,95",Netherlands,3.89,Vandenbroek,5.8%,Lambic - Fruit,Bottle 375ml,"€ 23,87 per litre"
Vandenbroek: Fruity Watergeus 2022,"€ 8,65",Netherlands,?,Vandenbroek,6%,Lambic - Fruit,Bottle 375ml,"€ 23,07 per litre"
Hawaiian King,"€ 9,29",United States,4.07,Foley Brothers Brewing,9.5%,Stout - Imperial / Double,Bottle 375ml,"€ 23,07 per litre"
Loom Vanilla,"€ 3,99",United States,3.43,Hudson Valley Brewery,5%,Porter - American,Bottle 375ml,"€ 23,07 per litre"
Tarocco 2021,"€ 20,99",Switzerland,4.18,Chien Bleu,6%,Farmhouse Ale - Saison,Bottle 750ml,"€ 27,99 per litre"
Saison Voisin Mondeuse,"€ 16,79",Switzerland,4.14,Chien Bleu,6%,Farmhouse Ale - Saison,Bottle 750ml,"€ 22,39 per litre"
Saison Voisin Moscato,"€ 16,79",Switzerland,4.14,Chien Bleu,6%,Farmhouse Ale - Saison,Bottle 750ml,"€ 22,39 per litre"
Saison Pompette,"€ 16,24",Switzerland,4.01,Chien Bleu,6.5%,Farmhouse Ale - Saison,Bottle 750ml,"€ 21,65 per litre"
Cédrat,"€ 18,19",Switzerland,4.20,Chien Bleu,6%,Farmhouse Ale - Saison,Bottle 750ml,"€ 24,25 per litre"
Aria,"€ 18,19",Switzerland,4.18,Chien Bleu,6.5%,Farmhouse Ale - Saison,Bottle 750ml,"€ 24,25 per litre"
Double Black Mash 2022 Blackcurrant Mead BA Version,"€ 26,70",Denmark,3.77,Amager Bryghus,12%,Stout - Imperial / Double,Bottle 750ml,"€ 35,60 per litre"
Grand Cru,"€ 6,10",Belgium,3.65,Brouwerij Rodenbach,6%,Sour - Flanders Red Ale,330ml,"€ 18,48 per litre"
Hagger Blend 0422 American Barleywine,"€ 15,95",Austria,4.21,Brauhaus Bevog,12%,Barleywine - Other,330ml,"€ 48,33 per litre"
Dulle Griet Dubbel,"€ 7,75",Belgium,3.29,Scheldebrouwerij,6.5%,Belgian Dubbel,Bottle 750ml,"€ 10,33 per litre"
Brewing Morticia,"€ 9,50",United States,4.01,Barrier Brewing Company,10.1%,Stout - Russian Imperial,473ml,"€ 20,08 per litre"
KCBC Beyond the Abyss,"€ 8,06",United States,3.74,KCBC - Kings County Brewers Collective,10%,Stout - Oatmeal,473ml,"€ 17,04 per litre"
Mager Ur-Hell,"€ 2,00",Germany,3.55,Brauerei Gasthof Grasser,5%,Kellerbier / Zwickelbier,500ml,"€ 4,00 per litre"
Cornet Oaked Strong Golden Ale,"€ 2,70",Belgium,3.61,Brouwerij De Hoorn,8.5%,Belgian Strong Golden Ale,330ml,"€ 8,18 per litre"
Belgian Tripel,"€ 4,60",Belgium,3.73,Bières de Chimay,8%,Belgian Tripel,330ml,"€ 13,94 per litre"
Rood Belgian Dubbel,"€ 4,30",Belgium,3.72,Bières de Chimay,7%,Belgian Dubbel,330ml,"€ 13,03 per litre"
Winter Zjef 2022,"€ 2,10",Belgium,3.63,'t Paenhuys,13%,Stout - Belgian,330ml,"€ 6,36 per litre"
Kwak Blonde,"€ 2,95",Belgium,3.55,Brouwerij Bosteels,7.4%,Blonde / Golden Ale - Other,330ml,"€ 8,94 per litre"
Auld Dubliner,"€ 5,36",United States,3.39,DC Brau Brewing Company,15%,Red Ale - American Amber / Red,355ml,"€ 15,10 per litre"
Framboise,"€ 3,99",Belgium,3.54,Brouwerij Boon,5%,Lambic - Framboise,Bottle 375ml,"€ 10,64 per litre"
Dubbel Brune Bruin,"€ 2,15",Belgium,3.54,Abbaye de Leffe,6.5%,Brown Ale - Belgian,330ml,"€ 6,52 per litre"
BA22 Vol. 8,"€ 7,69",United States,4.13,Oskar Blues Brewery,12.5%,Stout - Imperial / Double,330ml,"€ 6,52 per litre"
Tilquin Rhubarbe 2021-2022,"€ 8,69",Belgium,4.08,Gueuzerie Tilquin,6.3%,Lambic - Other,Bottle 375ml,"€ 23,17 per litre"
Samuel (Batch 4),"€ 339,95",United States,4.68,Hill Farmstead Brewery,6%,Farmhouse Ale - Saison,Bottle 375ml,"€ 23,17 per litre"
Kehrwieder Kentucky Woodford Double Oak BA Imperial Stout,"€ 9,99",Germany,4.13,Kehrwieder Kreativbrauerei,10.9%,Stout - Imperial / Double,330ml,"€ 30,27 per litre"
Kehrwieder Trinidad Rum Barrel Aged Imperial Stout,"€ 9,99",Germany,3.78,Kehrwieder Kreativbrauerei,11.4%,Stout - Imperial / Double,330ml,"€ 30,27 per litre"
Val-Dieu Noel,"€ 7,60",Belgium,3.55,Brasserie de l'Abbaye du Val-Dieu,7%,Winter Warmer,Bottle 750ml,"€ 10,13 per litre"
"Portermass Cocoa Nibs, Vanilla and Cinnamon","€ 7,40",Poland,4.03,Browar PINTA,11%,Porter - Imperial / Double Baltic,330ml,"€ 22,42 per litre"
Risfactor Blueberry and Vanilla,"€ 7,40",Poland,3.88,Browar PINTA,10%,Stout - Imperial / Double,330ml,"€ 22,42 per litre"
Fernbeziehung,"€ 8,00",Germany,3.88,Blech.Brut,6.8%,IPA - New England / Hazy,Can 440ml,"€ 18,18 per litre"
Kellerbier Oak Aged,"€ 5,30",Germany,3.45,Blech.Brut 8 Bit,4.7%,Kellerbier / Zwickelbier,Can 440ml,"€ 12,05 per litre"
Oud Bruin Mega Blend (2022),"€ 16,90",Belgium,3.99,Brouwerij 't Verzet,7%,Sour - Flanders Oud Bruin,Bottle 750ml,"€ 22,53 per litre"
Oud Bruin Vineyard (2021),"€ 4,40",Belgium,3.69,Brouwerij 't Verzet,6%,Sour - Flanders Oud Bruin,330ml,"€ 13,33 per litre"
Double Wood Bocoy Chestnut,"€ 4,00",Belgium,3.57,Brouwerij 't Verzet,6%,Sour - Flanders Oud Bruin,330ml,"€ 12,12 per litre"
Grande Réserve Fermentée en Barriques 2022,"€ 16,49",Belgium,4.12,Bières de Chimay,10.5%,Belgian Strong Dark Ale,Bottle 375ml,"€ 43,97 per litre"
Hommage Bio Wood 2018,"€ 46,80",Belgium,4.49,Brouwerij 3 Fonteinen,6%,Lambic - Framboise,Bottle 750ml,"€ 62,40 per litre"
Hommage Bio Honing 2018,"€ 46,80",Belgium,4.42,Brouwerij 3 Fonteinen,6%,Lambic - Framboise,Bottle 750ml,"€ 62,40 per litre"
Druif/Kriek Dornfelder #26 2021,"€ 37,60",Belgium,4.30,Brouwerij 3 Fonteinen,8.3%,Lambic - Fruit,Bottle 750ml,"€ 50,13 per litre"
Connor,"€ 36,40",United States,4.30,Mason Ale Works/ The Ale Apothecary,9.32%,Wild Ale - American,Bottle 750ml,"€ 48,53 per litre"
Druif Dornfelder #27 2021,"€ 42,00",Belgium,4.23,Brouwerij 3 Fonteinen,7.7%,Lambic - Fruit,Bottle 750ml,"€ 56,00 per litre"
Further,"€ 35,40",United States,4.17,The Veil Brewing Co.,6.4%,Lambic - Traditional,Bottle 750ml,"€ 47,20 per litre"
Mergence IV,"€ 30,50",United States,4.16,The Veil Brewing Co.,6%,Farmhouse Ale - Other,Bottle 750ml,"€ 40,67 per litre"
Druif Muscaris #16 2021,"€ 42,10",Belgium,4.15,Brouwerij 3 Fonteinen,9.1%,Lambic - Fruit,Bottle 750ml,"€ 56,13 per litre"
Coolship Truck 2014,"€ 23,50",United States,4.14,Prairie Artisan Ales,5%,Wild Ale - American,Bottle 375ml,"€ 62,67 per litre"
Closer Glimpse Viognier,"€ 38,00",United States,4.12,The Veil Brewing Co.,9.3%,Lambic - Fruit,Bottle 750ml,"€ 50,67 per litre"
Condor 2020,"€ 29,50",United States,4.08,Black Project Spontaneous & Wild Ales,6.3%,Sour - Other,500ml,"€ 59,00 per litre"
Be Still,"€ 42,30",United States,3.97,The Ale Apothecary,9%,Wild Ale - American,Bottle 750ml,"€ 56,40 per litre"
ANXOREUX,"€ 10,80",United States,3.93,ANXO Cider/ The Bruery Terreux,7%,Wild Ale - American,473ml,"€ 22,83 per litre"
Pink Guava Funk,"€ 6,60",United States,3.86,Prairie Artisan Ales,6.3%,Sour - Fruited,355ml,"€ 18,59 per litre"
Cleveland Cowboy,"€ 8,80",United States,3.86,Prairie Artisan Ales,7.9%,Sour - Smoothie / Pastry,355ml,"€ 24,79 per litre"
Spinning in Infinity,"€ 10,80",United States,3.57,Pipeworks Brewing Company,5.3%,Farmhouse Ale - Saison,473ml,"€ 22,83 per litre"
Beer Geek Fudgesicle Rye Whiskey Barrel Aged Cocoa & Vanille Imperial Oatmeal Stout,"€ 15,95",Denmark,4.33,Mikkeller,11.9%,Stout - Imperial / Double Oatmeal,Bottle 375ml,"€ 42,53 per litre"
Kellerbier 1516,"€ 2,30",Germany,3.66,Bayerische Staatsbrauerei Weihenstephan,5.6%,Kellerbier / Zwickelbier,500ml,"€ 4,60 per litre"
GlühKriek,"€ 13,95",Belgium,3.45,Brouwerij Liefmans,6%,Fruit Beer,Bottle 750ml,"€ 18,60 per litre"
Most Most Premium (Bourbon Barrel 2022),"€ 19,95",United States,4.20,Gigantic Brewing Company,12%,Stout - Russian Imperial,500ml,"€ 39,90 per litre"
Most Most Premium (Port Barrel 2022),"€ 19,95",United States,4.01,Gigantic Brewing Company,12%,Stout - Russian Imperial,500ml,"€ 39,90 per litre"
My Æbleskive Is Bigger Than Yours,"€ 20,80",Denmark,3.73,To Øl,17.2%,Barleywine - Other,500ml,"€ 39,90 per litre"
Runxter stout,"€ 3,57",Belgium,2.83,Brouwerij Donbosvalk,6.6%,Stout - Irish Dry,330ml,"€ 10,82 per litre"
"Abrikozen - 37,5cl","€ 13,50",Belgium,3.64,Lambiek Fabriek,5.5%,Lambic - Traditional,Bottle 375ml,"€ 36,00 per litre"
Bersalis Tripel Oak Aged (2021),"€ 8,57",Belgium,3.96,Oud Beersel,10.5%,Sour - Other,Bottle 375ml,"€ 22,85 per litre"
Moersleutel Buckwheat Malt,"€ 9,80",Netherlands,3.93,Moersleutel Craft Brewery,11%,Stout - Imperial / Double,Can 440ml,"€ 22,27 per litre"
Armout Macleod,"€ 3,23",Belgium,3.42,BRAUW,8.4%,Scotch Ale / Wee Heavy,330ml,"€ 9,79 per litre"
Père de Noel,"€ 3,90",Belgium,3.45,Brouwerij De Ranke,7%,Winter Ale,330ml,"€ 11,82 per litre"
Fecce,"€ 15,89",Belgium,3.95,La Source Beer Co.,4.5%,Wild Ale - Other,Bottle 750ml,"€ 21,19 per litre"
Cronos,"€ 15,89",Belgium,4.07,La Source Beer Co.,5.7%,Grape Ale - Other,Bottle 750ml,"€ 21,19 per litre"
Chimère,"€ 10,97",Belgium,4.02,La Source Beer Co.,4.9%,Grape Ale - Other,Bottle 750ml,"€ 14,63 per litre"
Gouden Carolus Hopsinjoor Belgian IPA,"€ 2,60",Belgium,3.59,Brouwerij Het Anker,8%,IPA - Belgian,330ml,"€ 7,88 per litre"
Avec les bons Voeux,"€ 5,60",Belgium,3.80,Brasserie Dupont,9.5%,Farmhouse Ale - Saison,Bottle 370ml,"€ 15,14 per litre"
Wheat From Desire Oloroso & Rum Barrel Aged Wheat Wine,"€ 6,95",Netherlands,3.97,Jopen,12%,Wheat Beer - Wheat Wine,330ml,"€ 21,06 per litre"
Wheat From Desire Tomintoul Barrel Aged Wheat Wine,"€ 6,95",Netherlands,3.95,Jopen,11.5%,Wheat Beer - Wheat Wine,330ml,"€ 21,06 per litre"
Baladin Xyauyu Kentucky 2017,"€ 41,30",Italy,4.45,BIRRIFICIO AGRICOLO BALADIN - Baladin Indipendente Italian Farm Brewery,14%,Barleywine - Other,500ml,"€ 82,60 per litre"
Struise Tjeeses Reserva 2020,"€ 4,42",Belgium,3.73,De Struise Brouwers,10%,Winter Ale,330ml,"€ 13,39 per litre"
D.I.C Peanutbutter And Coconut Cookies,"€ 8,60",Norway,3.99,Amundsen Brewery,10.5%,Stout - Imperial / Double Pastry,330ml,"€ 26,06 per litre"
Witte,"€ 2,30",Netherlands,3.60,Bierbrouwerij De Koningshoeven,5.5%,Wheat Beer - Witbier / Blanche,330ml,"€ 6,97 per litre"
Oude Gueuze Cuvée René,"€ 5,81",Belgium,3.73,Brouwerij Lindemans,6%,Lambic - Gueuze,Bottle 750ml,"€ 7,75 per litre"
Skeleton Key 2021,"€ 20,69",Canada,4.31,Bellwoods Brewery,13%,Stout - Imperial / Double,500ml,"€ 41,38 per litre"
Motley Cru (2021),"€ 16,25",Canada,4.11,Bellwoods Brewery,6.4%,Wild Ale - Other,500ml,"€ 32,50 per litre"
Farmageddon - Norfolk Montmorency Cherries 2021,"€ 19,91",Canada,4.06,Bellwoods Brewery,5.5%,Wild Ale - American,500ml,"€ 39,82 per litre"
Motley Cru (2022),"€ 15,75",Canada,4.05,Bellwoods Brewery,6.1%,Wild Ale - Other,500ml,"€ 31,50 per litre"
Vines - Big Red (Harvest 2020),"€ 19,95",Canada,4.04,Bellwoods Brewery,9%,Wild Ale - Other,500ml,"€ 39,90 per litre"
Grisette,"€ 9,97",Canada,3.63,Bellwoods Brewery,3.9%,Farmhouse Ale - Grisette,500ml,"€ 19,94 per litre"
White 12,"€ 6,00",Czech Republic,3.51,Rodinný Pivovar Zichovec,5.2%,Wheat Beer - Witbier / Blanche,500ml,"€ 12,00 per litre"
De Cam Kwee-peer-appel-Quince Lambic,"€ 10,82",Belgium,4.00,Geuzestekerij De Cam,5%,Lambic - Fruit,Bottle 375ml,"€ 28,85 per litre"
Not Your Grandma´s Rote Grutze,"€ 7,70",Germany,3.74,Sudden Death Brewing Co.,5%,Sour - Fruited,Can 440ml,"€ 17,50 per litre"
Adriaen Brouwer Audenaerds Bruyn,"€ 1,90",Belgium,3.18,Brouwerij Roman,5%,Brown Ale - Belgian,Can 440ml,"€ 17,50 per litre"
24181 Tripel,"€ 2,80",Belgium,3.76,Brouwerij De Halve Maan,9%,Belgian Tripel,330ml,"€ 8,48 per litre"
Black Albert,"€ 4,10",Belgium,4.18,De Struise Brouwers,13%,Stout - Belgian,330ml,"€ 12,42 per litre"
Aupa Tovarisch,"€ 5,00",Spain,4.07,Laugar Brewery,12%,Stout - Russian Imperial,330ml,"€ 15,15 per litre"
Jule Malt (2022),"€ 14,70",Denmark,3.74,To Øl,13%,Stout - Imperial / Double Milk,Bottle 375ml,"€ 39,20 per litre"
Nostalgia Collection #9 – Het eeuwfeest (Limited Edition),"€ 3,43",Belgium,3.55,Brouwerij Kompel,9.5%,Bière de Champagne / Bière Brut,330ml,"€ 10,39 per litre"
Kerel Dark IPA,"€ 2,85",Belgium,3.45,VBDCK Brewery,6.6%,IPA - Black / Cascadian Dark Ale,330ml,"€ 8,64 per litre"
Inferno Tripel,"€ 3,30",Belgium,3.52,Gentse Gruut Stadsbrouwerij,9%,Historical Beer - Gruit / Ancient Herbed Ale,330ml,"€ 10,00 per litre"
OG Armand & Gaston 20/21 Assemblage n° 77,"€ 22,92",Belgium,4.14,Brouwerij 3 Fonteinen,6.8%,Lambic - Gueuze,Bottle 750ml,"€ 30,56 per litre"
Pastore L'Albicocca,"€ 8,70",England,3.93,Pastore Brewing and Blending,5.6%,Wild Ale - Other,Bottle 375ml,"€ 23,20 per litre"
Laugar Wild Nation Beraskola,"€ 8,13",Spain,3.95,Wild Nation,6.5%,Wild Ale - Other,Bottle 375ml,"€ 21,68 per litre"
Laugar Wild Nation Zaldu,"€ 8,52",Spain,3.95,Wild Nation,5.4%,Wild Ale - Other,Bottle 375ml,"€ 22,72 per litre"
Laugar Wild Nation Zubiete,"€ 7,23",Spain,3.90,Wild Nation,5.9%,Wild Ale - Other,Bottle 375ml,"€ 19,28 per litre"
SvhL XIV.iii Langste Nacht 2019 | Karwijzaad Op Het Koelschip,"€ 29,95",Belgium,4.18,Brouwerij 3 Fonteinen,6.2%,Lambic - Other,Bottle 750ml,"€ 39,93 per litre"
White Russian Hornswoggler,"€ 40,99",United States,4.27,The Veil Brewing Co.,8.5%,Stout - Imperial / Double Milk,500ml,"€ 81,98 per litre"
Further,"€ 36,99",United States,4.17,The Veil Brewing Co.,6.4%,Lambic - Traditional,500ml,"€ 81,98 per litre"
Dolle Brouwers Dulle Teve,"€ 4,40",Belgium,3.83,Brouwerij De Dolle Brouwers,10%,Belgian Tripel,330ml,"€ 13,33 per litre"
Struise Cuvee Delphine (2020),"€ 5,50",Belgium,4.13,De Struise Brouwers,13%,Stout - Russian Imperial,330ml,"€ 16,67 per litre"
Beer Roots,"€ 6,99",England,3.84,The Wild Beer Co,9.5%,Hard Ginger Beer,330ml,"€ 21,18 per litre"
Blond Alcoholvrij,"€ 2,30",Netherlands,3.53,Van Zoolingen,7%,Belgian Blonde,330ml,"€ 6,97 per litre"
Woesten Allt-a- Bhainne,"€ 12,50",Belgium,4.30,Deca Brouwerij,10.5%,Belgian Strong Dark Ale,500ml,"€ 25,00 per litre"
Woesten Cognac (AFBC) BA,"€ 12,50",Belgium,4.28,Deca Brouwerij,10.5%,Winter Warmer,500ml,"€ 25,00 per litre"
Dalmunach - Whisky en bier gerijpt op hetzelfde vat,"€ 84,50",Belgium,4.18,Deca Brouwerij,10.5%,Winter Warmer,500ml,"€ 25,00 per litre"
Woesten Dalmunach Whisky BA,"€ 12,50",Belgium,4.18,Deca Brouwerij,10.5%,Winter Warmer,500ml,"€ 25,00 per litre"
Glenrothes - Whisky en bier gerijpt op hetzelfde vat,"€ 79,00",Belgium,4.18,,10.5%,Winter Warmer,500ml,"€ 25,00 per litre"
Promotion,"€ 8,60",United States,3.94,Aslin Beer Company,6.5%,Sour - Fruited,Can 440ml,"€ 19,55 per litre"
Mush,"€ 6,80",England,3.83,Beak Brewery,6%,Sour - Fruited,Can 440ml,"€ 15,45 per litre"
Umbrella Proof,"€ 7,70",Denmark,3.29,Gamma Brewing Company,8%,Sour - Fruited,Can 440ml,"€ 17,50 per litre"
Torpedo,"€ 3,29",United States,3.72,Sierra Nevada Brewing Co.,7.2%,IPA - American,355ml,"€ 9,27 per litre"
Java The Stout,"€ 8,60",United States,3.92,Jackie O's Brewery,6.5%,Stout - Coffee,355ml,"€ 24,23 per litre"
Provisions with Chef Brooke: The Spice,"€ 17,87",United States,3.87,The Bruery,10.2%,Stout - Imperial / Double,Bottle 750ml,"€ 23,83 per litre"
Oude Geuze Cuvée Armand & Gaston Vintage 2019,"€ 20,40",Belgium,4.38,Brouwerij 3 Fonteinen,7%,Lambic - Gueuze,Bottle 375ml,"€ 54,40 per litre"
Frambozenlambik (Season 21|22) Blend No. 13,"€ 42,00",Belgium,4.16,Brouwerij 3 Fonteinen,6.4%,Lambic - Framboise,Bottle 750ml,"€ 56,00 per litre"
Frambozenlambik (Season 21|22) Blend No. 11,"€ 42,00",Belgium,4.12,Brouwerij 3 Fonteinen,6.4%,Lambic - Framboise,Bottle 750ml,"€ 56,00 per litre"
Frambozenlambik (Season 21|22) Blend No. 12,"€ 42,00",Belgium,4.09,Brouwerij 3 Fonteinen,6.4%,Lambic - Framboise,Bottle 750ml,"€ 56,00 per litre"
Sybil,"€ 20,99",Switzerland,4.08,Chien Bleu,8.2%,Farmhouse Ale - Saison,Bottle 750ml,"€ 27,99 per litre"
Crooked Stave Senor Cybies Cherries & Berries 2019,"€ 18,19",United States,4.02,Crooked Stave Artisan Beer Project,8.4%,Sour - Fruited,Bottle 750ml,"€ 24,25 per litre"
Oude Geuze 20/21 Assemblage n°30,"€ 7,19",Belgium,4.24,Brouwerij 3 Fonteinen,7.3%,Lambic - Gueuze,Bottle 375ml,"€ 19,17 per litre"
Barrel West-Fries Barleywine,"€ 2,95",Netherlands,3.53,De Bierbroeders,10%,Barleywine - English,330ml,"€ 8,94 per litre"
Barrel West-Fries Dubbel,"€ 2,95",Netherlands,3.29,De Bierbroeders,6.9%,Belgian Dubbel,330ml,"€ 8,94 per litre"
Barrel West-Fries Blond,"€ 2,95",Netherlands,3.23,De Bierbroeders,6.3%,Blonde / Golden Ale - Other,330ml,"€ 8,94 per litre"
Hertl Schwiegervaters Stolz,"€ 2,40",Germany,3.28,Braumanufaktur Hertl,4.9%,Rauchbier,500ml,"€ 4,80 per litre"
Blaugies Darbyste,"€ 5,61",Belgium,3.62,Brasserie de Blaugies,5.8%,Farmhouse Ale - Saison,Bottle 375ml,"€ 14,96 per litre"
Caramel Fudge Stout Moscatel BA,"€ 5,36",Netherlands,4.05,Brouwerij Kees,11%,Stout - Imperial / Double Pastry,330ml,"€ 16,24 per litre"
Slushy XXL Hindu Cush,"€ 13,40",United States,4.00,450 North Brewing Company,5.3%,Sour - Smoothie / Pastry,473ml,"€ 28,33 per litre"
Must Kuld Paper Mill,"€ 6,80",Estonia,3.79,Põhjala,7.8%,Porter - Coffee,330ml,"€ 20,61 per litre"
Buenaveza,"€ 2,50",United States,3.40,Stone Brewing,4.7%,Lager - Mexican,355ml,"€ 7,04 per litre"
Festbier,"€ 7,70",Germany,3.45,FrauGruber Brewing,6.2%,Festbier,Can 440ml,"€ 17,50 per litre"
Scherdel Premium Pilsener,"€ 2,00",Germany,3.08,Scherdel Bier,4.9%,Pilsner - German,500ml,"€ 4,00 per litre"
Tilquin Gueuze 2021-2022,"€ 14,47",Belgium,4.08,Gueuzerie Tilquin,7%,Lambic - Gueuze,Bottle 750ml,"€ 19,29 per litre"
Gimme Danger Gluten Free Imperial Stout,"€ 4,25",Estonia,3.70,Põhjala,10.5%,Gluten-Free,330ml,"€ 12,88 per litre"
Fuzzy Navel,"€ 19,69",United States,4.12,Crooked Stave Artisan Beer Project,7.5%,Sour - Fruited,Bottle 375ml,"€ 52,51 per litre"
Mooie Madam Dubbel,"€ 3,55",Netherlands,3.40,Brouwerij Maallust,7%,Belgian Dubbel,300ml,"€ 11,83 per litre"
Oude Kriek Schar-Elle,"€ 13,95",Belgium,4.07,Lambiek Fabriek,6.2%,Lambic - Kriek,Bottle 750ml,"€ 18,60 per litre"
DDVD Korenaar Rien Ne Va Plus 4 Years BA,"€ 25,95",Belgium,4.03,Brouwerij De Dochter van de Korenaar,19%,Barleywine - Other,500ml,"€ 51,90 per litre"
STICKY STICKY,"€ 6,40",Spain,4.11,Garage Beer Co.,12%,Stout - Imperial / Double Pastry,330ml,"€ 19,39 per litre"
Rebel Monk 2,"€ 4,90",France,3.79,The Piggy Brewing Company,5.6%,Farmhouse Ale - Saison,330ml,"€ 14,85 per litre"
Twisted Cake - BA Four Roses,"€ 12,00",Romania,4.23,Blackout Brewing,13%,Stout - Imperial / Double Pastry,330ml,"€ 36,36 per litre"
Anti-Cake BA French Antilles Rum,"€ 11,40",Romania,4.22,Blackout Brewing,11%,Stout - Imperial / Double Pastry,330ml,"€ 34,55 per litre"
Perpetual Crunch - Bourbon BA,"€ 10,60",Romania,4.22,Blackout Brewing,11%,Stout - Imperial / Double Pastry,330ml,"€ 32,12 per litre"
Geisha - Cognac BA,"€ 12,00",Romania,4.04,Blackout Brewing,11%,Stout - Imperial / Double Coffee,330ml,"€ 36,36 per litre"
Barbados Rum BA Sleep No More,"€ 12,00",Romania,4.00,Blackout Brewing,13%,Stout - Imperial / Double Coffee,330ml,"€ 36,36 per litre"
Humanizing the Machine,"€ 12,00",Romania,3.97,Blackout Brewing,11%,Barleywine - American,330ml,"€ 36,36 per litre"
Sleep No More,"€ 8,10",Romania,3.92,Blackout Brewing,11%,Stout - Imperial / Double Coffee,330ml,"€ 24,55 per litre"
Fabricating the Human,"€ 12,00",Romania,3.90,Blackout Brewing,11%,Stout - Imperial / Double Coffee,330ml,"€ 36,36 per litre"
Entropy - French Brandy BA,"€ 10,60",Romania,3.79,Blackout Brewing,11%,Stout - Imperial / Double,330ml,"€ 32,12 per litre"
Smoke And Mirrors,"€ 8,80",Romania,3.76,Acan Brewing,13%,Barleywine - American,330ml,"€ 26,67 per litre"
Double Vanilla Scoop Shake,"€ 26,90",United States,4.14,3 Sons Brewing Co.,12.5%,Stout - Imperial / Double Pastry,Bottle 375ml,"€ 71,73 per litre"
The Return (Collab w/ The Veil),"€ 34,90",United States,3.89,3 Sons Brewing Co.,12.5%,Barleywine - English,500ml,"€ 69,80 per litre"
Mooi De Klos BA - Piana Vyshnia,"€ 5,95",Netherlands,3.88,Stadsbrouwerij 013,10%,Stout - Russian Imperial,330ml,"€ 18,03 per litre"
"Roll Me One of Those, Cowboy","€ 12,99",United States,4.19,Fat Orange Cat Brew Co.,13%,Stout - Imperial / Double Coffee,,
DOK Hof Van Cassisen,"€ 28,95",Belgium,4.16,Dok Brewing Company,6%,Sour - Other,Bottle 750ml,"€ 38,60 per litre"
DOK Damn Lambic Porter Makers Mark BA,"€ 29,45",Belgium,3.67,Dok Brewing Company,7%,Wild Ale - Other,Bottle 750ml,"€ 39,27 per litre"
Quadrupel,"€ 6,95",Netherlands,3.91,Bierbrouwerij De Koningshoeven,10%,Belgian Quadrupel,Bottle 750ml,"€ 9,27 per litre"
Kerstbier,"€ 7,95",Netherlands,3.30,Brouwerij Klein Duimpje,8.5%,Winter Warmer,Bottle 750ml,"€ 10,60 per litre"
Lervig Paragon 2021,"€ 21,65",Norway,4.24,LERVIG,13.8%,Barleywine - Other,Bottle 375ml,"€ 57,73 per litre"
Oto mata IPA,"€ 2,20",Poland,3.52,Browar PINTA,5.8%,IPA - Other,10-pack,"Total price: € 2,20"
PINTA A Ja Pale Ale,"€ 2,10",Poland,3.50,Browar PINTA,5%,Pale Ale - American,10-pack,"Total price: € 2,10"
"Duvel 6,66","€ 2,25",Belgium,3.61,Duvel Moortgat,6.66%,Belgian Blonde,330ml,"€ 6,82 per litre"
Berry White,"€ 2,20",Belgium,3.37,Bierfirma Ultima,5.5%,Fruit Beer,330ml,"€ 6,67 per litre"
Soleille,"€ 20,12",Belgium,3.84,Lambiek Fabriek,8.7%,Lambic - Fruit,Bottle 750ml,"€ 26,83 per litre"
VAT 86,"€ 13,28",Belgium,4.08,Brouwerij Boon,8.5%,Lambic - Gueuze,Bottle 375ml,"€ 35,41 per litre"
Hommage No 9 18/19,"€ 45,92",Belgium,4.33,Brouwerij 3 Fonteinen,6%,Lambic - Fruit,Bottle 750ml,"€ 61,23 per litre"
Oude Kriek,"€ 7,15",Belgium,3.97,Hanssens Artisanaal,6.5%,Lambic - Kriek,Bottle 375ml,"€ 19,07 per litre"
Cassis,"€ 8,81",Belgium,3.78,Hanssens Artisanaal,6%,Lambic - Fruit,Bottle 375ml,"€ 23,49 per litre"
Embrasse Whiskey Barrel Aged,"€ 7,69",Belgium,3.68,Brouwerij De Dochter van de Korenaar,9%,Belgian Strong Dark Ale,330ml,"€ 23,30 per litre"
Achel Blond Extra,"€ 13,75",Belgium,3.67,Brouwerij der Sint-Benedictusabdij De Achelse Kluis,8%,Belgian Tripel,Bottle 750ml,"€ 18,33 per litre"
Sidra Natural,"€ 6,95",Netherlands,3.67,Elegast Cidery,7.5%,Cider - Traditional / Apfelwein,500ml,"€ 13,90 per litre"
Muscar-Elle,"€ 16,28",Belgium,4.05,Lambiek Fabriek,7%,Lambic - Fruit,Bottle 750ml,"€ 21,71 per litre"
Pinot gris,"€ 24,49",Belgium,4.30,Gueuzerie Tilquin,8.4%,Lambic - Fruit,Bottle 750ml,"€ 32,65 per litre"
Oude Geuze,"€ 10,60",Belgium,4.05,Geuzestekerij De Cam,6%,Lambic - Gueuze,Bottle 375ml,"€ 28,27 per litre"
VAT 31,"€ 14,38",Belgium,3.99,Brouwerij Boon,8.5%,Lambic - Gueuze,Bottle 375ml,"€ 38,35 per litre"
La Trappe Isid'or,"€ 3,64",Netherlands,3.75,Bierbrouwerij De Koningshoeven,7.5%,Belgian Strong Golden Ale,330ml,"€ 11,03 per litre"
Grand Cru,"€ 3,42",Belgium,3.75,Brasserie de l'Abbaye des Rocs,10%,Belgian Strong Dark Ale,330ml,"€ 10,36 per litre"
Sonnen Hill - Barb - Saison w/ Rhubarb,"€ 16,80",Canada,3.91,Sonnen Hill Brewing,4.5%,Farmhouse Ale - Other,Bottle 750ml,"€ 22,40 per litre"
Sonnen Hill - Apple Beer - Saison w/ Apples,"€ 14,40",Canada,3.84,Sonnen Hill Brewing,4.8%,Farmhouse Ale - Other,Bottle 750ml,"€ 19,20 per litre"
Tricky Tripel,"€ 3,80",Netherlands,3.51,Gebrouwen Door Vrouwen,7.8%,Belgian Tripel,330ml,"€ 11,52 per litre"
Peanut Cacao Stout 2021,"€ 17,30",Czech Republic,4.32,Rodinný Pivovar Zichovec,14.5%,Stout - Imperial / Double Pastry,Bottle 375ml,"€ 46,13 per litre"
Coffee Maple Syrup Stout 2021,"€ 17,30",Czech Republic,4.24,Rodinný Pivovar Zichovec,14.5%,Stout - Imperial / Double Coffee,Bottle 375ml,"€ 46,13 per litre"
Stout Bourbon 2021,"€ 16,80",Czech Republic,4.19,Rodinný Pivovar Zichovec,14.5%,Stout - Imperial / Double,Bottle 375ml,"€ 44,80 per litre"
Coffee Stout 2021,"€ 17,30",Czech Republic,4.17,Rodinný Pivovar Zichovec,13%,Stout - Imperial / Double Coffee,Bottle 375ml,"€ 46,13 per litre"
10 Years of Innovation,"€ 7,40",Czech Republic,3.97,Rodinný Pivovar Zichovec,6%,Sour - Smoothie / Pastry,500ml,"€ 14,80 per litre"
Sour 12 Passion Fruit,"€ 7,40",Czech Republic,3.75,Rodinný Pivovar Zichovec,5.1%,Sour - Fruited,500ml,"€ 14,80 per litre"
IPA,"€ 2,50",United States,3.75,Stone Brewing,6.9%,IPA - American,355ml,"€ 7,04 per litre"
St. Bernardus Christmas Ale 33cl,"€ 5,00",Belgium,3.86,Brouwerij St.Bernardus,10%,Winter Ale,330ml,"€ 15,15 per litre"
Père Noël Winter Ale,"€ 4,60",Belgium,3.45,Brouwerij De Ranke,7%,Winter Ale,330ml,"€ 13,94 per litre"
My Honningkage,"€ 14,80",Denmark,3.75,To Øl,12.3%,Barleywine - Other,330ml,"€ 13,94 per litre"
Paragon 2021 By Rackhouse,"€ 18,55",Norway,4.24,LERVIG,13.8%,Barleywine - Other,Bottle 375ml,"€ 49,47 per litre"
Saison D'Erpe-Mere,"€ 8,05",Belgium,3.73,Brouwerij De Glazen Toren,6.5%,Farmhouse Ale - Saison,Bottle 750ml,"€ 10,73 per litre"
Frambozenlambiek Oogst 2021 21/22 Assemblage n°12,"€ 39,13",Belgium,4.25,Brouwerij 3 Fonteinen,6.4%,Lambic - Framboise,Bottle 750ml,"€ 52,17 per litre"
Frambozenlambiek Oogst 2021 21/22 Assemblage n°13,"€ 39,13",Belgium,4.25,Brouwerij 3 Fonteinen,6.4%,Lambic - Framboise,Bottle 750ml,"€ 52,17 per litre"
Cherry Me,"€ 6,69",Poland,3.87,Browar Stu Mostów,11.2%,Stout - Imperial / Double Pastry,330ml,"€ 20,27 per litre"
Lervig Paragon 2021,"€ 18,99",Norway,4.24,LERVIG,12%,Barleywine - Other,Bottle 375ml,"€ 50,64 per litre"
Hop Harvest 2022,"€ 8,42",Belgium,3.76,Brouwerij De Ranke,5.5%,Farmhouse Ale - Saison,Bottle 750ml,"€ 11,23 per litre"
Bloedbroeder Imperial Stout,"€ 3,25",Netherlands,3.47,KOMPAAN Dutch Craft Beer Company,9.1%,Stout - Imperial / Double,Can 330ml,"€ 9,85 per litre"
Odd Grain Series: Buckwheat,"€ 5,50",Netherlands,3.86,Moersleutel Craft Brewery,11%,Porter - Imperial / Double,Can 440ml,"€ 12,50 per litre"
Rode Perzik,"€ 18,98",Belgium,4.32,Brouwerij 3 Fonteinen,6.2%,Lambic - Fruit,Bottle 750ml,"€ 25,31 per litre"
Pruim Belle de Louvain,"€ 18,19",Belgium,4.18,Brouwerij 3 Fonteinen,6.8%,Lambic - Fruit,Bottle 750ml,"€ 24,25 per litre"
Muscar-Elle Juicy & Wild,"€ 10,02",Belgium,4.05,Lambiek Fabriek,6.8%,Lambic - Fruit,Bottle 750ml,"€ 13,36 per litre"
Cuvée de Mortagne Oloroso BA,"€ 5,51",Belgium,3.99,Brouwerij Alvinne,12.8%,Belgian Quadrupel,330ml,"€ 16,70 per litre"
Moen Harvest,"€ 17,95",Belgium,3.82,Brouwerij Alvinne,5%,Wild Ale - Other,Bottle 750ml,"€ 23,93 per litre"
Berliner Vlierbloesem & Gedroogde Vijgen (Elderflower & Dried Fig),"€ 3,62",Belgium,3.72,Brouwerij Alvinne,4%,Sour - Fruited Berliner Weisse,330ml,"€ 10,97 per litre"
Cuvée Théo Margaux BA,"€ 4,61",Belgium,3.65,Brouwerij Alvinne,9%,Farmhouse Ale - Saison,330ml,"€ 13,97 per litre"
Verzet Oud Bruin Megablend 2022,"€ 17,36",Belgium,3.99,Brouwerij 't Verzet,7%,Sour - Flanders Oud Bruin,Bottle 750ml,"€ 23,15 per litre"
Verzet Oud Bruin Double Wood,"€ 16,49",Belgium,3.59,Brouwerij 't Verzet,6.9%,Sour - Flanders Oud Bruin,Bottle 750ml,"€ 21,99 per litre"
Barley Wine,"€ 4,35",Netherlands,3.82,Muifelbrouwerij,12%,Barleywine - American,330ml,"€ 13,18 per litre"
Beerskey Highly Peated Ale,"€ 4,60",Netherlands,3.45,Muifelbrouwerij,11%,Smoked Beer,330ml,"€ 13,94 per litre"
Birodalmi Bagoly Rum BA,"€ 8,52",Hungary,4.17,Balkezes,12%,Porter - Imperial / Double Baltic,330ml,"€ 25,82 per litre"
Epic Brewing Double Barrel Big Bad Baptist 2021,"€ 27,50",United States,4.23,"Epic Brewing Co. (Utah, Colorado)",11.5%,Stout - Imperial / Double Coffee,330ml,"€ 25,82 per litre"
Lervig Rackhouse Paragon 2021,"€ 19,99",Norway,4.24,LERVIG,13.8%,Barleywine - Other,Bottle 375ml,"€ 53,31 per litre"
Gouden Carolus Classic,"€ 2,60",Belgium,3.73,Brouwerij Het Anker,8.5%,Belgian Strong Dark Ale,330ml,"€ 7,88 per litre"
Voodoo Priest Imperial Stout Aged In Cherry Brandy Barrels,"€ 34,99",Germany,4.22,FrauGruber Brewing,13.8%,Stout - Imperial / Double,500ml,"€ 69,98 per litre"
KBS Cinnamon Vanilla Cocoa (2021),"€ 7,00",United States,4.12,Founders Brewing Co.,12%,Stout - Imperial / Double Coffee,355ml,"€ 19,72 per litre"
Westbrook / Evil Twin Imperial Mexican Biscotti Cake Break,"€ 17,25",United States,4.17,Evil Twin Brewing/ Westbrook Brewing Co.,10.5%,Stout - Imperial / Double Pastry,Bottle 650ml,"€ 26,54 per litre"
Old Stock Ale 2022,"€ 7,10",United States,3.93,North Coast Brewing Company,12%,Old / Stock Ale,355ml,"€ 20,00 per litre"
Velvet Rush,"€ 5,90",United States,3.90,Founders Brewing Co.,11.1%,Brown Ale - Imperial / Double,355ml,"€ 16,62 per litre"
Kutbier Blond Met Pruimen,"€ 3,50",Netherlands,3.36,Brouwerij Boegbeeld,6.3%,Belgian Blonde,330ml,"€ 10,61 per litre"
Jandrain-Jandrenouille VI Wheat,"€ 2,25",Belgium,3.52,Brasserie de Jandrain-Jandrenouille,6%,Wheat Beer - Witbier / Blanche,330ml,"€ 6,82 per litre"
Frederiksdal Oude Kriek 7,"€ 10,10",Belgium,3.89,Brouwerij Boon,6.5%,Lambic - Kriek,Bottle 375ml,"€ 26,93 per litre"
Candy2,"€ 7,40",Sweden,3.85,Dugges Bryggeri,11.5%,Stout - Imperial / Double,330ml,"€ 22,42 per litre"
Tropical Smoothie 17,"€ 5,30",Czech Republic,3.83,Rodinný Pivovar Zichovec,7%,Sour - Smoothie / Pastry,500ml,"€ 10,60 per litre"
Frederiksdal Oude Kriek 5,"€ 10,10",Belgium,3.76,Brouwerij Boon,6.5%,Lambic - Kriek,Bottle 375ml,"€ 26,93 per litre"
Sklizeň 2022,"€ 6,60",Czech Republic,3.54,Chroust,5%,Pilsner - Czech / Bohemian,500ml,"€ 13,20 per litre"
Struise Zombination II (L.E.M.M.Y.),"€ 84,99",Belgium,4.45,De Struise Brouwers,17%,Stout - Imperial / Double,Bottle 750ml,"€ 113,32 per litre"
Struise Black Damnation XX-Ma Boule,"€ 29,74",Belgium,4.24,De Struise Brouwers,13%,Stout - Russian Imperial,Bottle 750ml,"€ 39,65 per litre"
Struise Black Damnation XVIII-Major Tom,"€ 29,74",Belgium,4.23,De Struise Brouwers,13%,Stout - Russian Imperial,Bottle 750ml,"€ 39,65 per litre"
Struise Black Damnation XVI-Ivan the Terrible,"€ 29,74",Belgium,4.21,De Struise Brouwers,15%,Stout - Russian Imperial,Bottle 750ml,"€ 39,65 per litre"
Struise Black Damnation XVII- Ben,"€ 29,74",Belgium,4.17,De Struise Brouwers,13%,Stout - Russian Imperial,Bottle 750ml,"€ 39,65 per litre"
Struise Black Damnation XXII-Willy,"€ 29,74",Belgium,4.14,De Struise Brouwers,13%,Stout - Russian Imperial,Bottle 750ml,"€ 39,65 per litre"
Gloed,"€ 9,60",Netherlands,3.78,Nevel Wild Ales,5.8%,Wild Ale - Other,,
Gloed,"€ 18,00",Netherlands,3.78,Nevel Wild Ales,5.8%,Wild Ale - Other,,
Bourbon Barrel Dark Apparition 2022,"€ 23,80",United States,4.33,Jackie O's Brewery,11.3%,Stout - Russian Imperial,Bottle 375ml,"€ 63,47 per litre"
Bourbon Barrel Oil Of Aphrodite 2022 Imperial Stout,"€ 23,60",United States,4.33,Jackie O's Brewery,13.5%,Stout - Imperial / Double,Bottle 375ml,"€ 62,93 per litre"
Sally and Irma - Alcohol Free,"€ 4,10",Denmark,3.10,Mikkeller,0.3%,Non-Alcoholic - Other,330ml,"€ 12,42 per litre"
Sally and Irma - Alcohol Free,"€ 82,10",Denmark,3.10,Mikkeller,0.3%,Non-Alcoholic - Other,24-pack,"Total price: € 82,10"
Sally and Irma - Alcohol Free,"€ 43,50",Denmark,3.10,Mikkeller,0.3%,Non-Alcoholic - Other,12-pack,"Total price: € 43,50"
Sally and Irma - Alcohol Free,"€ 23,00",Denmark,3.10,Mikkeller,0.3%,Non-Alcoholic - Other,6-pack,"Total price: € 23,00"
Legio IV,"€ 5,80",Belgium,3.52,Galea Craft Beers,7%,Sour - Fruited,330ml,"€ 17,58 per litre"
Brew 6000,"€ 36,99",United States,4.45,Fremont Brewing,11.9%,Barleywine - English,330ml,"€ 17,58 per litre"
Coconut Cacao Barrel Aged Dark Star 2022,"€ 36,99",United States,4.35,Fremont Brewing,13.5%,Stout - Imperial / Double Oatmeal,Bottle 650ml,"€ 56,91 per litre"
Coffee Cinnamon B-Bomb 2022,"€ 36,99",United States,4.34,Fremont Brewing,13.5%,Winter Ale,Bottle 650ml,"€ 56,91 per litre"
B-Bomb 2021,"€ 31,99",United States,4.25,Fremont Brewing,13.5%,Winter Ale,Bottle 650ml,"€ 56,91 per litre"
13th Anniversary,"€ 37,99",United States,4.26,Fremont Brewing,13.6%,Barleywine - Other,Bottle 650ml,"€ 58,45 per litre"
Full Sleeve,"€ 7,50",United States,3.94,Black Flag Brewing Company,10%,Stout - Imperial / Double,473ml,"€ 15,86 per litre"
Crank,"€ 6,00",United States,3.86,Cycle Brewing Company,7%,IPA - American,355ml,"€ 16,90 per litre"
Raspberry 2020,"€ 49,95",United States,4.29,Hill Farmstead Brewery,6%,Farmhouse Ale - Saison,355ml,"€ 16,90 per litre"
Franc,"€ 27,99",Netherlands,4.27,Tommie Sjef,7.7%,Wild Ale - Other,Bottle 750ml,"€ 37,32 per litre"
Bitter,"€ 27,99",Netherlands,4.19,Tommie Sjef,7%,Farmhouse Ale - Bière de Coupage,Bottle 750ml,"€ 37,32 per litre"
Tommie Cuvée,"€ 27,99",Netherlands,4.07,Tommie Sjef,7.8%,Wild Ale - Other,Bottle 750ml,"€ 37,32 per litre"
ÜberQuell Original Helles,"€ 2,59",Germany,3.32,ÜberQuell Brauwerkstätten,5%,Lager - Helles,330ml,"€ 7,85 per litre"
Pinta Mystery,"€ 13,50",Poland,3.98,PINTA Barrel Brewing,5.5%,Wild Ale - Other,Bottle 375ml,"€ 36,00 per litre"
Pinta Curiosity,"€ 13,20",Poland,3.83,PINTA Barrel Brewing,4%,Wild Ale - Other,Bottle 375ml,"€ 35,20 per litre"
Kestemont: Schaarbeekse Kriek 2022,"€ 17,95",Belgium,3.79,Brouwerij Kestemont,5.5%,Lambic - Kriek,Bottle 750ml,"€ 23,93 per litre"
Kestemont: Oude Kriek 2022,"€ 14,50",Belgium,3.78,Brouwerij Kestemont,5.5%,Lambic - Kriek,Bottle 750ml,"€ 19,33 per litre"
Land Van Mortagne,"€ 3,67",Belgium,3.60,Brouwerij Alvinne,12.8%,Belgian Quadrupel,330ml,"€ 11,12 per litre"
Fuerst Wiacek Pilsner,"€ 2,99",Germany,3.53,FUERST WIACEK,5%,Pilsner - German,Can 440ml,"€ 6,80 per litre"
Bistro Cabana Pink Guava & Coconut,"€ 11,20",United States,3.78,Energy City Brewing,6.5%,Sour - Fruited Berliner Weisse,473ml,"€ 23,68 per litre"
Maple Barrel Stout (2022),"€ 39,95",United States,4.24,Central Waters Brewing Company,10.5%,Stout - Imperial / Double,Bottle 650ml,"€ 61,46 per litre"
Hazelnut (2022),"€ 44,95",United States,4.18,Cycle Brewing Company,11.5%,Stout - Imperial / Double,Bottle 650ml,"€ 69,15 per litre"
CUPAM Imperial Stout Rye Whiskey BA,"€ 11,99",Germany,4.13,Brauerei Lemke,14%,Stout - Imperial / Double,330ml,"€ 36,33 per litre"
Zoltan Tomintoul Barrel Aged Imperial Stout,"€ 9,99",Netherlands,4.12,Van Moll,11%,Stout - Imperial / Double,330ml,"€ 30,27 per litre"
The Black Pot: Smoked Tea (2022) Imperial Stout,"€ 9,99",Romania,4.03,Bereta Brewing Co.,10.5%,Stout - Imperial / Double,330ml,"€ 30,27 per litre"
Zichovec Eis Stout Barrel Aged 2021,"€ 29,99",Czech Republic,3.84,Rodinný Pivovar Zichovec,17.5%,Freeze-Distilled Beer,Bottle 375ml,"€ 79,97 per litre"
Black Damnation XXVI – Froggie,"€ 28,00",Belgium,4.17,De Struise Brouwers,13%,Stout - Russian Imperial,Bottle 750ml,"€ 37,33 per litre"
Octopussy – Black Damnation XXIV (2020),"€ 32,28",Belgium,4.05,De Struise Brouwers,13%,Stout - Russian Imperial,Bottle 750ml,"€ 43,04 per litre"
Oude Kriek Cuvée René (2022),"€ 9,13",Belgium,3.72,Brouwerij Lindemans,7%,Lambic - Kriek,Bottle 375ml,"€ 24,35 per litre"
Peninsula Echegaray Brandy BA,"€ 22,74",Spain,4.04,Cervecera Península,12.5%,Stout - Other,Bottle 750ml,"€ 30,32 per litre"
Heinzlein Dunkel,"€ 2,10",Germany,2.48,"Schlenkerla (""Heller-Bräu"" Trum)",0.9%,Lager - Dark,500ml,"€ 4,20 per litre"
Oude Pinot Gris À l'ancienne,"€ 21,90",Belgium,4.30,Gueuzerie Tilquin,8.4%,Lambic - Fruit,Bottle 750ml,"€ 29,20 per litre"
Oude Riesling À l'ancienne Fruit Lambic with Riesling,"€ 22,75",Belgium,4.29,Gueuzerie Tilquin,8.1%,Lambic - Fruit,Bottle 750ml,"€ 30,33 per litre"
Fermentarium,"€ 20,00",Australia,4.23,Bright Tank Brewing Co,6%,Farmhouse Ale - Saison,Bottle 750ml,"€ 26,67 per litre"
Vandange Blanche,"€ 17,65",Switzerland,4.22,Trois Dames/ À tue-tête,8%,Sour - Fruited,Bottle 750ml,"€ 23,53 per litre"
Oude Gewurzt À l'ancienne Fruit Lambic w Gewurztraminer,"€ 22,75",Belgium,4.22,Gueuzerie Tilquin,8.4%,Lambic - Fruit,Bottle 750ml,"€ 30,33 per litre"
Noire 2021,"€ 15,00",Switzerland,4.19,À tue-tête,7.9%,Sour - Other,Bottle 750ml,"€ 20,00 per litre"
Picture Pot,"€ 18,45",England,4.19,Mills Brewing,6.3%,Sour - Other,Bottle 750ml,"€ 24,60 per litre"
Ghost in The Forest - Guave,"€ 29,55",United States,4.15,The Lost Abbey,6%,Wild Ale - American,Bottle 375ml,"€ 78,80 per litre"
Anniversario 2021,"€ 10,42",Italy,4.14,Ca' del Brado,7.4%,Sour - Other,Bottle 375ml,"€ 27,79 per litre"
Oude,"€ 33,85",United States,4.13,Funk Factory Geuzeria,5.5%,Lambic - Traditional,Bottle 750ml,"€ 45,13 per litre"
Saison Lambic Fruit Des Bois L'Ermitage/Tilquin,"€ 19,60",Belgium,4.12,L'Ermitage,7.5%,Lambic - Fruit,Bottle 750ml,"€ 26,13 per litre"
Farmageddon - No.13,"€ 18,60",Canada,4.12,Bellwoods Brewery,5.8%,Wild Ale - American,500ml,"€ 37,20 per litre"
Foeder Saison,"€ 25,30",United States,4.12,Funk Factory Geuzeria,6%,Farmhouse Ale - Saison,Bottle 750ml,"€ 33,73 per litre"
Anniversario 2020,"€ 8,90",Italy,4.11,Ca' del Brado,7.4%,Sour - Other,Bottle 375ml,"€ 23,73 per litre"
Vandange Rouge,"€ 18,62",Switzerland,4.09,À tue-tête,8.8%,Sour - Fruited,Bottle 750ml,"€ 24,83 per litre"
Oude Rhubarbe Tilquin à L'Ancienne,"€ 17,30",Belgium,4.08,Gueuzerie Tilquin,6.3%,Lambic - Other,Bottle 750ml,"€ 23,07 per litre"
Fleur du Nord,"€ 33,85",United States,4.07,Funk Factory Geuzeria,5.5%,Farmhouse Ale - Saison,Bottle 750ml,"€ 45,13 per litre"
Surette 2021,"€ 12,85",Switzerland,4.07,À tue-tête,6.5%,Sour - Other,Bottle 750ml,"€ 17,13 per litre"
American Anthem 2019 - Dessertbier,"€ 25,65",United States,4.06,The Bruery,14.2%,Brown Ale - Imperial / Double,Bottle 750ml,"€ 34,20 per litre"
Lindley Park,"€ 7,65",United States,4.06,Olde Hickory Brewery,10%,Stout - Imperial / Double,355ml,"€ 21,55 per litre"
Sei Montagne,"€ 9,70",Italy,4.05,Ca' del Brado,7.4%,Sour - Other,Bottle 375ml,"€ 25,87 per litre"
Wild White IGA,"€ 8,73",Italy,4.04,Monpiër de Gherdëina,6.9%,Grape Ale - Italian,Bottle 375ml,"€ 23,28 per litre"
Mash & French Toast,"€ 25,65",United States,4.03,The Bruery,13.4%,Brown Ale - Imperial / Double,Bottle 750ml,"€ 34,20 per litre"
Annuel 2019,"€ 25,65",United States,4.02,The Bruery Terreux,13.5%,Sour - Other,Bottle 750ml,"€ 34,20 per litre"
Prune,"€ 18,72",Switzerland,4.00,À tue-tête,5.6%,Sour - Fruited,Bottle 750ml,"€ 24,96 per litre"
Zena,"€ 7,60",Italy,3.99,Ca' del Brado,6.4%,Sour - Other Gose,Bottle 375ml,"€ 20,27 per litre"
Brett Organic Stock Ale,"€ 20,15",England,3.97,Little Earth Project,10.5%,Brett Beer,Bottle 750ml,"€ 26,87 per litre"
White Picket Fence - Peach,"€ 24,45",Canada,3.97,Bellwoods Brewery,5.7%,Farmhouse Ale - Saison,500ml,"€ 48,90 per litre"
Barn Owl -  No.19,"€ 20,05",Canada,3.95,Bellwoods Brewery,6.8%,Wild Ale - American,500ml,"€ 40,10 per litre"
Tilquin- HORAL's Oude Geuze Mega Blend 2022,"€ 18,00",Belgium,3.94,Brouwerij Boon,7%,Lambic - Gueuze,Bottle 750ml,"€ 24,00 per litre"
Hoiz - Bourbon BA,"€ 11,20",Austria,3.94,Bierol,10.2%,Stout - Russian Imperial,330ml,"€ 33,94 per litre"
Cerise,"€ 20,10",Switzerland,3.94,À tue-tête,7%,Sour - Fruited,Bottle 750ml,"€ 26,80 per litre"
Cassis Rullquin,"€ 19,60",Belgium,3.93,Gueuzerie Tilquin,7.7%,Sour - Fruited,Bottle 750ml,"€ 26,13 per litre"
Invernomuto,"€ 8,60",Italy,3.93,Ca' del Brado,6.8%,Farmhouse Ale - Brett,Bottle 375ml,"€ 22,93 per litre"
Cuvée Iannucci,"€ 12,70",Italy,3.91,Maestri del Sannio,7.6%,Grape Ale - Italian,Bottle 375ml,"€ 33,87 per litre"
Cerbero Green Label,"€ 10,70",Italy,3.90,Ca' del Brado,9.8%,Old / Stock Ale,Bottle 375ml,"€ 28,53 per litre"
Û - Baccarossa,"€ 10,40",Italy,3.90,Ca' del Brado,7.9%,Grape Ale - Italian,Bottle 375ml,"€ 27,73 per litre"
Canon Sauvignon,"€ 15,45",Switzerland,3.90,À tue-tête,6.6%,Sour - Fruited,Bottle 750ml,"€ 20,60 per litre"
Flora,"€ 15,95",Germany,3.89,Schneeeule,3.8%,Wild Ale - Other,Bottle 750ml,"€ 21,27 per litre"
Pié Veloce - Brux Cascade,"€ 7,80",Italy,3.89,Ca' del Brado,7.4%,Brett Beer,Bottle 375ml,"€ 20,80 per litre"
Elderberry Monolith,"€ 15,95",England,3.88,Burning Sky Brewery,9.7%,Wild Ale - Other,Bottle 750ml,"€ 21,27 per litre"
Cuvée de Kiwi - Kiwi Sour Ale,"€ 10,40",Italy,3.87,Ca' del Brado,7.8%,Sour - Fruited,Bottle 375ml,"€ 27,73 per litre"
Feijoa Sour,"€ 17,15",Australia,3.87,Rocky Ridge Brewing Co.,5%,Sour - Other,Bottle 750ml,"€ 22,87 per litre"
La Saison D'Epeautre,"€ 3,67",Belgium,3.87,Brasserie de Blaugies,6%,Farmhouse Ale - Saison,Bottle 375ml,"€ 9,79 per litre"
Winterlambiek - Sparkling Infused,"€ 14,25",Belgium,3.87,Oud Beersel,7.2%,Lambic - Other,Bottle 750ml,"€ 19,00 per litre"
Meerts - Tart Cherry,"€ 20,55",United States,3.86,Funk Factory Geuzeria,4.5%,Sour - Fruited,Bottle 750ml,"€ 27,40 per litre"
Rullquin,"€ 16,40",Belgium,3.84,Brasserie Artisanale de Rulles/ Gueuzerie Tilquin,7%,Sour - Other,Bottle 750ml,"€ 21,87 per litre"
Siphonaptera,"€ 8,60",Scotland,3.83,Epochal Barrel Fermented Ales,3.8%,Table Beer,Bottle 375ml,"€ 22,93 per litre"
August,"€ 15,95",Germany,3.83,Schneeeule,6.5%,Sour - Other,Bottle 750ml,"€ 21,27 per litre"
Wild Gose,"€ 8,13",Italy,3.81,Monpiër de Gherdëina,4.8%,Sour - Fruited Gose,Bottle 375ml,"€ 21,68 per litre"
Ethereal Substances,"€ 9,85",Scotland,3.81,Epochal Barrel Fermented Ales,6.8%,IPA - Brett,Bottle 375ml,"€ 26,27 per litre"
Noyau d'abricot,"€ 9,80",Switzerland,3.81,À tue-tête,6.5%,Sour - Other,Bottle 375ml,"€ 26,13 per litre"
Noyau d'abricot,"€ 18,40",Switzerland,3.81,À tue-tête,6.5%,Sour - Other,Bottle 750ml,"€ 24,53 per litre"
Sandy,"€ 15,95",Germany,3.81,Brewer's Tribute/ Schneeeule,5%,Sour - Fruited Berliner Weisse,Bottle 750ml,"€ 21,27 per litre"
Wild Berliner Weisse,"€ 8,13",Italy,3.79,Monpiër de Gherdëina,4.2%,Sour - Berliner Weisse,Bottle 375ml,"€ 21,68 per litre"
Devine Good Times,"€ 17,15",Australia,3.78,Rocky Ridge Brewing Co.,8%,Farmhouse Ale - Saison,Bottle 750ml,"€ 22,87 per litre"
Meeske,"€ 15,95",Netherlands,3.76,Nevel Wild Ales/ Schneeeule,3.8%,Wild Ale - Other,Bottle 750ml,"€ 21,27 per litre"
Green Label,"€ 9,85",Scotland,3.74,Epochal Barrel Fermented Ales,6.2%,IPA - Brett,Bottle 375ml,"€ 26,27 per litre"
The best cold brew in town,"€ 9,60",Luxembourg,3.73,Totenhopfen Brauhaus,9%,IPA - Imperial / Double,Bottle 375ml,"€ 25,60 per litre"
Jahrgangsweisse Alte,"€ 15,95",Germany,3.72,Schneeeule,6%,Sour - Berliner Weisse,Bottle 750ml,"€ 21,27 per litre"
Ad Infinitum,"€ 9,45",Scotland,3.71,Epochal Barrel Fermented Ales,5.5%,IPA - Brett,Bottle 375ml,"€ 25,20 per litre"
Old Style Saison - Raspberries - 8 months,"€ 6,00",Belgium,3.67,Drogenbos Beer,6.2%,Farmhouse Ale - Saison,330ml,"€ 18,18 per litre"
Blond,"€ 1,72",Netherlands,3.67,Bierbrouwerij De Koningshoeven,6.5%,Belgian Blonde,330ml,"€ 5,21 per litre"
Single Origin Sour,"€ 8,90",Luxembourg,3.65,Totenhopfen Brauhaus,6%,IPA - Sour,Bottle 375ml,"€ 23,73 per litre"
La Saison - V.225,"€ 16,50",Switzerland,3.65,Brasserie des Franches-Montagnes (BFM),6%,Farmhouse Ale - Saison,Bottle 750ml,"€ 22,00 per litre"
Old Style Saison - 5 months,"€ 3,82",Belgium,3.64,Drogenbos Beer,5.9%,Farmhouse Ale - Saison,330ml,"€ 11,58 per litre"
La Biere Darbyste,"€ 3,67",Belgium,3.62,Brasserie de Blaugies,5.8%,Farmhouse Ale - Saison,Bottle 375ml,"€ 9,79 per litre"
Moinette: Ambrée,"€ 2,75",Belgium,3.52,Brasserie Dupont,8.5%,Belgian Strong Golden Ale,330ml,"€ 8,33 per litre"
Demon King of Friday,"€ 44,50",United States,4.17,The Ale Apothecary,9.1%,Wild Ale - American,Bottle 750ml,"€ 59,33 per litre"
Beachwood Coolship Chaos Elderberry 2021,"€ 25,90",United States,4.14,Beachwood Blendery,7.1%,Lambic - Fruit,500ml,"€ 51,80 per litre"
Beachwood We are who we pretend to be 2021,"€ 29,00",United States,4.14,Beachwood Blendery,6.6%,Lambic - Gueuze,500ml,"€ 58,00 per litre"
Beachwood Careful with that peach Eugene,"€ 21,00",United States,4.07,Beachwood Blendery,7%,Lambic - Fruit,500ml,"€ 42,00 per litre"
"Beachwood Coolship Chaos Raspberry, Blueberry, Vanilla 2021","€ 25,90",United States,4.02,Beachwood Blendery,6.4%,Lambic - Fruit,500ml,"€ 51,80 per litre"
Beachwood Umeshiso,"€ 21,00",United States,4.01,Beachwood Blendery,6.5%,Sour - Fruited,500ml,"€ 42,00 per litre"
Beachwood Infinite Resonance,"€ 18,90",United States,3.98,Beachwood Blendery,6.5%,Lambic - Fruit,500ml,"€ 37,80 per litre"
Beachwood Hive Vibe,"€ 22,00",United States,3.85,Beachwood Blendery,7.5%,Sour - Fruited,500ml,"€ 44,00 per litre"
Beachwood Coolship Chaos Red Currant,"€ 25,90",United States,3.83,Beachwood Blendery,7%,Sour - Fruited,500ml,"€ 51,80 per litre"
Barrel Aged B.O.R.I.S.,"€ 15,82",United States,4.18,Hoppin' Frog Brewery,9.4%,Stout - Russian Imperial,473ml,"€ 33,45 per litre"
Parabolita,"€ 9,99",United States,4.13,Firestone Walker Brewing Company,9.2%,Stout - Imperial / Double,,
Daisy's Favorite,"€ 16,49",United States,4.07,Firestone Walker Brewing Company,12.7%,Strong Ale - Other,,
Gold Rider,"€ 16,49",United States,4.03,Firestone Walker Brewing Company,11%,Strong Ale - American,,
Pater,"€ 7,00",Belgium,3.54,Brouwerij Corsendonk,6.5%,Belgian Dubbel,Bottle 750ml,"€ 9,33 per litre"
Oude Roussanne Tilquin à l'Ancienne 2021-2022,"€ 28,20",Belgium,4.20,Gueuzerie Tilquin,8%,Lambic - Fruit,Bottle 750ml,"€ 37,60 per litre"
Oude Quetsche Tilquin à L'Ancienne 2020-2021,"€ 23,10",Belgium,4.20,Gueuzerie Tilquin,6.4%,Lambic - Fruit,Bottle 750ml,"€ 30,80 per litre"
Oude Syrah Tilquin à l'Ancienne 2021-2022,"€ 28,20",Belgium,4.18,Gueuzerie Tilquin,8%,Lambic - Fruit,Bottle 750ml,"€ 37,60 per litre"
Oude Gueuze Tilquin à l'Ancienne 2021-2022,"€ 17,40",Belgium,4.08,Gueuzerie Tilquin,7%,Lambic - Gueuze,Bottle 750ml,"€ 23,20 per litre"
Burning Sky x Boneface On Returning,"€ 18,90",England,3.90,Burning Sky Brewery,5.5%,Wild Ale - Other,Bottle 750ml,"€ 25,20 per litre"
Abrikozen,"€ 13,61",Belgium,3.82,Brouwerij Kestemont,5.5%,Lambic - Fruit,Bottle 375ml,"€ 36,29 per litre"
Zwarte Bes,"€ 15,69",Belgium,3.81,Brouwerij Kestemont,5.5%,Lambic - Fruit,Bottle 750ml,"€ 20,92 per litre"
Oude Kriek met Schaerbeekse Krieken,"€ 22,79",Belgium,3.79,Brouwerij Kestemont,5.5%,Lambic - Kriek,Bottle 750ml,"€ 30,39 per litre"
Oude Kriek,"€ 16,97",Belgium,3.78,Brouwerij Kestemont,5.5%,Lambic - Kriek,Bottle 750ml,"€ 22,63 per litre"
Reindeer Fuel,"€ 5,30",Denmark,3.66,Amager Bryghus,10%,Barleywine - American,Can 440ml,"€ 12,05 per litre"
"Dansaert You're a Time Machiine, Change the Future","€ 20,51",Belgium,3.82,Brussels Beer Project,5.5%,Sour - Fruited,Bottle 750ml,"€ 27,35 per litre"
Tripel,"€ 2,45",Netherlands,3.75,Bierbrouwerij De Koningshoeven,8%,Belgian Tripel,330ml,"€ 7,42 per litre"
Bullebak Weizen Tripel,"€ 2,85",Netherlands,3.69,Brouwerij de Eeuwige Jeugd,7.7%,Wheat Beer - Other,330ml,"€ 8,64 per litre"
Blond,"€ 2,05",Netherlands,3.67,Bierbrouwerij De Koningshoeven,6.5%,Belgian Blonde,330ml,"€ 6,21 per litre"
Gajes Dry Hopped Tripel,"€ 3,15",Netherlands,3.63,Bruut Bier,8%,Belgian Tripel,330ml,"€ 9,55 per litre"
Dubbel,"€ 2,20",Netherlands,3.63,Bierbrouwerij De Koningshoeven,7%,Belgian Dubbel,330ml,"€ 6,67 per litre"
Zatte Tripel,"€ 2,95",Netherlands,3.61,Brouwerij 't IJ,8%,Belgian Tripel,330ml,"€ 8,94 per litre"
Witte Trappist,"€ 1,95",Netherlands,3.60,Bierbrouwerij De Koningshoeven,5.5%,Wheat Beer - Witbier / Blanche,330ml,"€ 5,91 per litre"
Thai Thai Tripel,"€ 3,25",Netherlands,3.49,Oedipus Brewing,8%,Belgian Tripel,330ml,"€ 9,85 per litre"
Datisandere Koekoek Farmhouse Ale,"€ 2,95",Netherlands,3.45,Bird Brewery,6.5%,Farmhouse Ale - Saison,330ml,"€ 8,94 per litre"
Turf ‘N Surf Salted Tripel,"€ 3,10",Netherlands,3.41,vandeStreek bier,7.5%,Belgian Tripel,330ml,"€ 9,39 per litre"
Panty Stout,"€ 3,20",Netherlands,3.40,Oedipus Brewing,6%,Stout - American,330ml,"€ 9,70 per litre"
Fuut Fieuw Session IPA,"€ 2,90",Netherlands,3.38,Bird Brewery,4.6%,IPA - Session,330ml,"€ 8,79 per litre"
Waldbier,"€ 7,50",Austria,3.58,Kiesbye Naturbrauerei,6.2%,Strong Ale - Other,330ml,"€ 22,73 per litre"
Waldbier,"€ 27,90",Austria,3.58,Kiesbye Naturbrauerei,6.2%,Strong Ale - Other,Bottle 750ml,"€ 37,20 per litre"
Iskold Xmas Classic,"€ 95,80",Denmark,3.31,Mikkeller,5.6%,Lager - Vienna,24-pack,"Total price: € 95,80"
Iskold Xmas Classic,"€ 50,70",Denmark,3.31,Mikkeller,5.6%,Lager - Vienna,12-pack,"Total price: € 50,70"
Iskold Xmas Classic,"€ 26,70",Denmark,3.31,Mikkeller,5.6%,Lager - Vienna,6-pack,"Total price: € 26,70"
Iskold Xmas Classic,"€ 4,70",Denmark,3.31,Mikkeller,5.6%,Lager - Vienna,330ml,"€ 14,24 per litre"
De Oude Cam: Oude Geuze 2017,"€ 24,80",Belgium,4.18,Geuzestekerij De Cam,6%,Lambic - Gueuze,Bottle 750ml,"€ 33,07 per litre"
Simple & easy,"€ 2,50",Poland,3.51,Browar Nepomucen,0.5%,Non-Alcoholic - IPA,500ml,"€ 5,00 per litre"
Eclipse 2017 Apple Brandy Barrel,"€ 30,39",United States,4.30,FiftyFifty Brewing Co.,11%,Stout - Imperial / Double,Bottle 650ml,"€ 46,75 per litre"
Bone Dry Mikkeller Selection,"€ 18,10",Belgium,4.26,Brouwerij Boon/ Mikkeller,7%,Lambic - Gueuze,Bottle 750ml,"€ 24,13 per litre"
Berliner Bosbes (Blueberry),"€ 3,28",Belgium,3.76,Brouwerij Alvinne,4%,Sour - Fruited Berliner Weisse,330ml,"€ 9,94 per litre"
Stupre,"€ 7,97",Belgium,4.14,La Source Beer Co.,8.7%,Grape Ale - Other,Bottle 375ml,"€ 21,25 per litre"
N'Ice Chouffe,"€ 10,47",Belgium,3.66,Brasserie d'Achouffe,10%,Winter Ale,Bottle 750ml,"€ 13,96 per litre"
Mésange,"€ 13,71",Belgium,3.86,La Source Beer Co.,4.6%,Farmhouse Ale - Saison,Bottle 750ml,"€ 18,28 per litre"
Kriek,"€ 3,29",Belgium,3.53,Brouwerij Boon,4%,Lambic - Kriek,Bottle 250ml,"€ 13,16 per litre"
Lambiek Fabriek: Fontan-Elle Young & Wild 2022,"€ 11,95",Belgium,3.94,Lambiek Fabriek,5.5%,Lambic - Traditional,Bottle 750ml,"€ 15,93 per litre"
Pressed - Stroopwafel,"€ 15,49",United States,4.19,Phase Three Brewing,12%,Porter - Imperial / Double Coffee,Bottle 750ml,"€ 15,93 per litre"
Lambiek Fabriek: Blue-Belle 2022,"€ 13,99",Belgium,3.85,Lambiek Fabriek,8%,Lambic - Fruit,Bottle 750ml,"€ 18,65 per litre"
Lambiek Fabriek: Soleille 2022,"€ 13,99",Belgium,3.84,Lambiek Fabriek,8.7%,Lambic - Fruit,Bottle 750ml,"€ 18,65 per litre"
Shivers 2022,"€ 21,60",England,3.95,Crossover Blendery,7.1%,Wild Ale - Other,Bottle 750ml,"€ 28,80 per litre"
Tilquin Oude Mûre Tilquin à l'Ancienne,"€ 24,99",Belgium,4.14,Gueuzerie Tilquin,6%,Lambic - Fruit,Bottle 750ml,"€ 33,32 per litre"
Lambiek Fabriek: Juicy & Wild Muri-Elle 2020,"€ 12,45",Belgium,4.03,Lambiek Fabriek,7%,Lambic - Fruit,Bottle 750ml,"€ 16,60 per litre"
Duvel otwieracz D,"€ 7,30",Belgium,3.72,Duvel Moortgat,8.5%,Belgian Strong Golden Ale,Bottle 750ml,"€ 16,60 per litre"
leżak plażowy,"€ 75,10",Belgium,3.49,Brouwerij Lindemans,3.5%,Lambic - Fruit,Bottle 750ml,"€ 16,60 per litre"
Westmalle Dubbel,"€ 2,89",Belgium,3.69,Brouwerij der Trappisten van Westmalle,7%,Belgian Dubbel,330ml,"€ 8,76 per litre"
Ripe IPA New England IPA,"€ 8,95",United States,4.20,Great Notion Brewing,7%,IPA - New England / Hazy,Can 473ml,"€ 18,92 per litre"
Pokal Duvel,"€ 4,90",Belgium,3.72,Duvel Moortgat,8.5%,Belgian Strong Golden Ale,330ml,"€ 14,85 per litre"
Pokal Gummarus,"€ 4,40",Belgium,3.52,Brouwerij Cornelissen,8.3%,Belgian Tripel,330ml,"€ 13,33 per litre"
Pokal Limburgse Witte,"€ 3,00",Belgium,3.47,Brouwerij Cornelissen,5%,Wheat Beer - Witbier / Blanche,Bottle 250ml,"€ 12,00 per litre"
Curemlein Imperial Pastry Stout,"€ 6,95",Norway,3.91,Krecher,13%,Stout - Imperial / Double Pastry,Can 330ml,"€ 21,06 per litre"
Lambiek Fabriek: Jart-Elle Oude Kriek 2020,"€ 11,70",Belgium,3.93,Lambiek Fabriek,6%,Lambic - Kriek,Bottle 750ml,"€ 15,60 per litre"
Verboden Vrucht Strong Dark Ale,"€ 2,45",Belgium,3.59,Brouwerij Hoegaarden,8.5%,Belgian Strong Dark Ale,330ml,"€ 7,42 per litre"
Westmalle Tripel,"€ 2,59",Belgium,3.81,Brouwerij der Trappisten van Westmalle,9.5%,Belgian Tripel,330ml,"€ 7,85 per litre"
23121 Tripel,"€ 2,80",Belgium,3.72,Abbaye de Maredsous,10%,Belgian Tripel,330ml,"€ 8,48 per litre"
India Pale Ale,"€ 2,79",Netherlands,3.41,Dutch Bargain,5.8%,IPA - Other,330ml,"€ 8,45 per litre"
Gloed,"€ 11,40",Netherlands,3.78,Nevel Wild Ales,5.8%,Wild Ale - Other,Bottle 375ml,"€ 30,40 per litre"
Purper,"€ 11,40",Netherlands,3.67,Nevel Wild Ales,4.5%,Wild Ale - Other,Bottle 375ml,"€ 30,40 per litre"
Embrace the Funk Vines Chancellor Grapes,"€ 11,39",United States,3.90,Yazoo Brewing Company,6.1%,American Wild Ale,500ml,"€ 22,78 per litre"
Embrace the Funk Saison de Bois,"€ 5,39",United States,3.81,Yazoo Brewing Company,5.7%,Farmhouse Ale - Saison,Bottle 370ml,"€ 14,57 per litre"
Ciel Natal Amontillado,"€ 10,79",United States,4.29,Yazoo Brewing Company,6%,Lambic - Gueuze,Bottle 370ml,"€ 29,16 per litre"
Funk Fest '21,"€ 11,39",United States,4.19,Yazoo Brewing Company,6.8%,Sour - Fruited,500ml,"€ 22,78 per litre"
Yazoo / Jester King Embrace the Funk Elm and Fitzhugh,"€ 11,39",United States,4.04,Yazoo Brewing Company,6.8%,Wild Ale - American,500ml,"€ 22,78 per litre"
Yazoo / Bootleg Biology Embrace the Funk Open 2021,"€ 5,39",United States,4.00,Yazoo Brewing Company,5.2%,Wild Ale - American,350ml,"€ 15,40 per litre"
Embrace the Funk Blanche Tank 4 Witbier,"€ 10,79",United States,3.80,Yazoo Brewing Company,3.1%,Sour - Berliner Weisse,350ml,"€ 30,83 per litre"
Quetsch Watergeus (4/2022),"€ 12,99",Netherlands,3.89,Vandenbroek,5.8%,Lambic - Fruit,Bottle 750ml,"€ 17,32 per litre"
Hop Ruiter Tropical Tripel,"€ 3,25",Belgium,3.61,Scheldebrouwerij,8%,Belgian Tripel,330ml,"€ 9,85 per litre"
Cellar Series Virvatuli Vermouth & Scotch Whisky Barrel Aged Imperial Gruit Ale,"€ 7,95",Estonia,4.03,Põhjala,13%,Historical Beer - Gruit / Ancient Herbed Ale,330ml,"€ 24,09 per litre"
Wicked Weed - Montmaretto,"€ 17,00",United States,4.12,Wicked Weed Brewing,6.9%,Wild Ale - American,330ml,"€ 24,09 per litre"
Wicked Weed - Recurrant,"€ 17,00",United States,4.11,Wicked Weed Brewing,7.7%,Sour - Fruited,330ml,"€ 24,09 per litre"
Wicked Weed - Myrtille,"€ 17,00",United States,4.11,Wicked Weed Brewing,6%,Wild Ale - American,330ml,"€ 24,09 per litre"
Wicked Weed - Persistence,"€ 17,00",United States,4.07,Wicked Weed Brewing,7.6%,Wild Ale - American,330ml,"€ 24,09 per litre"
Wicked Weed - Genesis,"€ 17,00",United States,4.00,Wicked Weed Brewing,6.7%,Sour - Fruited,330ml,"€ 24,09 per litre"
Wicked Weed - Bombadile,"€ 15,00",United States,3.95,Wicked Weed Brewing,4.2%,Sour - Other,,
Wicked Weed - La Bonté Pear,"€ 15,00",United States,3.93,Wicked Weed Brewing,5.5%,Farmhouse Ale - Brett,,
Wicked Weed - Malice,"€ 15,00",United States,3.87,Wicked Weed Brewing,6%,Farmhouse Ale - Saison,,
Wicked Weed - Ferme de Chien,"€ 15,00",United States,3.78,Wicked Weed Brewing,5.8%,Wild Ale - American,500ml,"€ 30,00 per litre"
Wicked Weed - Brettabolic,"€ 15,00",United States,3.70,Wicked Weed Brewing,5.9%,Farmhouse Ale - Brett,500ml,"€ 30,00 per litre"
Oude Quetsche,"€ 12,20",Belgium,4.17,Gueuzerie Tilquin,6.4%,Lambic - Fruit,Bottle 375ml,"€ 32,53 per litre"
Siren Queen Of The Deep,"€ 11,50",England,4.02,Siren Craft Brew,11%,Porter - Imperial / Double Baltic,Bottle 375ml,"€ 32,53 per litre"
De Cam Kweepeer Lambic 2022,"€ 34,41",Belgium,4.00,Geuzestekerij De Cam,5%,Lambic - Fruit,Bottle 750ml,"€ 45,88 per litre"
De Cam Trosbes Framboise,"€ 15,47",Belgium,3.97,Geuzestekerij De Cam,5.5%,Lambic - Fruit,Bottle 375ml,"€ 41,25 per litre"
Mooie Nel IPA,"€ 2,95",Netherlands,3.88,Jopen,5.5%,IPA - American,330ml,"€ 8,94 per litre"
Mariage Parfait Kriek,"€ 7,15",Belgium,3.83,Brouwerij Boon,8%,Lambic - Kriek,Bottle 375ml,"€ 19,07 per litre"
Delirium Nocturnum Strong Dark Ale,"€ 2,75",Belgium,3.76,Delirium - Huyghe Brewery,8.5%,Belgian Strong Dark Ale,330ml,"€ 8,33 per litre"
Wit Tripel,"€ 2,85",Belgium,3.73,Bières de Chimay,8%,Belgian Tripel,330ml,"€ 8,64 per litre"
Rood Dubbel,"€ 2,10",Belgium,3.72,Bières de Chimay,7%,Belgian Dubbel,330ml,"€ 6,36 per litre"
Tripel,"€ 2,05",Belgium,3.66,Affligem Brouwerij,9%,Belgian Tripel,300ml,"€ 6,83 per litre"
Delirium Red Fruit Beer,"€ 3,00",Belgium,3.58,Delirium - Huyghe Brewery,8%,Fruit Beer,330ml,"€ 9,09 per litre"
Framboise,"€ 5,80",Belgium,3.54,Brouwerij Boon,5%,Lambic - Framboise,Bottle 375ml,"€ 15,47 per litre"
Brugse Zot Dubbel,"€ 2,75",Belgium,3.53,Brouwerij De Halve Maan,7.5%,Belgian Dubbel,330ml,"€ 8,33 per litre"
Brigand Zwaar Blond,"€ 2,80",Belgium,3.50,Kasteel Brouwerij Vanhonsebrouck,9%,Belgian Strong Golden Ale,330ml,"€ 8,48 per litre"
Brune,"€ 2,05",Belgium,3.40,Brouwerij Alken-Maes,7%,Brown Ale - Belgian,Bottle 250ml,"€ 8,20 per litre"
Brigand Zwaar Blond,"€ 2,80",Belgium,3.50,Kasteel Brouwerij Vanhonsebrouck,9%,Belgian Strong Golden Ale,330ml,"€ 8,48 per litre"
Brune,"€ 2,05",Belgium,3.40,Brouwerij Alken-Maes,7%,Brown Ale - Belgian,Bottle 250ml,"€ 8,20 per litre"
Floreffe Blond Beugel,"€ 1,40",Belgium,3.28,Brasserie Lefebvre,6.3%,Belgian Blonde,330ml,"€ 4,24 per litre"
Cuvée Miel 20/21 Assemblage n°67,"€ 28,34",Belgium,4.25,Brouwerij 3 Fonteinen,7.9%,Lambic - Gueuze,Bottle 750ml,"€ 37,79 per litre"
Henry Gose Lightly,"€ 4,10",Denmark,3.39,Mikkeller,0.3%,Non-Alcoholic - Sour,Can 330ml,"€ 12,42 per litre"
Barrel Selection Demi-Muids (2021),"€ 12,08",Belgium,4.06,Oud Beersel,6.5%,Lambic - Gueuze,Bottle 375ml,"€ 32,21 per litre"
Honeybucket,"€ 10,55",Scotland,3.95,Holy Goat Brewing,7.2%,Sour - Other,Bottle 375ml,"€ 28,13 per litre"
Why 'Cause (Gin Barrel-Aged),"€ 27,00",United States,4.26,Fonta Flora Brewery,6.8%,Wild Ale - American,Bottle 500ml,"€ 54,00 per litre"
Bubble Foot,"€ 24,00",United States,4.10,Fonta Flora Brewery,7.5%,Farmhouse Ale - Saison,Bottle 750ml,"€ 32,00 per litre"
Lust Belgian Dark Ale,"€ 7,80",Denmark,3.82,Amager Bryghus,10%,Stout - Russian Imperial,Can 440ml,"€ 17,73 per litre"
Viven Chocolate Stout,"€ 2,94",Belgium,3.52,Beerdevelopment Viven,8%,Stout - Other,Can 440ml,"€ 17,73 per litre"
Pohjala Virvatuli (cellar Series),"€ 7,75",Estonia,4.03,Põhjala,13%,Historical Beer - Gruit / Ancient Herbed Ale,330ml,"€ 23,48 per litre"
Oude Gewurzt Tilquin À l'Ancienne (2020-2021),"€ 22,95",Belgium,4.22,Gueuzerie Tilquin,8.4%,Lambic - Fruit,Bottle 750ml,"€ 30,60 per litre"
Verzet Oud Bruin Walnut 2021,"€ 15,37",Belgium,3.77,Brouwerij 't Verzet,6%,Sour - Flanders Oud Bruin,Bottle 750ml,"€ 20,49 per litre"
Oude Pinot Meunier Tilquin À l'Ancienne (2020-2021),"€ 24,95",Belgium,4.15,Gueuzerie Tilquin,7.9%,Lambic - Fruit,Bottle 750ml,"€ 33,27 per litre"
Saison Lambic Fruits des Bois (2020-2021),"€ 20,95",Belgium,4.12,L'Ermitage,7.5%,Lambic - Fruit,Bottle 750ml,"€ 27,93 per litre"
Cassis Rullquin,"€ 18,95",Belgium,3.93,Gueuzerie Tilquin,7.7%,Sour - Fruited,Bottle 750ml,"€ 25,27 per litre"
Kasteel Rouge,"€ 2,75",Belgium,3.58,Kasteel Brouwerij Vanhonsebrouck,8%,Fruit Beer,330ml,"€ 8,33 per litre"
Witheer Witbier,"€ 2,20",Belgium,3.36,Scheldebrouwerij,5%,Wheat Beer - Witbier / Blanche,330ml,"€ 6,67 per litre"
Medium Dry Irish Craft Cider,"€ 5,25",Ireland,3.73,Nohoval Drinks Company Ltd,5.5%,Cider - Sweet,500ml,"€ 10,50 per litre"
Howling Wolf Porter,"€ 4,40",Netherlands,3.42,Two Chefs Brewing,6%,Porter - Other,Can 330ml,"€ 13,33 per litre"
Toewijding,"€ 3,04",Netherlands,3.42,Van Moll,5%,Belgian Blonde,Can 330ml,"€ 9,21 per litre"
7th Anniversary Imperial Stout Vanilla Bourbon Barrel Aged (2021),"€ 8,40",Poland,4.23,Browar Stu Mostów,13.5%,Stout - Imperial / Double,330ml,"€ 25,45 per litre"
MIDNIGHT HARVEST,"€ 6,20",Spain,4.17,Laugar Brewery,12.4%,Stout - Russian Imperial,330ml,"€ 18,79 per litre"
AUPA TOVARISCH aged in ARDBEG barrels,"€ 7,20",Spain,4.11,Laugar Brewery,13.5%,Stout - Russian Imperial,330ml,"€ 21,82 per litre"
Static Charge  -  voorbij THT/past BBE,"€ 7,70",England,3.90,Siren Craft Brew,7.7%,Sour - Other,Bottle 375ml,"€ 20,53 per litre"
Oude Gewurzt Tilquin à l'ancienne (2020-2021),"€ 19,95",Belgium,4.22,Gueuzerie Tilquin,8.4%,Lambic - Fruit,Bottle 750ml,"€ 26,60 per litre"
Peche Lambicus,"€ 2,35",Belgium,3.49,Brewery John Martin & Brewery Timmermans,4%,Lambic - Fruit,Bottle 250ml,"€ 9,40 per litre"
Little Nectar Pineapple Mango Guava,"€ 4,40",United States,3.99,Phase Three Brewing,4.5%,Sour - Fruited,Can 470ml,"€ 9,36 per litre"
Autumn Gold Cider,"€ 5,75",England,3.61,Henney's,6%,Cider - Traditional / Apfelwein,500ml,"€ 11,50 per litre"
Keizer Karel Ommegang Tripel,"€ 3,05",Belgium,3.48,Brouwerij Haacht Brasserie,8%,Belgian Tripel,330ml,"€ 9,24 per litre"
Blauw,"€ 2,25",Belgium,3.90,Bières de Chimay,9%,Belgian Strong Dark Ale,330ml,"€ 6,82 per litre"
Straffe Hendrik Quadrupel,"€ 5,70",Belgium,3.89,Brouwerij De Halve Maan,11%,Belgian Quadrupel,Bottle 330ml,"€ 17,27 per litre"
Gouden Carolus Tripel,"€ 7,50",Belgium,3.82,Brouwerij Het Anker,9%,Belgian Tripel,Bottle 750ml,"€ 10,00 per litre"
The Miller 2022 (375ml),"€ 11,40",England,3.98,Crossover Blendery,7%,Wild Ale - Other,Bottle 375ml,"€ 30,40 per litre"
Aventinus Eisbock TAP 9,"€ 3,45",Germany,3.79,Schneider Weisse G. Schneider & Sohn,12%,Bock - Eisbock,330ml,"€ 10,45 per litre"
Gronckel Tripel,"€ 2,06",Belgium,3.52,Vrijstaat Vanmol Brewing,9%,Belgian Tripel,330ml,"€ 6,24 per litre"
Gronckel Blond,"€ 1,86",Belgium,3.39,Vrijstaat Vanmol Brewing,6.5%,Belgian Blonde,330ml,"€ 5,64 per litre"
Be Still,"€ 44,50",United States,3.97,The Ale Apothecary,8%,Wild Ale - American,Bottle 750ml,"€ 59,33 per litre"
10 Quadrupel,"€ 3,65",Belgium,4.05,Abbaye Notre-Dame de Saint-Rémy,11.3%,Belgian Quadrupel,330ml,"€ 11,06 per litre"
Karmeliet Tripel,"€ 2,45",Belgium,3.99,Brouwerij Bosteels,8.4%,Belgian Tripel,330ml,"€ 7,42 per litre"
La Chouffe Blond,"€ 2,90",Belgium,3.82,Brasserie d'Achouffe,8%,Belgian Strong Golden Ale,330ml,"€ 8,79 per litre"
Kasteel Cuvée Quadrupel,"€ 2,95",Belgium,3.81,Kasteel Brouwerij Vanhonsebrouck,11%,Belgian Quadrupel,330ml,"€ 8,94 per litre"
Oude Kriek,"€ 7,25",Belgium,3.79,Oud Beersel,6%,Lambic - Kriek,Bottle 375ml,"€ 19,33 per litre"
Pauwel Kwak Amber,"€ 2,30",Belgium,3.76,Brouwerij Bosteels,8.4%,Pale Ale - Belgian,330ml,"€ 6,97 per litre"
Grand Cru Strong Golden Ale,"€ 3,05",Belgium,3.65,Brouwerij Hoegaarden,8.5%,Belgian Strong Golden Ale,330ml,"€ 9,24 per litre"
Tripel,"€ 2,70",Belgium,3.63,Brouwerij Alken-Maes,9%,Belgian Tripel,330ml,"€ 8,18 per litre"
Piraat Strong Golden Ale,"€ 2,30",Belgium,3.60,Brouwerij Van Steenberge,10.5%,Belgian Strong Golden Ale,330ml,"€ 6,97 per litre"
OMER. Traditional  Blond,"€ 2,70",Belgium,3.60,Omer Vander Ghinste,8%,Belgian Blonde,330ml,"€ 8,18 per litre"
Steenbrugge Blond,"€ 2,40",Belgium,3.41,Brouwerij Palm,6.5%,Belgian Blonde,330ml,"€ 7,27 per litre"
Beer Geek Balkan Breakfast,"€ 6,60",Bulgaria,3.89,Sofia Electric Brewing,11%,Stout - Imperial / Double Pastry,330ml,"€ 20,00 per litre"
L'Ermitage / Atelier Berger Constant Haut Voltige - Citra,"€ 14,12",Belgium,3.68,L'Ermitage,7.6%,Cider - Graff,Bottle 750ml,"€ 18,83 per litre"
Serbian Barrels Series No. 3 - Saison Mixed Berries,"€ 12,99",Serbia,3.82,Dogma Brewery,8%,Farmhouse Ale - Saison,Bottle 750ml,"€ 18,83 per litre"
Serbian Barrels Series No. 2 - Saison on Cherries,"€ 12,99",Serbia,3.82,Dogma Brewery,8%,Farmhouse Ale - Saison,Bottle 750ml,"€ 18,83 per litre"
Kriek Lambic,"€ 2,75",Belgium,3.50,Brouwerij Mort Subite,4%,Lambic - Kriek,Bottle 250ml,"€ 11,00 per litre"
Framboise Vlier 2019,"€ 43,20",Belgium,4.30,Geuzestekerij De Cam,6.9%,Lambic - Fruit,Bottle 750ml,"€ 57,60 per litre"
Cuvée Mam'zelle,"€ 3,47",Belgium,3.37,Brouwerij De Leite,8.5%,Sour - Other,330ml,"€ 10,52 per litre"
Gamay,"€ 36,00",France,4.15,Ammonite,6.4%,Fruit Beer,Bottle 750ml,"€ 48,00 per litre"
Aligoté,"€ 36,00",France,4.05,Ammonite,6%,Sour - Fruited,Bottle 750ml,"€ 48,00 per litre"
Aligoté,"€ 36,00",France,4.05,Ammonite,6%,Sour - Fruited,Bottle 750ml,"€ 48,00 per litre"
Grenache,"€ 36,00",France,3.98,Ammonite,6.5%,Sour - Fruited,Bottle 750ml,"€ 48,00 per litre"
Muse 2021,"€ 30,00",France,3.94,Ammonite,6%,Sour - Other,Bottle 750ml,"€ 40,00 per litre"
"Origin of Darkness Imperial Stout Aged In Oak Barrels And Finished in Tawny Port Barrels w/ New Zealand Pinot Noir, South Pacific Vanilla & Ne","€ 7,00",Canada,3.93,Collective Arts Brewing/ Garage Project,10.8%,Stout - Imperial / Double,355ml,"€ 19,72 per litre"
Lervig Pils,"€ 2,99",Norway,3.23,LERVIG,4.7%,Pilsner - German,330ml,"€ 9,06 per litre"
Buntastic,"€ 13,49",United States,4.12,Prairie Artisan Ales,13%,Stout - Imperial / Double,355ml,"€ 38,00 per litre"
Oude Kriek 2019,"€ 12,09",Belgium,3.80,Brouwerij Boon,6.5%,Lambic - Kriek,Bottle 750ml,"€ 16,12 per litre"
Phi Rabarber Amarillo,"€ 4,83",Belgium,3.84,Brouwerij Alvinne,8%,Sour - Fruited,330ml,"€ 14,64 per litre"
De Cort Wild Adam,"€ 34,55",Belgium,3.72,Brouwerij VAN'T Pajottenland,6.5%,Cider - Graff,Bottle 1500ml,"€ 23,03 per litre"
Ondergronds,"€ 2,50",Belgium,3.32,Brouwerij Kompel,6%,Brown Ale - Belgian,330ml,"€ 7,58 per litre"
Pecheresse,"€ 2,20",Belgium,3.57,Brouwerij Lindemans,2.5%,Lambic - Fruit,Bottle 250ml,"€ 8,80 per litre"
Blanca (2021),"€ 21,50",Denmark,3.81,Baghaven Brewing and Blending,9.8%,Wild Ale - Other,Bottle 750ml,"€ 28,67 per litre"
Lervig Hoppy Joe,"€ 3,29",Norway,3.43,LERVIG,4.7%,Red Ale - American Amber / Red,330ml,"€ 9,97 per litre"
Syrax Rises,"€ 4,70",Denmark,3.49,Mikkeller,5.5%,IPA - American,Can 440ml,"€ 10,68 per litre"
De Cort Wild Adam,"€ 17,87",Belgium,3.72,Brouwerij VAN'T Pajottenland,6.5%,Cider - Graff,Bottle 750ml,"€ 23,83 per litre"
Platinum Blend + Honing 2021,"€ 39,60",Belgium,4.29,Brouwerij 3 Fonteinen,6.4%,Lambic - Gueuze,Bottle 750ml,"€ 52,80 per litre"
Platinum Blend + Honing 2021,"€ 39,60",Belgium,4.29,Brouwerij 3 Fonteinen,6.4%,Lambic - Gueuze,Bottle 750ml,"€ 52,80 per litre"
Golden Blend 2021,"€ 36,00",Belgium,4.35,Brouwerij 3 Fonteinen,7.2%,Lambic - Gueuze,Bottle 750ml,"€ 48,00 per litre"
Golden Blend 2021,"€ 18,00",Belgium,4.35,Brouwerij 3 Fonteinen,7.2%,Lambic - Gueuze,Bottle 375ml,"€ 48,00 per litre"
Kers • Kaneel (oogst 2021),"€ 12,60",Belgium,4.08,Het Boerenerf Eylenbosch,7%,Lambic - Fruit,Bottle 375ml,"€ 33,60 per litre"
Schaarbeekse Kriek Oogst 2020 (season 20|21) Blend No. 22,"€ 36,12",Belgium,4.40,Brouwerij 3 Fonteinen,6.5%,Lambic - Kriek,Bottle 750ml,"€ 48,16 per litre"
Cuvée Miel (season 20|21) Blend No. 67,"€ 23,45",Belgium,4.25,Brouwerij 3 Fonteinen,7.9%,Lambic - Gueuze,Bottle 750ml,"€ 31,27 per litre"
Oude Geuze Platinum Blend (season 20|21) Blend No. 42,"€ 16,95",Belgium,4.22,Brouwerij 3 Fonteinen,6.7%,Lambic - Gueuze,Bottle 375ml,"€ 45,20 per litre"
Burst,"€ 106,60",Denmark,3.50,Mikkeller,5.5%,IPA - American,24-pack,"Total price: € 106,60"
Burst,"€ 56,50",Denmark,3.50,Mikkeller,5.5%,IPA - American,12-pack,"Total price: € 56,50"
Burst,"€ 29,80",Denmark,3.50,Mikkeller,5.5%,IPA - American,6-pack,"Total price: € 29,80"
Burst,"€ 5,30",Denmark,3.50,Mikkeller,5.5%,IPA - American,330ml,"€ 16,06 per litre"
Drink'in The Sun,"€ 82,10",Denmark,3.24,Mikkeller,0.3%,Non-Alcoholic - Wheat,24-pack,"Total price: € 82,10"
Drink'in The Sun,"€ 23,00",Denmark,3.24,Mikkeller,0.3%,Non-Alcoholic - Wheat,6-pack,"Total price: € 23,00"
Drink'in The Sun,"€ 4,10",Denmark,3.24,Mikkeller,0.3%,Non-Alcoholic - Wheat,330ml,"€ 12,42 per litre"
Drink'in The Sun Bundle,"€ 12,80",Denmark,3.24,Mikkeller,0.3%,Non-Alcoholic - Wheat,330ml,"€ 38,79 per litre"
Drink'in The Sun,"€ 43,50",Denmark,3.22,Mikkeller,0.3%,Wheat Beer - American Pale Wheat,12-pack,"Total price: € 43,50"
Buku Maureen (2022),"€ 37,95",United States,4.27,Aslin Beer Company,12%,Stout - Imperial / Double,500ml,"€ 75,90 per litre"
Buku Cà Phê (2022),"€ 39,95",United States,4.21,Aslin Beer Company,12.5%,Stout - Imperial / Double,500ml,"€ 79,90 per litre"
Fourchette,"€ 2,60",Belgium,3.68,Brouwerij Van Steenberge,7.5%,Belgian Tripel,330ml,"€ 7,88 per litre"
Fourchette,"€ 2,60",Belgium,3.68,Brouwerij Van Steenberge,7.5%,Belgian Tripel,330ml,"€ 7,88 per litre"
Oude Kriek 19/20 Assemblage n° 16,"€ 18,79",Belgium,4.30,Brouwerij 3 Fonteinen,7%,Lambic - Kriek,Bottle 750ml,"€ 25,05 per litre"
Barrel Aged Sam BA Imperial Stout,"€ 33,40",United States,4.28,Transient Artisan Ales,14%,Stout - Imperial / Double,500ml,"€ 66,80 per litre"
Oude Mûre Tilquin à L'Ancienne (2020-2021),"€ 19,95",Belgium,4.20,Gueuzerie Tilquin,6%,Lambic - Fruit,Bottle 750ml,"€ 26,60 per litre"
Oude Quetsche Tilquin à l'Ancienne (2019-2020),"€ 17,95",Belgium,4.15,Gueuzerie Tilquin,6.4%,Lambic - Fruit,Bottle 750ml,"€ 23,93 per litre"
Bush Prestige,"€ 24,10",Belgium,3.94,Brasserie Dubuisson,13%,Belgian Strong Golden Ale,Bottle 750ml,"€ 32,13 per litre"
Val-Dieu Triple,"€ 3,60",Belgium,3.67,Brasserie de l'Abbaye du Val-Dieu,9%,Belgian Tripel,330ml,"€ 10,91 per litre"
Grand Cru,"€ 3,70",Belgium,3.65,Brouwerij Hoegaarden,8.5%,Belgian Strong Golden Ale,330ml,"€ 11,21 per litre"
Agnus Triple,"€ 2,60",Belgium,3.63,Brouwerij Corsendonk,7.5%,Belgian Tripel,330ml,"€ 7,88 per litre"
Moinette Blonde,"€ 6,00",Belgium,3.56,Brasserie Dupont,8.5%,Belgian Strong Golden Ale,Bottle 750ml,"€ 8,00 per litre"
Vedett Extra Ordinary IPA,"€ 2,70",Belgium,3.49,Duvel Moortgat,5.5%,IPA - Belgian,330ml,"€ 8,18 per litre"
Floreffe Prima Melior,"€ 3,50",Belgium,3.42,Brasserie Lefebvre,8%,Belgian Strong Dark Ale,330ml,"€ 10,61 per litre"
Mango,"€ 3,20",Belgium,3.25,Mongozo,3.6%,Fruit Beer,330ml,"€ 9,70 per litre"
Floris Chocolat,"€ 3,20",Belgium,2.79,Delirium - Huyghe Brewery,4.2%,Spiced / Herbed Beer,330ml,"€ 9,70 per litre"
Sin & Remorse 2021 Brandy Barrel Aged Imperial Stout,"€ 6,95",Netherlands,4.01,Jopen,11%,Stout - Imperial / Double,330ml,"€ 21,06 per litre"
Goudenband Vlaams Oud Bruin,"€ 3,05",Belgium,3.69,Brouwerij Liefmans,8%,Sour - Flanders Oud Bruin,330ml,"€ 9,24 per litre"
Troubadour Westkust Black IPA,"€ 2,95",Belgium,3.56,Brouwerij The Musketeers,8.5%,IPA - Imperial / Double Black,330ml,"€ 8,94 per litre"
Bruin BIO,"€ 2,75",Belgium,3.48,Brasserie Lupulus,8.5%,Brown Ale - Belgian,330ml,"€ 8,33 per litre"
Gagel Tripel,"€ 2,65",Netherlands,3.34,Brouwerij Klein Duimpje,8.5%,Belgian Tripel,330ml,"€ 8,03 per litre"
Slijkvisser Donker,"€ 2,30",Belgium,3.30,Brouwerij Vandijck,7.3%,Belgian Dubbel,330ml,"€ 6,97 per litre"
Slijkvisser Donker,"€ 2,30",Belgium,3.30,Brouwerij Vandijck,7.3%,Belgian Dubbel,330ml,"€ 6,97 per litre"
TRIOOTJE CHARITES - Thalia,"€ 11,30",Belgium,3.81,Triootje,11.5%,Strong Ale - Other,500ml,"€ 22,60 per litre"
Lambiek Barbera 2021,"€ 4,20",Belgium,3.65,Brouwerij Hof ten Dormaal,6.5%,Lambic - Fruit,330ml,"€ 12,73 per litre"
Val-Dieu Grand Cru,"€ 3,00",Belgium,3.78,Brasserie de l'Abbaye du Val-Dieu,10.5%,Belgian Quadrupel,330ml,"€ 9,09 per litre"
Aun Mas Chili Jesus,"€ 5,39",United States,3.97,Evil Twin Brewing,12%,Stout - Imperial / Double,Can 330ml,"€ 16,33 per litre"
Bordelet Sydre Argelette,"€ 16,31",France,3.87,Eric Bordelet,6%,Cider - Traditional / Apfelwein,Bottle 750ml,"€ 21,75 per litre"
Fruitesse,"€ 2,39",Belgium,3.37,Brouwerij Liefmans,3.8%,Fruit Beer,Bottle 250ml,"€ 9,56 per litre"
Staffelberg Hopfen-Gold-Pils,"€ 1,90",Germany,3.46,Staffelberg-Bräu,4.9%,Pilsner - German,500ml,"€ 3,80 per litre"
Pink Pogo Grapefruit Gember Blond,"€ 2,95",Netherlands,3.33,Bruut Bier,6%,Blonde / Golden Ale - Other,330ml,"€ 8,94 per litre"
Kemker Gentiana 2022,"€ 17,77",Germany,3.77,Kemker Kultuur (Brauerei J. Kemker),7%,Historical Beer - Gruit / Ancient Herbed Ale,Bottle 750ml,"€ 23,69 per litre"
Kemker Rubus,"€ 19,27",Germany,3.94,Kemker Kultuur (Brauerei J. Kemker),6%,Sour - Other,Bottle 750ml,"€ 25,69 per litre"
Kemker Lust 2021-01 - Cassis,"€ 17,95",Germany,3.89,Kemker Kultuur (Brauerei J. Kemker),6%,Cider - Other Fruit,Bottle 750ml,"€ 23,93 per litre"
Kemker Appel Wien 2021-04 - Quince,"€ 19,47",Germany,3.81,Kemker Kultuur (Brauerei J. Kemker),7.5%,Cider - Dry,Bottle 750ml,"€ 23,93 per litre"
Delirium Nocturnum,"€ 3,00",Belgium,3.76,Delirium - Huyghe Brewery,8.5%,Belgian Strong Dark Ale,Bottle 330ml,"€ 9,09 per litre"
Levante And Funk Wild Ale,"€ 19,95",Hungary,3.89,MadX,6.9%,Wild Ale - American,Bottle 750ml,"€ 26,60 per litre"
Hazy IPA,"€ 2,90",United States,3.72,Stone Brewing,6.7%,IPA - New England / Hazy,355ml,"€ 8,17 per litre"
Herren Pils,"€ 3,05",Germany,3.44,Keesmann Bräu,4.8%,Pilsner - German,500ml,"€ 6,10 per litre"
Sounds Good BA 2022,"€ 16,10",Denmark,4.30,To Øl,15.4%,Stout - Imperial / Double,Bottle 375ml,"€ 42,93 per litre"
Slijkvisser Amber,"€ 2,30",Belgium,3.47,Brouwerij Vandijck,8.7%,Belgian Tripel,330ml,"€ 6,97 per litre"
Oude Kriek Mariage Parfait,"€ 5,30",Belgium,4.07,Brouwerij Boon,8%,Lambic - Kriek,Bottle 375ml,"€ 14,13 per litre"
Schaarbeekse Oude Kriek,"€ 16,37",Belgium,3.87,Brouwerij Eylenbosch,6.2%,Lambic - Kriek,Bottle 750ml,"€ 21,83 per litre"
GingerGeuze,"€ 15,51",Belgium,3.70,Brouwerij Lindemans,6%,Lambic - Gueuze,Bottle 750ml,"€ 20,68 per litre"
Oude Kriek,"€ 11,59",Belgium,3.70,Brouwerij Eylenbosch,6.2%,Lambic - Kriek,Bottle 750ml,"€ 15,45 per litre"
Cellar Series Bison In The Barrel Room Apple Brandy Barrel Aged Imperial Baltic Porter,"€ 6,95",Estonia,4.22,Põhjala,13.5%,Porter - Imperial / Double Baltic,330ml,"€ 21,06 per litre"
Neopolitan Bourbon Barrel Dark Apparition Russian Imperial Stout,"€ 21,95",United States,4.21,Jackie O's Brewery,11.3%,Stout - Russian Imperial,Bottle 375ml,"€ 58,53 per litre"
Temporal Resolution 2020,"€ 18,19",United States,4.08,Finback Brewery,9.4%,Cider - Dry,500ml,"€ 36,38 per litre"
Pale Blue Dot 2021,"€ 18,19",United States,3.97,Finback Brewery,8.4%,Sour - Fruited,500ml,"€ 36,38 per litre"
Opalescent,"€ 18,19",United States,3.96,Finback Brewery,7.2%,Wild Ale - Other,500ml,"€ 36,38 per litre"
Ffarmhouse: Blend 2,"€ 16,24",United States,4.13,Finback Brewery,6.5%,Farmhouse Ale - Other,500ml,"€ 32,48 per litre"
18 Hours From Brooklyn,"€ 9,30",United States,4.11,Toppling Goliath Brewing Co.,7.8%,IPA - Imperial / Double,500ml,"€ 32,48 per litre"
Rustic Ralph Blackberry Brett Saison,"€ 31,49",United States,3.77,Thorn Brewing Company,7.1%,Farmhouse Ale - Saison,Bottle 750ml,"€ 41,99 per litre"
Gaia,"€ 12,95",Spain,4.06,Guerrilla Imports/ Yria Cervezas,8%,Cider - Dry,Bottle 750ml,"€ 17,27 per litre"
La Trappe Blond,"€ 2,59",Netherlands,3.67,Bierbrouwerij De Koningshoeven,6.5%,Belgian Blonde,330ml,"€ 7,85 per litre"
De Cam Wilde Bosbes 2022,"€ 16,73",Belgium,4.18,Geuzestekerij De Cam,6.5%,Lambic - Fruit,Bottle 375ml,"€ 44,61 per litre"
De Cam Aardbei Lambic 2022,"€ 16,27",Belgium,4.06,Geuzestekerij De Cam,5.5%,Lambic - Fruit,Bottle 375ml,"€ 43,39 per litre"
De Cam Framboise Lambic 2022,"€ 16,73",Belgium,4.16,Geuzestekerij De Cam,5%,Lambic - Framboise,Bottle 375ml,"€ 44,61 per litre"
De Cam Kweepeer Lambic 2022,"€ 16,27",Belgium,4.14,Geuzestekerij De Cam,5%,Lambic - Fruit,Bottle 375ml,"€ 43,39 per litre"
Halm,"€ 8,15",Netherlands,3.94,Nevel Wild Ales,5.3%,Wild Ale - Other,Bottle 375ml,"€ 21,73 per litre"
Glinster,"€ 19,20",Netherlands,3.83,Nevel Wild Ales,7.4%,Cider - Dry,Bottle 750ml,"€ 25,60 per litre"
Monster Soup,"€ 6,75",Netherlands,3.81,Butcher’s Tears,5.5%,Stout - Imperial / Double,330ml,"€ 20,45 per litre"
"3 Fonteinen: Cuvée Armand & Gaston Honing 19|20, assemblage 7","€ 13,65",Belgium,4.32,Brouwerij 3 Fonteinen,5.5%,Lambic - Gueuze,Bottle 375ml,"€ 36,40 per litre"
Gladjanus White IPA,"€ 2,95",Netherlands,3.50,Brouwerij de Eeuwige Jeugd,5.2%,IPA - White / Wheat,330ml,"€ 8,94 per litre"
köbi Böck Schwarzes Bockbier,"€ 3,19",Germany,3.13,köbi – Königsbrunner Biermanufaktur,7%,Bock - Single / Traditional,330ml,"€ 9,67 per litre"
Baked On the Bayou (2021),"€ 40,63",United States,4.16,The Bruery,12.8%,Stout - Imperial / Double,Bottle 750ml,"€ 54,17 per litre"
Rueuze (2021),"€ 20,00",United States,4.15,The Bruery Terreux,6.3%,Lambic - Traditional,Bottle 375ml,"€ 53,33 per litre"
Seahorse (2021),"€ 24,15",United States,4.03,The Bruery Terreux,7.6%,Sour - Fruited,Bottle 750ml,"€ 32,20 per litre"
Sans Pagaie With Vanilla (2021),"€ 29,42",United States,4.02,The Bruery Terreux,6.9%,Wild Ale - American,Bottle 750ml,"€ 39,23 per litre"
Créme Bruelay (2021),"€ 40,63",United States,4.30,The Bruery,15.9%,Barleywine - American,Bottle 750ml,"€ 54,17 per litre"
Fly Me To the Moon Pie (2021),"€ 40,63",United States,4.30,The Bruery,16.4%,Stout - Imperial / Double Pastry,Bottle 750ml,"€ 54,17 per litre"
Framaheim (2021),"€ 29,42",United States,4.23,The Bruery Terreux,5.8%,Lambic - Framboise,Bottle 750ml,"€ 39,23 per litre"
Manky Panky (2021),"€ 29,42",United States,4.12,The Bruery Terreux,6.5%,Farmhouse Ale - Saison,Bottle 750ml,"€ 39,23 per litre"
Les Ronces (2020),"€ 29,42",United States,3.94,The Bruery Terreux,6%,Sour - Fruited,Bottle 750ml,"€ 39,23 per litre"
Rebel Monk II,"€ 5,75",France,3.75,The Piggy Brewing Company,5.8%,Farmhouse Ale - Saison,Can 440ml,"€ 13,07 per litre"
Midsummer Sparks,"€ 5,65",France,3.63,The Piggy Brewing Company,5.6%,Farmhouse Ale - Saison,Can 440ml,"€ 12,84 per litre"
Condroz Extra Brut,"€ 15,71",Belgium,4.08,Cidrerie du Condroz,7%,Cider - Dry,Bottle 750ml,"€ 20,95 per litre"
Condroz Brut,"€ 13,75",Belgium,3.88,Cidrerie du Condroz,7%,Cider - Traditional / Apfelwein,Bottle 750ml,"€ 18,33 per litre"
À Tue-Tête Vendange Blanche 2021,"€ 22,91",Switzerland,4.22,Trois Dames/ À tue-tête,8%,Sour - Fruited,Bottle 750ml,"€ 30,55 per litre"
À Tue-Tête Betterave 2022,"€ 23,95",Switzerland,3.80,À tue-tête,6.5%,Sour - Fruited,Bottle 750ml,"€ 31,93 per litre"
Waar Ow BA,"€ 6,50",Netherlands,3.67,Bourgondische Broeders,10%,Belgian Quadrupel,330ml,"€ 19,70 per litre"
Duvel Belgian Golden Ale,"€ 3,19",Belgium,3.72,Duvel Moortgat,8.5%,Belgian Strong Golden Ale,330ml,"€ 9,67 per litre"
Framboise,"€ 7,60",Belgium,3.77,Brouwerij Lindemans,2.5%,Lambic - Framboise,Bottle 750ml,"€ 10,13 per litre"
Cassis,"€ 4,90",Belgium,3.63,Brouwerij Lindemans,3.5%,Lambic - Fruit,355ml,"€ 13,80 per litre"
Dispersed Vertices Dry-hopped Hersbrucker Spät,"€ 8,00",Denmark,4.01,To Øl,6.5%,Wild Ale - Other,Bottle 750ml,"€ 10,67 per litre"
Dispersed Vertices Dry-hopped NZ Taiheke,"€ 8,00",Denmark,3.72,To Øl,6.5%,Wild Ale - Other,Bottle 750ml,"€ 10,67 per litre"
Slang Du Jour Apricot Shortbread Cookie,"€ 11,20",United States,4.12,Drekker Brewing Company,7.5%,Sour - Smoothie / Pastry,473ml,"€ 23,68 per litre"
DUST  028 - Ciderstorm,"€ 25,35",United States,3.92,Mikkeller Brewing San Diego,6.9%,Sour - Berliner Weisse,Bottle 750ml,"€ 33,80 per litre"
Kwas Xy,"€ 3,00",Poland,3.80,Browar PINTA,4.5%,Sour - Catharina,3-pack,"Total price: € 3,00"
Booghina,"€ 6,00",England,3.90,Left Handed Giant Brewing,6%,Pale Ale - American,Can 473ml,"€ 12,68 per litre"
Sweets Strawberry Shortcake,"€ 9,40",United States,4.12,Mountains Walking Brewery,8%,Sour - Smoothie / Pastry,473ml,"€ 19,87 per litre"
Bistro Peach & Apricot Crumble,"€ 6,80",United States,4.11,Energy City Brewing,6.5%,Sour - Fruited Berliner Weisse,473ml,"€ 14,38 per litre"
Braaaaaaaains Blackberry & Guava,"€ 7,70",United States,4.09,Drekker Brewing Company,6.7%,Sour - Smoothie / Pastry,473ml,"€ 16,28 per litre"
Live And Livley,"€ 10,30",England,4.05,DEYA Brewing Company,7.5%,IPA - Imperial / Double New England / Hazy,Can 440ml,"€ 23,41 per litre"
The Jagged Rott Snare,"€ 6,80",Norway,4.01,Krecher,6%,Sour - Smoothie / Pastry,330ml,"€ 20,61 per litre"
Toad Trip,"€ 8,60",Norway,4.00,Marlobobo's Megabear,6.5%,IPA - New England / Hazy,Can 440ml,"€ 19,55 per litre"
The Thing,"€ 6,80",Germany,3.99,BrewHeart,8%,IPA - Imperial / Double New England / Hazy,Can 440ml,"€ 15,45 per litre"
Pollinated Paradise,"€ 9,40",United States,3.98,Beer Tree Brew/ Rising Storm Brewing Co,6%,Sour - Fruited,473ml,"€ 19,87 per litre"
Todays Undertaking,"€ 6,00",England,3.97,Track Brewing Company,6.5%,IPA - American,Can 440ml,"€ 13,64 per litre"
Near Distant Future,"€ 10,30",Denmark,3.93,Gamma Brewing Company/ The Eighth State Brewing Company,11.5%,Stout - Imperial / Double Pastry,Can 440ml,"€ 23,41 per litre"
"Triple Fruited Gose (Lychee, Raspberry & Apricot)","€ 8,60",England,3.88,North Brewing Co./ Wuhan No. 18 Brewing (拾捌精酿),5.5%,Sour - Fruited Gose,Can 440ml,"€ 19,55 per litre"
Cinnamon Roll Stout,"€ 8,60",United States,3.88,Untitled Art,8%,Stout - White / Golden,355ml,"€ 24,23 per litre"
Strheum,"€ 7,70",United States,3.84,More Brewing Company,7.2%,Sour - Fruited,473ml,"€ 16,28 per litre"
Invisible Cities,"€ 6,00",England,3.84,North Brewing Co.,6.7%,IPA - New England / Hazy,Can 440ml,"€ 13,64 per litre"
Flip Toward The Sun,"€ 9,40",France,3.83,Prizm Brewing Co.,6%,Sour - Fruited,Can 440ml,"€ 21,36 per litre"
Satin Solitude Stout,"€ 6,80",United States,3.80,Central Waters Brewing Company,7.5%,Stout - Imperial / Double,355ml,"€ 19,15 per litre"
Crazy Lines,"€ 8,60",Poland,3.79,Browar Nepomucen/ Browar Stu Mostów,7%,IPA - New England / Hazy,500ml,"€ 17,20 per litre"
La Soupe Aux Chaux,"€ 6,00",Poland,3.77,Browar Stu Mostów,8%,IPA - Imperial / Double New England / Hazy,Can 440ml,"€ 13,64 per litre"
Lavalantula,"€ 6,80",Norway,3.70,Krecher,6%,Sour - Fruited,330ml,"€ 20,61 per litre"
Fuitlands Strawberry Limeade,"€ 10,30",United States,3.67,Modern Times Beer,4.8%,Sour - Fruited Gose,473ml,"€ 21,78 per litre"
Thick Haze,"€ 6,00",United States,3.66,Oskar Blues Brewery,7%,IPA - New England / Hazy,355ml,"€ 16,90 per litre"
Howling,"€ 5,10",Poland,3.66,Browar Stu Mostów,6.4%,IPA - Cold,Can 440ml,"€ 11,59 per litre"
Cherry Berry,"€ 8,60",Spain,3.64,Basqueland Brewing,5%,Sour - Fruited,Can 440ml,"€ 19,55 per litre"
Balegdah,"€ 6,00",England,3.63,Pomona Island Brew Co.,6.5%,Sour - Fruited,Can 440ml,"€ 13,64 per litre"
Beach Run,"€ 6,00",United States,3.61,AleSmith Brewing Company,6.9%,IPA - American,473ml,"€ 12,68 per litre"
Blood Eagle,"€ 6,80",England,3.55,Brew York,5.7%,Pale Ale - Fruited,Can 440ml,"€ 15,45 per litre"
Mind The Glow,"€ 8,60",Wales,3.52,Polly's Brew Co.,5.5%,Sour - Fruited,Can 440ml,"€ 19,55 per litre"
Remade,"€ 6,00",Poland,3.46,WRCLW,7.4%,Sour - Berliner Weisse,Can 440ml,"€ 13,64 per litre"
Super Soaker,"€ 10,30",Northern Ireland,4.03,Beer Hut Brewing Co.,8.2%,IPA - Imperial / Double,Can 440ml,"€ 23,41 per litre"
"Kemker Appel Wien 2021-03 - Medlar, elderberry & cherry","€ 18,47",Germany,3.81,Kemker Kultuur (Brauerei J. Kemker),7%,Cider - Dry,Bottle 750ml,"€ 24,63 per litre"
Dansaert Cider Lambic,"€ 24,15",Belgium,3.79,Brussels Beer Project,6.5%,Lambic - Fruit,Bottle 750ml,"€ 32,20 per litre"
"Dansaert Land, Waters, Afterlife","€ 15,75",Belgium,3.74,Brussels Beer Project,6.5%,Farmhouse Ale - Other,Bottle 750ml,"€ 21,00 per litre"
Moriau Oude Gueuze,"€ 5,17",Belgium,3.81,Brouwerij Boon,7%,Lambic - Gueuze,Bottle 375ml,"€ 13,79 per litre"
Limbo Yuzu,"€ 82,10",Denmark,3.38,Mikkeller,0.3%,Non-Alcoholic - Sour,24-pack,"Total price: € 82,10"
Limbo Yuzu,"€ 43,50",Denmark,3.38,Mikkeller,0.3%,Non-Alcoholic - Sour,12-pack,"Total price: € 43,50"
Limbo Yuzu,"€ 23,00",Denmark,3.38,Mikkeller,0.3%,Non-Alcoholic - Sour,6-pack,"Total price: € 23,00"
Limbo Yuzu,"€ 4,10",Denmark,3.38,Mikkeller,0.3%,Non-Alcoholic - Sour,Can 330ml,"€ 12,42 per litre"
Boerenerf Kriek Cider 2021,"€ 29,00",Belgium,4.08,Het Boerenerf Eylenbosch,7%,Lambic - Fruit,Bottle 750ml,"€ 38,67 per litre"
Harvest Hour,"€ 6,74",Spain,3.94,Cervesa Espiga,6.5%,Farmhouse Ale - Other,Bottle 370ml,"€ 18,22 per litre"
Tripel Kruikje,"€ 6,95",Netherlands,3.64,Hertog Jan,8.5%,Belgian Tripel,500ml,"€ 13,90 per litre"
Saison Locale,"€ 15,00",Belgium,3.90,Brasserie Atrium,7%,Farmhouse Ale - Saison,Bottle 750ml,"€ 20,00 per litre"
Grandeur,"€ 13,30",Poland,4.26,PINTA Barrel Brewing,13%,Porter - Imperial / Double,330ml,"€ 40,30 per litre"
Substance,"€ 13,30",Poland,4.23,PINTA Barrel Brewing,13%,Stout - Imperial / Double,330ml,"€ 40,30 per litre"
Immersion,"€ 13,30",Poland,4.19,PINTA Barrel Brewing,13%,Porter - Imperial / Double,330ml,"€ 40,30 per litre"
Window Blinds Down,"€ 11,40",Poland,4.17,Maltgarden,12.2%,Stout - Imperial / Double Pastry,500ml,"€ 22,80 per litre"
Where Are My Goggles? (2022),"€ 11,40",Poland,4.07,Maltgarden,10%,Stout - Imperial / Double Pastry,500ml,"€ 22,80 per litre"
The Middle Of Silence (2021),"€ 11,40",Poland,4.05,Maltgarden/ Piwne Podziemie,10.2%,Stout - Imperial / Double Milk,500ml,"€ 22,80 per litre"
Gate No2/2022,"€ 13,30",Poland,4.01,Maltgarden,10.5%,Stout - Imperial / Double Coffee,330ml,"€ 40,30 per litre"
Gate No1/2022,"€ 13,30",Poland,3.99,Maltgarden,10.5%,Stout - Imperial / Double,500ml,"€ 26,60 per litre"
Follow The Recipe,"€ 10,60",Poland,3.96,Maltgarden,10%,Stout - Imperial / Double Pastry,500ml,"€ 21,20 per litre"
We Got the Fire,"€ 11,40",Poland,3.95,Maltgarden,10.5%,Stout - Imperial / Double Coffee,500ml,"€ 22,80 per litre"
Geography,"€ 21,69",United States,3.87,Thin Man Brewery,9.3%,Belgian Strong Dark Ale,500ml,"€ 22,80 per litre"
"WILD16 Bière De Soif Raspberry Blackberry Plum Rondo Grapes - 37,5cl","€ 10,20",Poland,4.03,Browar Stu Mostów,7.1%,Farmhouse Ale - Saison,Bottle 375ml,"€ 27,20 per litre"
"WILD11 Mixed Fermentation Bière De Garde - 37,5cl","€ 10,20",Poland,3.97,Browar Stu Mostów,7%,Farmhouse Ale - Bière de Garde,Bottle 375ml,"€ 27,20 per litre"
"Juicy & Wild Muscar-Elle (2021) - 37,5cl","€ 7,30",Belgium,3.97,Lambiek Fabriek,8.8%,Lambic - Fruit,Bottle 375ml,"€ 19,47 per litre"
"WILD12 Bière De Soif Peach Cherry Blend 2021 - 37,5cl","€ 10,20",Poland,3.96,Browar Stu Mostów,6%,Sour - Fruited,Bottle 375ml,"€ 27,20 per litre"
HORAL&apos;s Oude Geuze Mega Blend (2022),"€ 14,60",Belgium,3.94,Brouwerij Boon,7%,Lambic - Gueuze,Bottle 750ml,"€ 19,47 per litre"
Black Treats Toasted Marshmallow Imperial Stout,"€ 3,95",Netherlands,3.87,Brouwerij De Man/ Galea Craft Beers,11%,Stout - Imperial / Double Pastry,Can 330ml,"€ 11,97 per litre"
Griotteke Oude Schaarsbeekse Kriek,"€ 21,95",Belgium,3.87,Brewery John Martin & Brewery Timmermans,6.7%,Lambic - Kriek,Bottle 750ml,"€ 29,27 per litre"
Mexican Hot Chocolat BA,"€ 16,10",Denmark,4.05,To Øl,11%,Stout - Imperial / Double,Bottle 375ml,"€ 42,93 per litre"
Blue Barrique,"€ 26,80",Belgium,4.21,Bières de Chimay,10.5%,Belgian Strong Dark Ale,Bottle 750ml,"€ 35,73 per litre"
Kehrwieder über Normal Null,"€ 2,99",Germany,3.26,Kehrwieder Kreativbrauerei,0.4%,Non-Alcoholic - IPA,330ml,"€ 9,06 per litre"
Barley Wine Port Tawny Port Barrel Aged,"€ 7,50",Netherlands,3.84,Brouwerij Klein Duimpje,11%,Barleywine - Other,330ml,"€ 22,73 per litre"
Tram Do Porto Tawny Port Barrel Aged Tripel,"€ 7,50",Netherlands,3.73,Brouwerij Klein Duimpje,9.5%,Belgian Tripel,330ml,"€ 22,73 per litre"
Hommage (season 17|18) Blend No. 90,"€ 38,95",Belgium,4.43,Brouwerij 3 Fonteinen,5.3%,Lambic - Framboise,330ml,"€ 22,73 per litre"
Oude Geuze Golden Blend S19/20 Blend No.44,"€ 27,99",Belgium,4.36,Brouwerij 3 Fonteinen,6.7%,Lambic - Gueuze,Bottle 750ml,"€ 37,32 per litre"
Oude Geuze Golden Blend S19/20 Blend No.37,"€ 25,99",Belgium,4.35,Brouwerij 3 Fonteinen,6.6%,Lambic - Gueuze,Bottle 750ml,"€ 34,65 per litre"
Oude Kriek S19/20 Blend No. 16,"€ 20,95",Belgium,4.30,Brouwerij 3 Fonteinen,7%,Lambic - Kriek,Bottle 750ml,"€ 27,93 per litre"
Intens Rood (season 19|20) Blend No. 79,"€ 37,95",Belgium,4.28,Brouwerij 3 Fonteinen,7.1%,Lambic - Kriek,,
Oude Geuze Armand Gaston S18/19 Blend no. 54,"€ 21,95",Belgium,4.27,Brouwerij 3 Fonteinen,6.8%,Lambic - Gueuze,,
Oude Geuze Armand Gaston S19/20 Blend no. 5,"€ 19,95",Belgium,4.27,Brouwerij 3 Fonteinen,6.8%,Lambic - Gueuze,,
Oude Geuze S19/20 Blend No.36,"€ 14,99",Belgium,4.24,Brouwerij 3 Fonteinen,6%,Lambic - Gueuze,Bottle 750ml,"€ 19,99 per litre"
Oude Mûre a l'ancienne 2020-2021,"€ 19,99",Belgium,4.20,Gueuzerie Tilquin,6%,Lambic - Fruit,Bottle 750ml,"€ 19,99 per litre"
Frambozenlambik (season 17|18) Blend No. 68,"€ 32,95",Belgium,4.19,Brouwerij 3 Fonteinen,5%,Lambic - Framboise,Bottle 750ml,"€ 19,99 per litre"
Self Reliance: Amarillo,"€ 52,99",United States,4.16,Hill Farmstead Brewery,6%,IPA - Farmhouse,Bottle 750ml,"€ 19,99 per litre"
Pluri Elle,"€ 13,99",Belgium,3.96,Lambiek Fabriek,6.2%,Lambic - Fruit,Bottle 750ml,"€ 19,99 per litre"
Quadruvium,"€ 24,99",Switzerland,3.80,Brasserie L'Apaisée,6.5%,Farmhouse Ale - Saison,Bottle 750ml,"€ 33,32 per litre"
Mes Demoiselles Helles,"€ 2,49",Netherlands,3.47,Implosion Brewing,7.2%,Bock - Hell / Maibock / Lentebock,Bottle 750ml,"€ 33,32 per litre"
Mes Demoiselles Helles,"€ 13,00",Netherlands,3.47,Implosion Brewing,7.2%,Bock - Hell / Maibock / Lentebock,Bottle 750ml,"€ 33,32 per litre"
Mes Demoiselles Helles,"€ 24,00",Netherlands,3.47,Implosion Brewing,7.2%,Bock - Hell / Maibock / Lentebock,Bottle 750ml,"€ 33,32 per litre"
Oude Geuze Golden Blend 20/21 Assemblage N°33,"€ 33,97",Belgium,4.32,Brouwerij 3 Fonteinen,7.2%,Lambic - Gueuze,Bottle 750ml,"€ 45,29 per litre"
Oude Geuze 18/19 Assemblage n°108,"€ 8,19",Belgium,4.31,Brouwerij 3 Fonteinen,7.5%,Lambic - Gueuze,Bottle 375ml,"€ 21,84 per litre"
Oude Geuze Platinum Blend 20/21 Assemblage N°41,"€ 37,37",Belgium,4.28,Brouwerij 3 Fonteinen,6.9%,Lambic - Gueuze,Bottle 750ml,"€ 49,83 per litre"
Oude Kriek 19/20 Assemblage n° 76,"€ 10,91",Belgium,4.09,Brouwerij 3 Fonteinen,6.9%,Lambic - Kriek,Bottle 375ml,"€ 29,09 per litre"
Tilquin Pinot Gris A L'Ancienne 2020,"€ 36,00",Belgium,4.31,Gueuzerie Tilquin,8.5%,Lambic - Fruit,Bottle 750ml,"€ 48,00 per litre"
Tripel Biologisch Glutenvrij,"€ 3,15",Belgium,3.32,Brasserie de Brunehaut,8%,Gluten-Free,330ml,"€ 9,55 per litre"
B-Bomb (2017),"€ 37,60",United States,4.37,Fremont Brewing,13%,Winter Ale,Bottle 650ml,"€ 57,85 per litre"
B-Bomb (2017),"€ 37,60",United States,4.37,Fremont Brewing,13%,Winter Ale,Bottle 650ml,"€ 57,85 per litre"
Suffer,"€ 51,00",United States,4.36,The Veil Brewing Co.,12%,Stout - Imperial / Double,500ml,"€ 102,00 per litre"
Widowed,"€ 51,00",United States,4.34,The Veil Brewing Co.,14%,Stout - Imperial / Double,500ml,"€ 102,00 per litre"
Eternal Slumber (2021),"€ 51,00",United States,4.32,The Veil Brewing Co.,13%,Stout - Imperial / Double,500ml,"€ 102,00 per litre"
Empty,"€ 51,00",United States,4.29,The Veil Brewing Co.,13.5%,Stout - Imperial / Double,500ml,"€ 102,00 per litre"
Apple Brandy Bourbon Booberry Pie Sleeping Forever,"€ 51,00",United States,4.29,The Veil Brewing Co.,13%,Stout - Imperial / Double,500ml,"€ 102,00 per litre"
Paradox of Alternating Minds,"€ 37,60",United States,4.22,Resident Culture Brewing Co.,12%,Stout - Imperial / Double Pastry,500ml,"€ 75,20 per litre"
Double Barrel Cherry Brandy Unkindness,"€ 37,60",United States,4.22,Resident Culture Brewing Co.,13%,Stout - Imperial / Double,500ml,"€ 75,20 per litre"
Speedway Stout,"€ 24,90",United States,4.17,AleSmith Brewing Company,12%,Stout - Imperial / Double Coffee,Bottle 750ml,"€ 33,20 per litre"
Mexican Speedway Stout 2018,"€ 56,40",United States,4.11,AleSmith Brewing Company,13%,Stout - Imperial / Double,Bottle 750ml,"€ 75,20 per litre"
The Backyard,"€ 29,50",Denmark,4.23,Baghaven Brewing and Blending/ de Garde Brewing,5.5%,Wild Ale - American,Bottle 750ml,"€ 39,33 per litre"
MC Chouffe,"€ 2,40",Belgium,3.64,Brasserie d'Achouffe,8%,Belgian Strong Dark Ale,Bottle 330ml,"€ 7,27 per litre"
Belhamel New England IPA,"€ 2,80",Netherlands,3.57,Brouwerij de Eeuwige Jeugd,6.5%,IPA - New England / Hazy,330ml,"€ 8,48 per litre"
Cali - Can,"€ 3,30",Wales,3.66,Tiny Rebel Brewing Co,5.6%,Pale Ale - American,330ml,"€ 10,00 per litre"
Strandgaper Blond,"€ 2,85",Belgium,3.48,Scheldebrouwerij,6.2%,Blonde / Golden Ale - Other,330ml,"€ 8,64 per litre"
BA Café B.O.R.I.S. The Crusher,"€ 14,10",United States,4.20,Hoppin' Frog Brewery,9.4%,Stout - Coffee,473ml,"€ 29,81 per litre"
Hauser's Heat Of The Moment Imperial Porter,"€ 18,10",United States,3.91,Hoppin' Frog Brewery,12%,Porter - Imperial / Double,Bottle 650ml,"€ 27,85 per litre"
Lervig Passion Tang Can,"€ 5,40",Norway,3.64,LERVIG,7%,Sour - Fruited,330ml,"€ 16,36 per litre"
Mélange Noir (2021),"€ 42,99",United States,4.25,The Bruery,16.6%,Stout - Imperial / Double,Bottle 750ml,"€ 57,32 per litre"
Mélange Noir (2021),"€ 42,99",United States,4.25,The Bruery,16.6%,Stout - Imperial / Double,Bottle 750ml,"€ 57,32 per litre"
Mocha Wednesday (2021),"€ 30,99",United States,4.28,The Bruery,19.1%,Stout - Imperial / Double Coffee,Bottle 750ml,"€ 57,32 per litre"
Baladin Xyauyu Fumè Riserva 2018,"€ 39,95",Italy,4.37,BIRRIFICIO AGRICOLO BALADIN - Baladin Indipendente Italian Farm Brewery,14%,Barleywine - Other,500ml,"€ 79,90 per litre"
Pohjala Öö,"€ 4,50",Estonia,3.93,Põhjala,10.5%,Porter - Imperial / Double Baltic,330ml,"€ 13,64 per litre"
Hazy Sunrise,"€ 3,75",Netherlands,3.69,Brouwerij Kees,7.1%,IPA - New England / Hazy,330ml,"€ 11,36 per litre"
Mosaic Hop,"€ 3,75",Netherlands,3.56,Brouwerij Kees,5.5%,IPA - Belgian,330ml,"€ 11,36 per litre"
Brewery,"€ 22,80",United States,3.95,Jester King Brewery,6.6%,Wild Ale - Other,Bottle 750ml,"€ 30,40 per litre"
Oude Tart Boysenberry,"€ 20,99",United States,4.23,The Bruery Terreux,8.3%,Sour - Flanders Red Ale,Bottle 750ml,"€ 30,40 per litre"
Oude Tart Huckleberry,"€ 29,99",United States,4.05,The Bruery,9.2%,Red Ale - Other,Bottle 750ml,"€ 30,40 per litre"
Nectar Keen,"€ 29,99",United States,3.83,The Bruery Terreux,6.4%,Sour - Other,Bottle 750ml,"€ 30,40 per litre"
Rye Have Blue Dreams,"€ 29,99",United States,4.03,The Bruery,8.1%,Wild Ale - American,Bottle 750ml,"€ 30,40 per litre"
Terreux Blue BBLS,"€ 29,99",United States,3.97,The Bruery Terreux,18%,Sour - Other,Bottle 750ml,"€ 30,40 per litre"
Terreux Absent Minded,"€ 36,99",United States,3.91,The Bruery Terreux,7.4%,Sour - Other,Bottle 750ml,"€ 30,40 per litre"
Zwet VINTAGE 2015,"€ 4,49",Belgium,3.69,Brouwerij 3 Fonteinen,7%,Stout - Belgian,330ml,"€ 13,61 per litre"
Incapablo,"€ 3,25",Netherlands,3.12,Dutch Bargain,5%,Lager - Pale,330ml,"€ 9,85 per litre"
Tilquin Cassis Rullquin,"€ 17,71",Belgium,3.93,Gueuzerie Tilquin,7.7%,Sour - Fruited,Bottle 750ml,"€ 23,61 per litre"
Ceci N'est Pas Une Gueuze,"€ 22,61",Canada,4.14,LTM - Les Trois Mousquetaires,5.5%,Lambic - Gueuze,Bottle 750ml,"€ 30,15 per litre"
Cuvée Cryo,"€ 17,21",Canada,3.98,LTM - Les Trois Mousquetaires,8.8%,Fruit Beer,Bottle 750ml,"€ 22,95 per litre"
Cuvee Vidal,"€ 16,94",Canada,3.94,LTM - Les Trois Mousquetaires,6.5%,Farmhouse Ale - Other,Bottle 750ml,"€ 22,59 per litre"
Sans Pagaie With Vanilla,"€ 29,99",United States,4.39,The Bruery Terreux,6.6%,Sour - Ale,Bottle 750ml,"€ 39,99 per litre"
Onus On Us,"€ 29,99",United States,4.05,The Bruery Terreux,6.1%,Wild Ale - American,Bottle 750ml,"€ 39,99 per litre"
Seahorse,"€ 24,99",United States,4.03,The Bruery Terreux,7.6%,Sour - Fruited,Bottle 750ml,"€ 39,99 per litre"
Train To Beersel,"€ 29,99",United States,4.03,The Bruery Terreux,8.8%,Wild Ale - American,Bottle 750ml,"€ 39,99 per litre"
Romance Revisited,"€ 29,99",United States,4.01,The Bruery Terreux,7%,Sour - Fruited,Bottle 750ml,"€ 39,99 per litre"
Spontanaheim 2021,"€ 29,99",United States,4.00,The Bruery Terreux,5.8%,Wild Ale - American,Bottle 750ml,"€ 39,99 per litre"
Terreux Pinot Pop,"€ 7,99",United States,3.88,The Bruery Terreux,8.5%,Farmhouse Ale - Saison,Bottle 750ml,"€ 39,99 per litre"
Heavanilla,"€ 29,99",United States,3.85,The Bruery,12.7%,Sour - Other,Bottle 750ml,"€ 39,99 per litre"
Terreux Apple Pop,"€ 7,99",United States,3.78,The Bruery Terreux,7.4%,Farmhouse Ale - Saison,Bottle 750ml,"€ 39,99 per litre"
Petrus Tripel,"€ 3,30",Belgium,3.46,Brouwerij De Brabandere,7.5%,Belgian Tripel,330ml,"€ 10,00 per litre"
Cuvée Sofie,"€ 5,07",Belgium,3.92,Brouwerij Alvinne,8%,Sour - Other,330ml,"€ 15,36 per litre"
Phi Rabarber,"€ 5,13",Belgium,3.86,Brouwerij Alvinne,8%,Sour - Fruited,330ml,"€ 15,55 per litre"
Shady Oak / AltBrau Cellar Wizard Ammani Limes,"€ 47,55",United States,4.17,Shady Oak Barrel House,6.8%,Wild Ale - American,Bottle 750ml,"€ 63,40 per litre"
Alvinne's Fellowship 2021  6 - Ravens of Erebor,"€ 29,95",Belgium,3.93,Brouwerij Alvinne,10%,Stout - Other,Bottle 750ml,"€ 39,93 per litre"
Alvinne's Fellowship 2021  1 - Laurelin 2020,"€ 29,95",Belgium,3.93,Brouwerij Alvinne,8%,Sour - Other,Bottle 750ml,"€ 39,93 per litre"
Alvinne's Fellowship 2021  2 - Forodwaith,"€ 31,00",Belgium,3.93,Brouwerij Alvinne,7.5%,Sour - Other,Bottle 750ml,"€ 41,33 per litre"
Alvinne's Fellowship 2021  4 - Pippin,"€ 31,00",Belgium,3.93,Brouwerij Alvinne,8%,Sour - Other,Bottle 750ml,"€ 41,33 per litre"
Alvinne's Fellowship 2021  5 - Glaurung,"€ 31,00",Belgium,3.93,Brouwerij Alvinne,11%,Sour - Other,Bottle 750ml,"€ 41,33 per litre"
Alvinne / Letra XLNC,"€ 5,21",Belgium,3.81,Brouwerij Alvinne,11%,Sour - Other,330ml,"€ 15,79 per litre"
Terreux Ruebarb,"€ 29,99",United States,4.24,The Bruery Terreux,6%,Wild Ale - American,,
Terreux Muffin Train,"€ 29,99",United States,4.08,The Bruery Terreux,7.7%,Wild Ale - American,Bottle 750ml,"€ 39,99 per litre"
Terreux Baklava Tart,"€ 29,99",United States,3.78,The Bruery Terreux,12.2%,Sour - Other,Bottle 750ml,"€ 39,99 per litre"
Cinnamonk,"€ 29,99",United States,3.76,The Bruery Terreux,12.1%,Sour - Other,Bottle 750ml,"€ 39,99 per litre"
Framboos Oogst 2019,"€ 15,23",Belgium,4.24,Brouwerij 3 Fonteinen,6.2%,Lambic - Framboise,Bottle 375ml,"€ 40,61 per litre"
Yeast of Eden A Moment's Rest,"€ 25,59",United States,4.14,Yeast Of Eden,11.1%,Wild Ale - Other,Bottle 375ml,"€ 68,24 per litre"
Yeast of Eden Timshel: Raspberry,"€ 41,95",United States,4.12,Yeast Of Eden,6.37%,Lambic - Framboise,Bottle 750ml,"€ 55,93 per litre"
Yeast of Eden Vinsimilar: Charbono,"€ 40,85",United States,4.03,Yeast Of Eden,11.57%,Wild Ale - Other,Bottle 750ml,"€ 54,47 per litre"
Yeast of Eden Vinsimilar: Rosé,"€ 38,88",United States,3.97,Yeast Of Eden,8.95%,Wild Ale - American,Bottle 750ml,"€ 51,84 per litre"
Yeast of Eden Lasting Melody,"€ 41,95",United States,3.93,Yeast Of Eden,8%,Lambic - Fruit,Bottle 750ml,"€ 55,93 per litre"
Eclipse  Vanilla Rye 2021,"€ 19,51",United States,4.28,FiftyFifty Brewing Co.,12.7%,Stout - Imperial / Double,473ml,"€ 41,25 per litre"
De Cam Lambiek Rabarber,"€ 27,78",Belgium,4.06,Geuzestekerij De Cam,7.2%,Lambic - Fruit,Bottle 750ml,"€ 37,04 per litre"
Siren Maiden 2021,"€ 14,98",England,4.01,Siren Craft Brew,11%,Barleywine - American,Bottle 375ml,"€ 39,95 per litre"
Reflections of Matter-Noyaux 2020,"€ 30,20",Denmark,3.91,Baghaven Brewing and Blending,6%,Wild Ale - American,Bottle 750ml,"€ 40,27 per litre"
Wildflower St Henry 2021,"€ 30,91",Australia,4.20,Wildflower Brewing & Blending,5.7%,Wild Ale - Other,Bottle 750ml,"€ 41,21 per litre"
The Law of Motion Reserve,"€ 29,97",United States,4.20,de Garde Brewing,6.5%,Wild Ale - American,Bottle 750ml,"€ 39,96 per litre"
Ivy,"€ 28,53",United States,4.10,de Garde Brewing,6%,Wild Ale - American,Bottle 750ml,"€ 38,04 per litre"
Wildflower Good as Gold,"€ 24,53",Australia,4.01,Wildflower Brewing & Blending,5%,Wild Ale - Other,Bottle 750ml,"€ 32,71 per litre"
Terreux Manky Panky,"€ 29,99",United States,4.12,The Bruery Terreux,6.5%,Farmhouse Ale - Saison,Bottle 750ml,"€ 32,71 per litre"
Parley Porter,"€ 36,99",United States,4.09,The Bruery,11.4%,Porter - Imperial / Double,Bottle 750ml,"€ 32,71 per litre"
Terreux Shipwrecked Monk,"€ 29,99",United States,3.88,The Bruery Terreux,7.5%,Farmhouse Ale - Saison,,
Terreux Saison Breton,"€ 24,99",United States,3.83,The Bruery Terreux,6.4%,Farmhouse Ale - Saison,,
Terreux Cucumber Aku Aku,"€ 29,99",United States,3.73,The Bruery Terreux,9.9%,Farmhouse Ale - Saison,,
Funky Blender – Pluot,"€ 27,32",United States,4.19,Casey Brewing & Blending,7%,Sour - Fruited,Bottle 750ml,"€ 36,43 per litre"
Tilquin: Oude Mure 2020,"€ 22,95",Belgium,4.20,Gueuzerie Tilquin,6%,Lambic - Fruit,Bottle 750ml,"€ 30,60 per litre"
Mash PB&J,"€ 39,99",United States,3.81,The Bruery,10.4%,Barleywine - Other,Bottle 750ml,"€ 30,60 per litre"
Tove,"€ 36,69",United States,4.15,Fair Isle Brewing,6.4%,Farmhouse Ale - Saison,Bottle 750ml,"€ 48,92 per litre"
Almota,"€ 29,33",United States,4.07,Fair Isle Brewing,5.3%,Farmhouse Ale - Saison,Bottle 750ml,"€ 39,11 per litre"
Odelette,"€ 29,33",United States,4.06,Fair Isle Brewing,7.7%,Farmhouse Ale - Bière de Garde,Bottle 750ml,"€ 39,11 per litre"
Alicel,"€ 26,85",United States,4.01,Fair Isle Brewing,5.3%,Farmhouse Ale - Saison,Bottle 750ml,"€ 35,80 per litre"
De Oude Cam: Gueuze 2021,"€ 9,95",Belgium,4.20,Geuzestekerij De Cam,6%,Lambic - Gueuze,Bottle 375ml,"€ 26,53 per litre"
De Oude Cam: Framboise 2022,"€ 13,95",Belgium,4.16,Geuzestekerij De Cam,5%,Lambic - Framboise,Bottle 375ml,"€ 37,20 per litre"
De Oude Cam: Abrikoos 2021,"€ 13,95",Belgium,4.14,Geuzestekerij De Cam,5%,Lambic - Fruit,Bottle 375ml,"€ 37,20 per litre"
De Oude Cam: Aardbei 2022,"€ 13,95",Belgium,4.12,Geuzestekerij De Cam,5%,Lambic - Fruit,Bottle 375ml,"€ 37,20 per litre"
De Oude Cam: Kwee-peer-appel-quince 2022,"€ 14,65",Belgium,4.01,Geuzestekerij De Cam,5%,Lambic - Fruit,Bottle 375ml,"€ 39,07 per litre"
Terreux Rueuze,"€ 19,99",United States,4.06,The Bruery Terreux,6%,Lambic - Gueuze,Bottle 750ml,"€ 26,65 per litre"
Terreux Catalina Gose,"€ 29,99",United States,3.86,The Bruery Terreux,5.8%,Sour - Traditional Gose,Bottle 750ml,"€ 26,65 per litre"
Jessenhofke bierpakket,"€ 37,15",Belgium,3.43,Biologische Brouwerij Jessenhofke,8%,Belgian Tripel,330ml,"€ 112,58 per litre"
La Clé du Bonheur (T.H.T. 11/03/2024),"€ 4,17",Belgium,3.27,Brasserie du Caméléon,8%,Blonde / Golden Ale - Other,330ml,"€ 12,64 per litre"
Nitwit Witbier,"€ 2,95",Netherlands,3.51,Brouwerij de Eeuwige Jeugd,6%,Wheat Beer - Witbier / Blanche,330ml,"€ 8,94 per litre"
Altenbeer,"€ 16,57",Belgium,3.77,L'Ermitage,7%,Farmhouse Ale - Saison,Bottle 750ml,"€ 22,09 per litre"
Vibe Check,"€ 22,99",United States,4.13,Resident Culture Brewing Co.,6%,Sour - Fruited,Bottle 750ml,"€ 22,09 per litre"
Oude Gueuze Barrel Selection Demi-Muids 2021,"€ 10,37",Belgium,4.06,Oud Beersel,6.5%,Lambic - Gueuze,Bottle 375ml,"€ 27,65 per litre"
Barrel Selection Demi-Muids (2021),"€ 10,80",Belgium,4.06,Oud Beersel,6.5%,Lambic - Gueuze,Bottle 375ml,"€ 28,80 per litre"
Sea Fog,"€ 5,30",Estonia,3.49,Põhjala,8%,Sour - Fruited Gose,330ml,"€ 16,06 per litre"
Braaaaaaaains - Apricot & Lemon,"€ 9,40",United States,4.13,Drekker Brewing Company,7.3%,Sour - Smoothie / Pastry,473ml,"€ 19,87 per litre"
Otan - World famous NATO beer,"€ 26,70",Finland,3.07,Olaf Brewing,5%,IPA - Other,6-pack,"Total price: € 26,70"
Otan - World famous NATO beer,"€ 5,30",Finland,3.07,Olaf Brewing,5%,IPA - Other,Can 440ml,"€ 12,05 per litre"
White Picket Fence,"€ 13,97",Canada,3.87,Bellwoods Brewery,5.6%,Farmhouse Ale - Saison,500ml,"€ 27,94 per litre"
CocoMallow'd,"€ 12,99",United States,3.95,Froth Brewing Co.,7.5%,Stout - Pastry,500ml,"€ 27,94 per litre"
Vines - Gamay (Harvest 2021),"€ 19,95",Canada,4.18,Bellwoods Brewery,8%,Wild Ale - Other,500ml,"€ 39,90 per litre"
Jelly King - Guava Mango Passionfruit,"€ 8,17",Canada,4.14,Bellwoods Brewery,5.6%,Sour - Fruited,473ml,"€ 17,27 per litre"
Jelly King - Strawberry Rhubarb,"€ 9,57",Canada,4.11,Bellwoods Brewery,5.6%,Sour - Fruited,500ml,"€ 19,14 per litre"
Jelly King - Cranberry Tangerine,"€ 8,17",Canada,4.10,Bellwoods Brewery,5.6%,Sour - Fruited,473ml,"€ 17,27 per litre"
Intermodal (2021) Three Year Blend,"€ 19,95",Canada,4.04,Bellwoods Brewery,6.5%,Wild Ale - American,500ml,"€ 39,90 per litre"
Jelly King,"€ 7,21",Canada,4.03,Bellwoods Brewery,5.6%,Sour - Other,473ml,"€ 15,24 per litre"
Grandma,"€ 17,97",Canada,3.98,Bellwoods Brewery,7.7%,Wild Ale - American,500ml,"€ 35,94 per litre"
White Picket Fence Peach 2021,"€ 14,24",Canada,3.98,Bellwoods Brewery,5.7%,Farmhouse Ale - Saison,500ml,"€ 28,48 per litre"
Black Liquids Vol. 9,"€ 14,11",Canada,3.98,Bellwoods Brewery,10%,Stout - Imperial / Double,473ml,"€ 29,83 per litre"
Brettal Head,"€ 12,97",Canada,3.91,Bellwoods Brewery,6.4%,Pale Ale - American,500ml,"€ 25,94 per litre"
Vieille Provision,"€ 11,07",Belgium,3.76,Brouwerij De Ranke,7.5%,Sour - Other,Bottle 750ml,"€ 14,76 per litre"
Blurry Vision,"€ 3,49",Germany,3.72,BRLO,6.5%,IPA - New England / Hazy,330ml,"€ 10,58 per litre"
Brewing Co,"€ 20,40",England,3.79,Track Brewing Company,4.5%,Wild Ale - Other,Bottle 750ml,"€ 27,20 per litre"
Coconut Edition B-Bomb (2019),"€ 37,60",United States,4.45,Fremont Brewing,13.2%,Winter Ale,Bottle 650ml,"€ 57,85 per litre"
Cinnamon Coconut B-Bomb (2021),"€ 37,60",United States,4.44,Fremont Brewing,13%,Winter Ale,Bottle 650ml,"€ 57,85 per litre"
Bourbon Barrel Aged Dark Star (2021),"€ 34,90",United States,4.39,Fremont Brewing,12.7%,Stout - Imperial / Double Oatmeal,Bottle 650ml,"€ 53,69 per litre"
Bourbon Barrel Aged Dark Star: Coffee Cacao Vanilla (2021),"€ 37,60",United States,4.38,Fremont Brewing,12.7%,Stout - Imperial / Double Oatmeal,Bottle 650ml,"€ 57,85 per litre"
B-Bomb (2020),"€ 26,20",United States,4.34,Fremont Brewing,12.8%,Winter Ale,Bottle 650ml,"€ 40,31 per litre"
Brewing Peach Lemonade Slush,"€ 7,99",United States,3.97,Wiley Roots Brewing Company,5.5%,Sour - Fruited,Bottle 650ml,"€ 40,31 per litre"
Brewing Cherry Lime Slush,"€ 7,99",United States,3.93,Wiley Roots Brewing Company,5.5%,Sour - Fruited,Bottle 650ml,"€ 40,31 per litre"
Coconut Champion Ground,"€ 22,99",United States,4.32,Jackie O's Brewery,11.8%,Stout - Imperial / Double Coffee,Can 440ml,"€ 73,18 per litre"
"Alvarinho Grape Ale - 37,5cl","€ 14,00",Portugal,4.12,Wildery Brutal Blends,12%,Grape Ale - Other,Bottle 375ml,"€ 37,33 per litre"
"Sour Ale Light - 37,5cl","€ 10,30",Portugal,3.94,Wildery Brutal Blends,4%,Wild Ale - Other,Bottle 375ml,"€ 27,47 per litre"
"Blended Sour Ale With Annona muricata - 37,5cl","€ 10,40",Portugal,3.92,Wildery Brutal Blends,5%,Wild Ale - Other,Bottle 375ml,"€ 27,73 per litre"
Martin's Bourgogne Des Flandres,"€ 2,50",Belgium,3.58,Brewery John Martin & Brewery Timmermans,5%,Sour - Flanders Red Ale,330ml,"€ 7,58 per litre"
Still,"€ 25,91",England,3.85,Mills Brewing,4.2%,Wild Ale - Other,Bottle 750ml,"€ 34,55 per litre"
Dansaert Metamorphosis,"€ 15,75",Belgium,3.84,Brussels Beer Project,6%,Farmhouse Ale - Saison,Bottle 750ml,"€ 21,00 per litre"
Dansaert Cherish the Cherries,"€ 24,15",Belgium,3.82,Brussels Beer Project,6.2%,Sour - Fruited,Bottle 750ml,"€ 32,20 per litre"
Pohjala Prenzlauer 0,"€ 3,40",Estonia,3.17,Põhjala,0.5%,Non-Alcoholic - Sour,Can 330ml,"€ 10,30 per litre"
DDVD Korenaar Finesse,"€ 3,47",Belgium,3.56,Brouwerij De Dochter van de Korenaar,8.5%,Belgian Tripel,330ml,"€ 10,52 per litre"
Straffe Hendrik Triple,"€ 3,60",Belgium,3.76,Brouwerij De Halve Maan,9%,Belgian Tripel,330ml,"€ 10,91 per litre"
Triple,"€ 3,40",Belgium,3.65,Abbaye de Leffe,8.5%,Belgian Tripel,330ml,"€ 10,30 per litre"
Floris Kriek,"€ 3,20",Belgium,3.53,Delirium - Huyghe Brewery,3%,Wheat Beer - Fruited,330ml,"€ 9,70 per litre"
Petrus Blonde,"€ 3,00",Belgium,3.35,Brouwerij De Brabandere,6.6%,Belgian Blonde,330ml,"€ 9,09 per litre"
Gueuze,"€ 4,20",Belgium,3.27,Brouwerij Mort Subite,4.5%,Lambic - Gueuze,Bottle 375ml,"€ 11,20 per litre"
Foxy Lady,"€ 9,75",Chile,4.16,Granizo,11.5%,Stout - Imperial / Double,473ml,"€ 20,61 per litre"
Betta.Cuatro,"€ 9,20",Chile,4.05,Granizo,6%,Sour - Fruited,473ml,"€ 19,45 per litre"
Granizo / Rare Barrel Noble Alerce,"€ 14,65",Chile,4.03,Granizo,7%,Farmhouse Ale - Other,Bottle 375ml,"€ 39,07 per litre"
Granizo/ Almanac Gran Cat,"€ 9,20",Chile,3.93,Granizo,8%,Sour - Flanders Red Ale,473ml,"€ 19,45 per litre"
Betta.Tres,"€ 9,20",Chile,3.86,Granizo,9.2%,Sour - Fruited,473ml,"€ 19,45 per litre"
Sour Pisco,"€ 13,80",Chile,3.78,Granizo,9%,Sour - Other,Bottle 375ml,"€ 36,80 per litre"
Bayas de Alerce,"€ 9,20",Chile,3.78,Granizo,9%,Sour - Fruited,473ml,"€ 19,45 per litre"
Leto,"€ 32,99",United States,4.33,Mortalis Brewing Company,10%,Stout - Imperial / Double Pastry,500ml,"€ 65,98 per litre"
Juno / 8bit,"€ 9,99",United States,3.96,Mortalis 8bit,9%,Scotch Ale / Wee Heavy,500ml,"€ 65,98 per litre"
Tyche | Vanilla & Graham / 8bit,"€ 9,99",United States,3.87,Mortalis 8bit,7.5%,Porter - American,500ml,"€ 65,98 per litre"
Binds,"€ 21,60",England,3.66,Crossover Blendery,5.6%,Wild Ale - Other,Bottle 750ml,"€ 28,80 per litre"
Solo Grapy,"€ 11,51",Greece,3.58,Σόλο (Solo),5%,Sour - Other,Bottle 750ml,"€ 15,35 per litre"
Solo Philia,"€ 2,97",Greece,3.35,Σόλο (Solo),5%,Wheat Beer - Witbier / Blanche,330ml,"€ 9,00 per litre"
Westmalle Dubbel,"€ 5,99",Belgium,3.69,Brouwerij der Trappisten van Westmalle,7%,Belgian Dubbel,Bottle 750ml,"€ 7,99 per litre"
Sadako,"€ 7,69",England,3.98,Weird Beard Brew Co.,9.5%,Stout - Imperial / Double,Can 440ml,"€ 17,48 per litre"
BA Pogonotrophy Project 4,"€ 9,91",England,3.66,Weird Beard Brew Co.,8.9%,Sour - Other,660ml,"€ 15,02 per litre"
Barrel Aged Mendacious,"€ 10,95",England,3.61,Weird Beard Brew Co.,9.2%,Stout - Imperial / Double Pastry,660ml,"€ 16,59 per litre"
Pryes - Idyll Forest - Temps de Celebration,"€ 39,80",United States,4.12,Pryes Brewing,6.4%,Wild Ale - American,Bottle 750ml,"€ 53,07 per litre"
Pryes - Idyll Forest - Le Bois De Reves,"€ 39,80",United States,4.05,Pryes Brewing,5.2%,Wild Ale - American,Bottle 750ml,"€ 53,07 per litre"
Royal Raspberry Sour,"€ 11,49",United States,3.92,Pryes Brewing,4.8%,Sour - Fruited Berliner Weisse,480ml,"€ 23,94 per litre"
Spring 2021,"€ 15,80",Canada,4.10,Revel Cider Company,6.3%,Cider - Other Fruit,Bottle 750ml,"€ 21,07 per litre"
Blau 2021,"€ 8,70",Canada,?,Revel Cider Company,9.1%,Cider - Other Fruit,Bottle 375ml,"€ 23,20 per litre"
Oude Kriek 19/20 Assemblage n° 13,"€ 57,95",Belgium,4.29,Brouwerij 3 Fonteinen,7.2%,Lambic - Kriek,Bottle 1500ml,"€ 38,63 per litre"
April Showers,"€ 19,17",United States,3.92,The Bruery,12.5%,Belgian Strong Golden Ale,Bottle 750ml,"€ 25,56 per litre"
Quercus Reserve 1: Bruin - BATCH 4,"€ 7,50",United States,3.89,Woodfour Brewing Company,4.6%,Sour - Flanders Oud Bruin,Bottle 370ml,"€ 20,27 per litre"
Jaune,"€ 13,49",United States,3.69,Westbrook Brewing Co.,8.2%,Belgian Tripel,Bottle 750ml,"€ 17,99 per litre"
23303 Tripel,"€ 2,30",Belgium,3.75,Brouwerij St.Bernardus,8%,Belgian Tripel,330ml,"€ 6,97 per litre"
Blond 0.0,"€ 1,65",Belgium,2.73,Abbaye de Leffe,8%,Non-Alcoholic - Other,330ml,"€ 5,00 per litre"
Unconditional Love,"€ 3,32",Hungary,3.66,Dealbreaker,3.6%,Sour - Fruited Berliner Weisse,330ml,"€ 10,06 per litre"
Vines: Gamay 2021,"€ 18,90",Canada,4.18,Bellwoods Brewery,8%,Wild Ale - Other,500ml,"€ 37,80 per litre"
Intermodal 2021 Three Year Blend,"€ 18,90",Canada,4.04,Bellwoods Brewery,6.5%,Wild Ale - American,500ml,"€ 37,80 per litre"
Barn Owl No.27 Foeder-Aged Sour Pale Ale,"€ 18,90",Canada,4.03,Bellwoods Brewery,6.1%,Wild Ale - Other,500ml,"€ 37,80 per litre"
No Rest For The Wicked w/ Coffee,"€ 18,90",Canada,3.73,Bellwoods Brewery,9%,Wild Ale - American,500ml,"€ 37,80 per litre"
WILD12 Bière De Soif Peach Cherry Blend 2021,"€ 11,40",Poland,3.96,Browar Stu Mostów,6%,Sour - Fruited,Bottle 375ml,"€ 30,40 per litre"
WILD13 Bière De Soif Refermented With Red Regent And Rondo Grapes Blend 2021,"€ 11,40",Poland,3.96,Browar Stu Mostów,6.8%,Grape Ale - Other,Bottle 375ml,"€ 30,40 per litre"
Barrel Selection - Madeira,"€ 27,65",Belgium,3.42,Oud Beersel,8%,Sour - Other,Bottle 750ml,"€ 36,87 per litre"
Barrel Selection - Portwood Whisky Edition (2022),"€ 27,65",Belgium,3.42,Oud Beersel,8%,Sour - Other,Bottle 750ml,"€ 36,87 per litre"
Barrel Selection - Ruby Porto Edition 2020,"€ 27,65",Belgium,3.42,Oud Beersel,8%,Sour - Other,Bottle 750ml,"€ 36,87 per litre"
Aurrera Stanitsa,"€ 5,61",Spain,4.13,Laugar Brewery,11.2%,Stout - Russian Imperial,330ml,"€ 17,00 per litre"
Midnight Harvest 2022,"€ 6,97",Spain,4.17,Laugar Brewery,12.4%,Stout - Russian Imperial,330ml,"€ 21,12 per litre"
GingerGueuze,"€ 19,80",Belgium,3.70,Brouwerij Lindemans,6%,Lambic - Gueuze,Bottle 750ml,"€ 26,40 per litre"
Imperial Stout Tonka Beans,"€ 7,97",Portugal,4.20,Lupum,12%,Stout - Imperial / Double Milk,330ml,"€ 24,15 per litre"
Sour Ale Light,"€ 10,27",Portugal,3.94,Wildery Brutal Blends,4%,Wild Ale - Other,Bottle 375ml,"€ 27,39 per litre"
Eternal Slumber 2022 Imperial Stout,"€ 42,80",United States,4.23,The Veil Brewing Co.,13%,Stout - Imperial / Double,500ml,"€ 85,60 per litre"
De Cam 5 Year Old Oude Lambiek 2020,"€ 19,31",Belgium,4.27,Geuzestekerij De Cam,5%,Lambic - Traditional,Bottle 375ml,"€ 51,49 per litre"
"WILD  16 - Bière de Soif Raspberry, Blackberry, Plum, Rondo Grapes","€ 10,29",Poland,4.03,Browar Stu Mostów,7.1%,Farmhouse Ale - Saison,Bottle 375ml,"€ 27,44 per litre"
Cassis,"€ 2,50",Belgium,3.63,Brouwerij Lindemans,3.5%,Lambic - Fruit,Bottle 250ml,"€ 10,00 per litre"
Chouffe La,"€ 2,55",Belgium,3.82,Brasserie d'Achouffe,8%,Belgian Strong Golden Ale,330ml,"€ 7,73 per litre"
La Trappe Tripel,"€ 6,95",Netherlands,3.75,Bierbrouwerij De Koningshoeven,8%,Belgian Tripel,Bottle 750ml,"€ 9,27 per litre"
Gouden Carolus Classic,"€ 6,95",Belgium,3.73,Brouwerij Het Anker,8.5%,Belgian Strong Dark Ale,Bottle 750ml,"€ 9,27 per litre"
Duvel,"€ 2,45",Belgium,3.72,Duvel Moortgat,6.66%,Belgian Strong Golden Ale,330ml,"€ 7,42 per litre"
La Trappe Blond,"€ 5,95",Netherlands,3.67,Bierbrouwerij De Koningshoeven,6.5%,Belgian Blonde,Bottle 750ml,"€ 7,93 per litre"
La Trappe Dubbel,"€ 5,95",Netherlands,3.63,Bierbrouwerij De Koningshoeven,7%,Belgian Dubbel,Bottle 750ml,"€ 7,93 per litre"
WILD -13 - Bière de Soif Red Regent,"€ 10,29",Poland,3.96,Browar Stu Mostów,6.8%,Grape Ale - Other,Bottle 375ml,"€ 27,44 per litre"
Schooner Or Later,"€ 5,94",Poland,3.96,Browar Stu Mostów,9.5%,Porter - Imperial / Double Baltic,330ml,"€ 18,00 per litre"
WILD  14 - Bière de Soif Cherries and Vanilla,"€ 10,29",Poland,3.93,Browar Stu Mostów,6%,Sour - Fruited,Bottle 375ml,"€ 27,44 per litre"
Brokilde Brown Organic,"€ 6,80",Denmark,3.34,To Øl,6.5%,Brown Ale - Other,Bottle 750ml,"€ 9,07 per litre"
H.C. Andersen - Belgian Wild Ale,"€ 6,10",Denmark,3.50,Alefarm Brewing/ Amager Bryghus/ BRAW/ Birkerød Bryg/ + 32 breweries,10.5%,Pale Ale - American,330ml,"€ 18,48 per litre"
Barrel Aged Speculoos Stout,"€ 5,57",Belgium,3.93,Totem,13%,Stout - Russian Imperial,330ml,"€ 18,48 per litre"
Barrel Aged Stout Elijah Craig,"€ 6,49",Belgium,4.08,Totem,10%,Stout - Imperial / Double,330ml,"€ 19,67 per litre"
Eclipse Vanilla Rye,"€ 23,29",United States,4.28,FiftyFifty Brewing Co.,12.7%,Stout - Imperial / Double,473ml,"€ 49,24 per litre"
Eclipse Dirty Chai,"€ 31,29",United States,4.18,FiftyFifty Brewing Co.,10.9%,Stout - Imperial / Double,473ml,"€ 49,24 per litre"
Eclipse Mexican Chocolate,"€ 31,29",United States,4.13,FiftyFifty Brewing Co.,10.3%,Stout - Imperial / Double Pastry,473ml,"€ 49,24 per litre"
Eclipse Tiramisu,"€ 31,29",United States,4.12,FiftyFifty Brewing Co.,9.5%,Stout - Imperial / Double Pastry,473ml,"€ 49,24 per litre"
Eclipse Mezcal,"€ 31,29",United States,4.01,FiftyFifty Brewing Co.,9.9%,Stout - Imperial / Double,473ml,"€ 49,24 per litre"
Oude Geuze Boon à l'Ancienne VAT 108 bis Mono Blend,"€ 11,95",Belgium,4.14,Brouwerij Boon,8%,Lambic - Gueuze,Bottle 375ml,"€ 31,87 per litre"
Oude Geuze Boon à l'Ancienne VAT 31 Mono Blend,"€ 12,95",Belgium,3.99,Brouwerij Boon,8.5%,Lambic - Gueuze,Bottle 375ml,"€ 34,53 per litre"
Boskeun,"€ 4,70",Belgium,3.70,Brouwerij De Dolle Brouwers,9%,Belgian Strong Golden Ale,330ml,"€ 14,24 per litre"
Bête Noire,"€ 15,69",Belgium,3.79,La Source Beer Co.,8.9%,Sour - Flanders Oud Bruin,Bottle 750ml,"€ 20,92 per litre"
Old Fashion,"€ 15,69",Belgium,3.79,La Source Beer Co.,5.2%,Historical Beer - Gruit / Ancient Herbed Ale,Bottle 750ml,"€ 20,92 per litre"
Maple Barrel Stout Bourbon Barrel Aged Maple Syrup Imperial Stout 2020,"€ 31,95",United States,4.21,Central Waters Brewing Company,12%,Scotch Ale / Wee Heavy,Bottle 650ml,"€ 49,15 per litre"
Oude Gueuze,"€ 11,15",Belgium,3.98,Hanssens Artisanaal,6%,Lambic - Gueuze,Bottle 750ml,"€ 14,87 per litre"
Herkenrode Vesper,"€ 6,50",Belgium,3.55,Brouwerij Cornelissen,9%,Belgian Tripel,Bottle 750ml,"€ 8,67 per litre"
Ordinance,"€ 3,90",Denmark,3.84,To Øl,7.8%,Sour - Fruited,Bottle 375ml,"€ 10,40 per litre"
Sooper,"€ 17,30",United States,3.98,Sour Cellars,5.6%,Sour - Fruited,500ml,"€ 34,60 per litre"
Ashes & Diamonds: Bourbon / Coconut / Vanilla,"€ 8,80",Poland,4.17,Funky Fluid,12%,Barleywine - American,330ml,"€ 26,67 per litre"
Ashes & Diamonds: Bourbon / Coconut / Coffee,"€ 9,30",Poland,4.06,Funky Fluid,12%,Barleywine - American,330ml,"€ 28,18 per litre"
Umibōzu 2022,"€ 3,90",Poland,3.98,Funky Fluid,11%,Porter - Imperial / Double Baltic,330ml,"€ 11,82 per litre"
Ashes & Diamonds: Bourbon / Peanut Butter / Cocoa Nibs,"€ 9,30",Poland,3.93,Funky Fluid,12%,Barleywine - American,330ml,"€ 28,18 per litre"
De Garde Brewing,"€ 25,10",United States,4.20,de Garde Brewing,6.5%,Wild Ale - American,Bottle 750ml,"€ 33,47 per litre"
De Garde Brewing,"€ 23,90",United States,4.14,de Garde Brewing,7%,Wild Ale - Other,Bottle 750ml,"€ 31,87 per litre"
De Garde Brewing,"€ 21,60",United States,4.10,de Garde Brewing,6%,Wild Ale - American,Bottle 750ml,"€ 28,80 per litre"
Pohjala Öö Xo (cellar Series),"€ 6,90",Estonia,4.13,Põhjala,11.5%,Porter - Imperial / Double Baltic,330ml,"€ 20,91 per litre"
Poterie Bourbon Barrel Aged (2016),"€ 29,95",United States,4.29,The Bruery,16.8%,Old / Stock Ale,Bottle 750ml,"€ 39,93 per litre"
"S'more Money, S'more Problems","€ 11,99",United States,4.02,Pipeworks Brewing Company,10.5%,Stout - Imperial / Double,473ml,"€ 25,35 per litre"
Beerjolais,"€ 18,49",United States,4.02,Firestone Walker Brewing Company,6.7%,Wild Ale - American,Bottle 375ml,"€ 49,31 per litre"
Nec Bones,"€ 18,49",United States,4.15,Firestone Walker Brewing Company,6.3%,Wild Ale - American,Bottle 375ml,"€ 49,31 per litre"
Frieky Bones,"€ 18,49",United States,4.07,Firestone Walker Brewing Company,6.3%,Wild Ale - American,Bottle 375ml,"€ 49,31 per litre"
Gin Rickey,"€ 14,99",United States,4.02,Firestone Walker Brewing Company,11.3%,Barleywine - Other,335ml,"€ 44,75 per litre"
Royal Street,"€ 16,49",United States,3.88,Firestone Walker Brewing Company,13%,Barleywine - Other,335ml,"€ 49,22 per litre"
Kentucky Mule,"€ 16,49",United States,3.77,Firestone Walker Brewing Company,11.8%,Strong Ale - Other,335ml,"€ 49,22 per litre"
Odd Grains Series Spelt Malt Spelt Grain Stout,"€ 5,50",Netherlands,3.86,Moersleutel Craft Brewery,10%,Porter - Imperial / Double,Can 440ml,"€ 12,50 per litre"
Jack's Precious Belgian IPA,"€ 2,40",Belgium,3.51,Brouwerij The Musketeers,5.9%,IPA - Belgian,330ml,"€ 7,27 per litre"
Gate No.4/2021,"€ 12,50",Poland,4.02,Maltgarden/ Piwne Podziemie,10.5%,Stout - Imperial / Double Pastry,500ml,"€ 25,00 per litre"
Dark And Stormy Ale - Brewers Reserve 2022,"€ 5,81",United States,3.41,Central Waters Brewing Company,12.3%,Scotch Ale / Wee Heavy,355ml,"€ 16,37 per litre"
Ivy,"€ 28,80",United States,4.10,de Garde Brewing,6%,Wild Ale - American,Bottle 750ml,"€ 38,40 per litre"
Gate No.5/2021,"€ 12,50",Poland,4.13,Maltgarden,10.5%,Stout - Imperial / Double Pastry,500ml,"€ 25,00 per litre"
Stary Sad 2020,"€ 3,99",Poland,3.55,Cydr Chyliczki,7.3%,Cider - Dry,500ml,"€ 25,00 per litre"
King Of Darkness,"€ 144,00",United States,4.31,Anchorage Brewing Company,16%,Stout - Imperial / Double,Bottle 375ml,"€ 384,00 per litre"
Oud Bruin Oak Leaf (2019),"€ 4,40",Belgium,4.03,Brouwerij 't Verzet,6%,Sour - Flanders Oud Bruin,330ml,"€ 13,33 per litre"
Oud Bruin Mega Blend,"€ 16,60",Belgium,3.95,Brouwerij 't Verzet,7%,Sour - Flanders Oud Bruin,Bottle 750ml,"€ 22,13 per litre"
Oud Bruin Raspberry (Harvest 2019),"€ 4,40",Belgium,3.84,Brouwerij 't Verzet,6%,Sour - Flanders Oud Bruin,330ml,"€ 13,33 per litre"
Oud Bruin Strawberry (Harvest 2019),"€ 4,40",Belgium,3.81,Brouwerij 't Verzet,6%,Sour - Flanders Oud Bruin,330ml,"€ 13,33 per litre"
HORAL Megablend 2021,"€ 12,00",Belgium,4.03,Brewery John Martin & Brewery Timmermans/ Brouwerij Boon/ Brouwerij De Troch/ Brouwerij Lindemans/ + 6 breweries,7%,Lambic - Gueuze,Bottle 750ml,"€ 16,00 per litre"
Brewing Co,"€ 10,80",England,3.89,Track Brewing Company,4.5%,Wild Ale - Other,Bottle 375ml,"€ 28,80 per litre"
My Honningkage Is Bigger Than Yours - Double BA Reserve Edition 2020,"€ 13,30",Denmark,4.23,To Øl,16.7%,Barleywine - Other,Bottle 375ml,"€ 35,47 per litre"
Spontan Doubleblueberry,"€ 10,30",Denmark,3.97,Mikkeller,9%,Lambic - Fruit,Bottle 375ml,"€ 27,47 per litre"
Glögglich,"€ 9,30",Denmark,3.69,To Øl,13.4%,Red Ale - Imperial / Double,Bottle 375ml,"€ 24,80 per litre"
Oude Kriekenlambik 2017 375ml,"€ 14,50",Belgium,4.23,Brouwerij 3 Fonteinen,5%,Lambic - Kriek,Bottle 375ml,"€ 38,67 per litre"
Spontan Beetroot,"€ 13,30",Denmark,3.79,Mikkeller,7.7%,Lambic - Fruit,Bottle 375ml,"€ 35,47 per litre"
Framboos,"€ 13,90",Belgium,3.74,Hanssens Artisanaal,6%,Lambic - Framboise,Bottle 375ml,"€ 37,07 per litre"
Spontan Carrot 2016,"€ 10,20",Denmark,3.72,Mikkeller,7.7%,Lambic - Other,Bottle 375ml,"€ 27,20 per litre"
Love Among the Ruins,"€ 11,80",England,4.07,Thornbridge Brewery,7%,Sour - Flanders Red Ale,Bottle 375ml,"€ 31,47 per litre"
Lervig Sour Suzy - Can,"€ 3,20",Norway,3.18,LERVIG,4%,Sour - Berliner Weisse,330ml,"€ 9,70 per litre"
Cassis 37.5cl,"€ 6,30",Belgium,3.63,Brouwerij Lindemans,3.5%,Lambic - Fruit,Bottle 375ml,"€ 16,80 per litre"
Tilquin Pinot Gris A L'Ancienne 2020-2021,"€ 25,70",Belgium,4.27,Gueuzerie Tilquin,8.4%,Lambic - Fruit,Bottle 750ml,"€ 34,27 per litre"
Tilquin Pinot Noir A L'Ancienne 2020-2021,"€ 25,20",Belgium,4.23,Gueuzerie Tilquin,8.2%,Lambic - Fruit,Bottle 750ml,"€ 33,60 per litre"
Tilquin Riesling A L'Ancienne 2020-2021,"€ 26,10",Belgium,4.20,Gueuzerie Tilquin,7.7%,Lambic - Fruit,Bottle 750ml,"€ 34,80 per litre"
Oude Pinot Meunier Tilquin à L'Ancienne 2020-2021,"€ 28,20",Belgium,4.15,Gueuzerie Tilquin,7.9%,Lambic - Fruit,Bottle 750ml,"€ 37,60 per litre"
Oude Sureau Tilquin à l'Ancienne 2020-2021 (375ml),"€ 12,00",Belgium,4.10,Gueuzerie Tilquin,6.5%,Lambic - Fruit,Bottle 375ml,"€ 32,00 per litre"
Oude Sureau Tilquin à l'Ancienne 2020-2021 (750ml),"€ 21,60",Belgium,4.10,Gueuzerie Tilquin,6.5%,Lambic - Fruit,Bottle 750ml,"€ 28,80 per litre"
Selection Lambic Geuze 1999,"€ 120,60",Belgium,4.21,Belle-Vue,5.2%,Lambic - Gueuze,Bottle 750ml,"€ 160,80 per litre"
Le Roar Grrrz Blackberry,"€ 21,50",United States,4.06,Bullfrog Brewery,7.5%,Lambic - Fruit,Bottle 750ml,"€ 28,67 per litre"
DOLIO Imperial Stout,"€ 6,99",Germany,3.69,Brauerei Lemke,12%,Stout - Imperial / Double,330ml,"€ 21,18 per litre"
Don't tRYE This @home Rye Wine 2021 Cognac Barrel Aged,"€ 6,25",Netherlands,3.86,Jopen/ LERVIG,12%,Rye Wine,330ml,"€ 18,94 per litre"
Don't tRYE This @home Rye Wine 2021 Tequila Barrel Aged,"€ 6,25",Netherlands,3.86,Jopen/ LERVIG,12%,Rye Wine,330ml,"€ 18,94 per litre"
Hefeweissbier,"€ 2,20",Germany,3.78,Bayerische Staatsbrauerei Weihenstephan,5.4%,Wheat Beer - Hefeweizen,500ml,"€ 4,40 per litre"
Tripel,"€ 3,35",Netherlands,3.62,De Brouwkamer,8%,Belgian Tripel,330ml,"€ 10,15 per litre"
Don't tRYE This @home Rye Wine 2021 PX Sherry Barrel Aged,"€ 6,25",Netherlands,3.86,Jopen/ LERVIG,12%,Rye Wine,330ml,"€ 18,94 per litre"
Don't tRYE This @home Rye Wine 2021 Caol Ila & Bourbon Blend Barrel Aged,"€ 6,75",Netherlands,3.86,Jopen/ LERVIG,12%,Rye Wine,330ml,"€ 20,45 per litre"
Thieving Shadows,"€ 3,90",Denmark,3.80,To Øl,6.9%,Wild Ale - Other,Bottle 375ml,"€ 10,40 per litre"
Map Of The Moon 2021,"€ 18,00",United States,4.30,The Rare Barrel,7.7%,Sour - Fruited,Bottle 375ml,"€ 48,00 per litre"
Sweet Splash 2021,"€ 18,00",United States,4.26,The Rare Barrel,8.1%,Sour - Fruited,Bottle 375ml,"€ 48,00 per litre"
Nowhere To Go 2021,"€ 18,00",United States,4.14,The Rare Barrel,7.9%,Sour - Fruited,Bottle 375ml,"€ 48,00 per litre"
Creek 2021,"€ 18,00",United States,4.12,The Rare Barrel,9%,Sour - Fruited,Bottle 375ml,"€ 48,00 per litre"
Passionate From Miles Away,"€ 17,00",United States,4.11,The Rare Barrel,7.1%,Sour - Fruited,Bottle 375ml,"€ 45,33 per litre"
Space Jellies 2021,"€ 15,50",United States,4.09,The Rare Barrel,6.4%,Sour - Other,Bottle 375ml,"€ 41,33 per litre"
Flying Lizard 2021,"€ 17,00",United States,4.06,The Rare Barrel,7.9%,Sour - Fruited,Bottle 375ml,"€ 45,33 per litre"
Garden Gaze 2021,"€ 15,50",United States,4.05,The Rare Barrel,6.3%,Sour - Other,Bottle 375ml,"€ 41,33 per litre"
Arrows of Neon,"€ 15,50",United States,4.04,The Rare Barrel,6%,Sour - Fruited Berliner Weisse,Bottle 375ml,"€ 41,33 per litre"
Pinkish 2021,"€ 17,00",United States,4.03,The Rare Barrel,7.1%,Sour - Fruited,Bottle 375ml,"€ 45,33 per litre"
Feed The Monster 2021,"€ 17,00",United States,4.03,The Rare Barrel,7%,Sour - Fruited,Bottle 375ml,"€ 45,33 per litre"
One Long Wave 2021,"€ 17,00",United States,4.02,The Rare Barrel,7.2%,Sour - Fruited,Bottle 375ml,"€ 45,33 per litre"
Strawberry Small Acts 2021,"€ 14,00",United States,3.78,The Rare Barrel,4.4%,Farmhouse Ale - Grisette,Bottle 375ml,"€ 37,33 per litre"
Mosaic Small Acts 2021,"€ 14,00",United States,3.76,The Rare Barrel,3.9%,Farmhouse Ale - Grisette,Bottle 375ml,"€ 37,33 per litre"
Lindemans/Mikkeller Spontanbasil,"€ 19,80",Belgium,3.93,Brouwerij Lindemans/ Mikkeller,6%,Lambic - Other,Bottle 750ml,"€ 26,40 per litre"
Alexander Aged In Oak Foeders On Cherries,"€ 3,40",Belgium,3.95,Brouwerij Rodenbach,5.6%,Sour - Flanders Red Ale,330ml,"€ 10,30 per litre"
Mavrodaphnee Barleywine 2020 Burgundy Demptos,"€ 13,60",Greece,3.96,Kykao - Handcrafted,12%,Barleywine - English,330ml,"€ 41,21 per litre"
Horal Oude Geuze Mega Blend 2022,"€ 18,55",Belgium,3.94,Brouwerij Boon,7%,Lambic - Gueuze,Bottle 750ml,"€ 24,73 per litre"
Vieille Brunoise / Appelation Dok Contrôlée,"€ 27,85",Belgium,3.86,Dok Brewing Company,7%,Sour - Flanders Oud Bruin,Bottle 750ml,"€ 37,13 per litre"
Hard To Get,"€ 25,00",Belgium,3.74,Dok Brewing Company,11.5%,Stout - Imperial / Double,Bottle 750ml,"€ 33,33 per litre"
Barrel Wave Bourbon & Whisky Barrel Aged Imperial Stout,"€ 6,95",Netherlands,4.02,vandeStreek bier,12.6%,Stout - Imperial / Double,Can 330ml,"€ 21,06 per litre"
Islay Barrel Aged Weizen Doppelbock,"€ 6,95",Netherlands,3.54,vandeStreek bier,10%,Bock - Weizendoppelbock,Can 330ml,"€ 21,06 per litre"
Fathers Day Giftbox,"€ 32,10",Denmark,4.08,Mikkeller,8.3%,Sour - Other,,
Platinum Blend - 20/21 - Nr.42,"€ 14,50",Belgium,4.28,Brouwerij 3 Fonteinen,6.7%,Lambic - Gueuze,Bottle 375ml,"€ 38,67 per litre"
Cuvée Armand & Gaston - Honing - 19/20 - Nr.7,"€ 9,85",Belgium,4.28,Brouwerij 3 Fonteinen,6.9%,Lambic - Gueuze,Bottle 375ml,"€ 26,27 per litre"
Cuvée Armand & Gaston - 20/21 - Nr.17,"€ 18,45",Belgium,4.17,Brouwerij 3 Fonteinen,6%,Lambic - Gueuze,Bottle 750ml,"€ 24,60 per litre"
Oude Kriek - 19/20 - Nr.76,"€ 9,85",Belgium,4.09,Brouwerij 3 Fonteinen,6.2%,Lambic - Kriek,Bottle 375ml,"€ 26,27 per litre"
La Trappe Blond,"€ 4,40",Netherlands,3.67,Bierbrouwerij De Koningshoeven,6.5%,Belgian Blonde,350ml,"€ 12,57 per litre"
La Trappe Dubbel,"€ 4,50",Netherlands,3.63,Bierbrouwerij De Koningshoeven,6.5%,Belgian Dubbel,330ml,"€ 13,64 per litre"
Floris Mango,"€ 3,90",Belgium,3.35,Delirium - Huyghe Brewery,3.6%,Fruit Beer,330ml,"€ 11,82 per litre"
Floris Peche,"€ 3,90",Belgium,3.30,Delirium - Huyghe Brewery,3.6%,Fruit Beer,330ml,"€ 11,82 per litre"
Banana,"€ 4,10",Belgium,3.05,Mongozo,3.6%,Fruit Beer,330ml,"€ 12,42 per litre"
Black Albert Vintage 2020 Imperial Stout,"€ 4,95",Belgium,4.18,De Struise Brouwers,13%,Stout - Belgian,330ml,"€ 15,00 per litre"
Black Damnation 10 Double Wood Vintage 2018 Balvenie Whisky Barrel Aged Imperial Stout,"€ 7,05",Belgium,4.16,De Struise Brouwers,15%,Stout - Imperial / Double,330ml,"€ 21,36 per litre"
Black Damnation 03 Black Mess Vintage 2018 Caol Ila Barrel Aged Imperial Stout,"€ 6,35",Netherlands,4.07,Brouwerij de Molen/ De Struise Brouwers,13%,Stout - Russian Imperial,330ml,"€ 19,24 per litre"
Black Damnation Moccha Bomb 02 Vintage 2018 Jack Daniels Barrel Aged Imperial Stout,"€ 5,60",Belgium,3.97,De Struise Brouwers,13%,Stout - Russian Imperial,330ml,"€ 16,97 per litre"
Black Damnation 04 Coffee Club Vintage 2018 Carribean Rum Barrel Aged Imperial Stout,"€ 6,25",Belgium,?,De Struise Brouwers,13%,Stout - Imperial / Double,330ml,"€ 18,94 per litre"
Back To The Barrel,"€ 5,06",Spain,3.91,Cervesa Espiga,12%,Stout - Imperial / Double Pastry,330ml,"€ 15,33 per litre"
Grand Cru,"€ 3,40",Belgium,3.65,Brouwerij Rodenbach,6%,Sour - Flanders Red Ale,330ml,"€ 10,30 per litre"
Bersalis Tripel Oak Aged,"€ 9,00",Belgium,3.68,Oud Beersel,10.5%,Sour - Other,Bottle 375ml,"€ 24,00 per litre"
Blik op Oneindig,"€ 22,97",Belgium,3.59,Dok Brewing Company,16%,Barleywine - English,Bottle 750ml,"€ 30,63 per litre"
Herr Lager,"€ 2,59",Hungary,3.35,HORIZONT Brewing,4.5%,Lager - Helles,330ml,"€ 7,85 per litre"
Schneeeule / Fuerst Wiacek Wilder Billy Salat Control,"€ 22,50",Germany,3.91,Schneeeule,6.5%,IPA - Sour,Bottle 750ml,"€ 30,00 per litre"
La Tavola della Mama,"€ 22,50",Germany,3.62,Schneeeule,4.2%,Sour - Berliner Weisse,Bottle 750ml,"€ 30,00 per litre"
Zundert 8,"€ 3,00",Netherlands,3.65,Trappistenbrouwerij de Kievit B.V.,8%,Belgian Tripel,330ml,"€ 9,09 per litre"
Sour Scoop,"€ 11,80",United States,3.83,3 Sons Brewing Co.,8%,Sour - Smoothie / Pastry,Can 473ml,"€ 24,95 per litre"
Pevec Saison,"€ 11,80",United States,3.77,3 Sons Brewing Co.,6.5%,Farmhouse Ale - Saison,Can 473ml,"€ 24,95 per litre"
Oude Geuze 20/21 Assemblage n°43,"€ 15,67",Belgium,4.20,Brouwerij 3 Fonteinen,6%,Lambic - Gueuze,Bottle 750ml,"€ 20,89 per litre"
Cuvée Clarisse,"€ 2,44",Belgium,3.60,Brouwerij Wilderen,9.2%,Belgian Strong Dark Ale,330ml,"€ 7,39 per litre"
Polyamorie Mango Sour Pale Ale,"€ 3,35",Netherlands,3.41,Oedipus Brewing,5%,Sour - Fruited Berliner Weisse,330ml,"€ 10,15 per litre"
Val-Dieu Blonde,"€ 6,20",Belgium,3.45,Brasserie de l'Abbaye du Val-Dieu,6%,Belgian Blonde,Bottle 750ml,"€ 8,27 per litre"
Fireside Barrel Aged Imperial Stout Blend,"€ 13,95",England,4.15,Siren Craft Brew,12.7%,Stout - Imperial / Double,Bottle 375ml,"€ 37,20 per litre"
Brassers Blond,"€ 2,95",Netherlands,3.40,Brouwerij Homeland,6.1%,Blonde / Golden Ale - Other,Can 330ml,"€ 8,94 per litre"
Invernomuto,"€ 11,90",Italy,3.93,Ca' del Brado,6.8%,Farmhouse Ale - Brett,Bottle 375ml,"€ 31,73 per litre"
CHOCO CHERRY BON BONS,"€ 11,40",Greece,3.67,Seven Island Brewery,10.4%,Stout - Imperial / Double Pastry,Can 440ml,"€ 25,91 per litre"
Tal,"€ 8,80",England,4.24,Buxton Brewery,14%,Porter - Imperial / Double,330ml,"€ 26,67 per litre"
Coward 2022,"€ 12,80",England,4.21,Buxton Brewery,11%,Stout - Imperial / Double Pastry,330ml,"€ 38,79 per litre"
Steinitz,"€ 5,30",England,4.19,Buxton Brewery,14%,Porter - Imperial / Double,330ml,"€ 16,06 per litre"
Frucht: Grapefruit & Salt,"€ 12,00",United States,3.90,The Bruery Terreux,4%,Sour - Fruited Berliner Weisse,Bottle 750ml,"€ 16,00 per litre"
Abt 12 Quadrupel,"€ 2,95",Belgium,4.00,Brouwerij St.Bernardus,10%,Belgian Quadrupel,330ml,"€ 8,94 per litre"
Walter,"€ 4,90",Germany,3.56,Schneeeule,3.5%,Sour - Berliner Weisse,330ml,"€ 14,85 per litre"
Odd Side Rye Hipster,"€ 9,99",United States,4.08,Odd Side Ales,12.7%,Stout - American,330ml,"€ 14,85 per litre"
Lervig Rackhouse Le Grand Mélange,"€ 19,99",Norway,4.07,LERVIG,8%,Sour - Flanders Oud Bruin,Bottle 750ml,"€ 26,65 per litre"
Limited edition: HORAL Megablend 2022,"€ 13,80",Belgium,3.94,Brouwerij Boon,7%,Lambic - Gueuze,Bottle 750ml,"€ 18,40 per litre"
Rare DOS (Aged Over One Year),"€ 33,95",United States,4.35,Cycle Brewing Company,11%,Stout - Imperial / Double,Bottle 650ml,"€ 52,23 per litre"
Oud Beersel: Framboise 2021,"€ 5,50",Belgium,3.56,Oud Beersel,5%,Lambic - Framboise,Bottle 375ml,"€ 14,67 per litre"
Oud Beersel: Vandervelden 140 2021,"€ 7,99",Belgium,4.04,Oud Beersel,6.5%,Lambic - Gueuze,Bottle 375ml,"€ 21,31 per litre"
Oud Beersel: Demi-Muids 2021,"€ 7,99",Belgium,3.78,Oud Beersel,6.5%,Lambic - Traditional,Bottle 375ml,"€ 21,31 per litre"
Tilquin Oude Gueuze à L'Ancienne,"€ 8,99",Belgium,4.00,Gueuzerie Tilquin,7%,Lambic - Gueuze,Bottle 375ml,"€ 23,97 per litre"
Oude Kriek,"€ 11,80",Belgium,3.65,Brouwerij Boon,6.5%,Lambic - Kriek,Bottle 750ml,"€ 15,73 per litre"
Chronology 6 - 2016,"€ 30,20",United States,4.13,The Bruery,13.7%,Scotch Ale / Wee Heavy,Bottle 750ml,"€ 40,27 per litre"
Chronology 18 - 2016,"€ 30,20",United States,4.09,The Bruery,14.2%,Scotch Ale / Wee Heavy,Bottle 750ml,"€ 40,27 per litre"
Brewing Tuesday (2022),"€ 42,50",United States,4.19,Cycle Brewing Company,12%,Stout - Imperial / Double,Bottle 650ml,"€ 65,38 per litre"
Druif/Kriek Dornfelder (Season 20|21) Blend No. 26,"€ 32,00",Belgium,4.30,Brouwerij 3 Fonteinen,8.3%,Lambic - Fruit,Bottle 750ml,"€ 42,67 per litre"
Druif Dornfelder (Season 20|21) Blend No. 27,"€ 34,00",Belgium,4.23,Brouwerij 3 Fonteinen,7.7%,Lambic - Fruit,Bottle 750ml,"€ 45,33 per litre"
Embroidered badge ‘Het Huis van de Geuze',"€ 4,43",United States,4.15,Wunderkammer Bier,5.2%,Wild Ale - American,Bottle 750ml,"€ 45,33 per litre"
Beer Making Kit - Beer Geek Breakfast,"€ 66,90",United States,3.93,Mikkeller Brewing San Diego,7.5%,Stout - Oatmeal,2-pack,"Total price: € 66,90"
Beer Making Kit - Beer Geek Breakfast,"€ 53,50",United States,3.93,Mikkeller Brewing San Diego,7.5%,Stout - Oatmeal,2-pack,"Total price: € 66,90"
3 Fonteinen / Loterbol Tuverbol 2020,"€ 11,87",Belgium,3.90,Brouwerij Loterbol,9.6%,Belgian Strong Golden Ale,Bottle 375ml,"€ 31,65 per litre"
Træblod Bourbon Barrel Aged (2021),"€ 29,50",United States,4.32,Mikkeller Brewing San Diego,14%,Stout - Imperial / Double,500ml,"€ 59,00 per litre"
Mango,"€ 4,10",Belgium,3.05,Mongozo,3.6%,Fruit Beer,330ml,"€ 12,42 per litre"
Double Barrel Big Bad Baptist 2021,"€ 19,99",United States,4.23,"Epic Brewing Co. (Utah, Colorado)",10.5%,Stout - Imperial / Double Coffee,Bottle 650ml,"€ 30,75 per litre"
Big Bad Baptist In The Rye,"€ 17,49",United States,4.15,"Epic Brewing Co. (Utah, Colorado)",10.5%,Stout - Imperial / Double Coffee,Bottle 650ml,"€ 26,91 per litre"
Big Bad Baptist Black Forest Cake,"€ 17,49",United States,3.99,"Epic Brewing Co. (Utah, Colorado)",10.5%,Stout - Imperial / Double Pastry,Bottle 650ml,"€ 26,91 per litre"
Big Bad Baptist Double Jam,"€ 17,49",United States,3.96,"Epic Brewing Co. (Utah, Colorado)",10.5%,Stout - Imperial / Double,Bottle 650ml,"€ 26,91 per litre"
Deya,"€ 19,20",England,3.95,DEYA Brewing Company,5.9%,Wild Ale - Other,Bottle 750ml,"€ 25,60 per litre"
Deya,"€ 19,20",England,3.80,DEYA Brewing Company,5.2%,Wild Ale - Other,Bottle 750ml,"€ 25,60 per litre"
Načnica Imperial Stout Double Aged In Bourbon & PX Sherry Barrels (UA)  -  THT/BBE 10/23,"€ 9,50",Ukraine,4.01,Rebrew,13%,Stout - Imperial / Double,330ml,"€ 28,79 per litre"
Jacobins Foeder No XVII Lambiek,"€ 23,95",Belgium,3.83,Omer Vander Ghinste,5.7%,Sour - Flanders Red Ale,Bottle 750ml,"€ 31,93 per litre"
#200 - Rye On Rye,"€ 10,60",Sweden,4.07,O/O Brewing,12.8%,Rye Wine,330ml,"€ 32,12 per litre"
100.2 - Barley Wine (Calvados),"€ 15,70",Sweden,4.16,O/O Brewing,14.1%,Barleywine - English,330ml,"€ 47,58 per litre"
Oude Gueuze,"€ 4,80",Belgium,3.98,Hanssens Artisanaal,6%,Lambic - Gueuze,Bottle 375ml,"€ 12,80 per litre"
Retro Series: Soft DK,"€ 5,69",United States,4.03,Evil Twin Brewing,11.5%,Stout - Imperial / Double,473ml,"€ 12,03 per litre"
Retro Series: Monk Suffers Serious Sugar Rush On Barbados,"€ 5,69",United States,3.78,Evil Twin Brewing,8%,Belgian Strong Dark Ale,473ml,"€ 12,03 per litre"
Beer Geek Breakfast,"€ 7,40",Denmark,3.88,Mikkeller,7.5%,Stout - Oatmeal,330ml,"€ 22,42 per litre"
Bawarka,"€ 1,90",Poland,3.47,Browar PINTA,5.7%,Wheat Beer - Hefeweizen,10-pack,"Total price: € 1,90"
Asteria,"€ 26,39",United States,4.30,Mortalis Brewing Company,10%,Stout - Imperial / Double,500ml,"€ 52,78 per litre"
Oude Gueuze Vandervelden 140,"€ 10,37",Belgium,4.04,Oud Beersel,6.5%,Lambic - Gueuze,Bottle 375ml,"€ 27,65 per litre"
Sélection Lambic 1999,"€ 71,99",Belgium,4.21,Belle-Vue,5.2%,Lambic - Gueuze,Bottle 750ml,"€ 95,99 per litre"
See the Light #2 Armagnac BA,"€ 11,75",Romania,4.07,Oriel Beer/ Wicked Barrel,11.5%,Stout - Russian Imperial,330ml,"€ 35,61 per litre"
Westmalle Trappist Extra,"€ 2,99",Belgium,3.46,Brouwerij der Trappisten van Westmalle,4.8%,Belgian Enkel / Patersbier,330ml,"€ 9,06 per litre"
Bloodymary & Funk,"€ 12,00",Hungary,3.58,MadX,4.5%,Farmhouse Ale - Other,Bottle 750ml,"€ 16,00 per litre"
Cuvée Delphine Four Roses Bourbon Barrel Aged,"€ 5,95",Belgium,4.21,De Struise Brouwers,13%,Stout - Russian Imperial,330ml,"€ 18,03 per litre"
St. Bernardus Prior 8,"€ 8,00",Belgium,3.70,Brouwerij St.Bernardus,8%,Belgian Dubbel,Bottle 750ml,"€ 10,67 per litre"
Mexican Cake,"€ 10,60",United States,4.27,Westbrook Brewing Co.,10.5%,Stout - Imperial / Double,473ml,"€ 22,41 per litre"
Pastry Chef: Peanut Butter Cup,"€ 6,29",Poland,3.99,Funky Fluid,11%,Stout - Imperial / Double Pastry,330ml,"€ 19,06 per litre"
Ashes & Diamonds: Bourbon / Coconut / Vanilla,"€ 8,44",Poland,4.17,Funky Fluid,12%,Barleywine - American,330ml,"€ 25,58 per litre"
Ashes & Diamonds: Bourbon / Coconut / Coffee,"€ 8,44",Poland,4.06,Funky Fluid,12%,Barleywine - American,330ml,"€ 25,58 per litre"
Princessebier 2022,"€ 3,25",Netherlands,3.30,Brouwerij Poesiat & Kater,5%,Wheat Beer - Witbier / Blanche,Can 440ml,"€ 7,39 per litre"
Flora Robinia,"€ 19,90",Germany,3.89,Schneeeule,3.8%,Wild Ale - Other,Bottle 750ml,"€ 26,53 per litre"
Barrel-Aged Imperial Stout – Wild Turkey Edition 2022,"€ 16,96",Germany,4.07,BrewHeart,12%,Stout - Imperial / Double,500ml,"€ 33,92 per litre"
Coward 2022  -  voorbij THT/past BBE,"€ 10,80",England,4.21,Buxton Brewery,11%,Stout - Imperial / Double Pastry,330ml,"€ 32,73 per litre"
MISCE Imperial Stout Barrel Blend,"€ 13,99",Germany,4.17,Brauerei Lemke,12.5%,Stout - Imperial / Double,330ml,"€ 42,39 per litre"
Lervig Rackhouse Le Grand Mélange,"€ 22,95",Norway,4.07,LERVIG,8%,Sour - Flanders Oud Bruin,Bottle 750ml,"€ 30,60 per litre"
Lervig Rackhouse Foeder Abricots,"€ 11,75",Norway,3.97,LERVIG,6.5%,Wild Ale - American,Bottle 375ml,"€ 31,33 per litre"
Arabier,"€ 5,70",Belgium,3.47,Brouwerij De Dolle Brouwers,8%,Belgian Strong Golden Ale,330ml,"€ 17,27 per litre"
Ashes and Diamonds,"€ 8,80",Poland,4.06,Funky Fluid,12%,Barleywine - American,330ml,"€ 26,67 per litre"
Chocomas Party,"€ 3,93",France,3.91,The Piggy Brewing Company,11.5%,Stout - Imperial / Double,330ml,"€ 11,91 per litre"
King Jo,"€ 2,92",France,3.56,The Piggy Brewing Company,6%,Brown Ale - English,Can 440ml,"€ 6,64 per litre"
Pyro,"€ 8,00",Northern Ireland,3.97,Beer Hut Brewing Co.,10.4%,Stout - Imperial / Double,500ml,"€ 16,00 per litre"
Snowball,"€ 9,30",Northern Ireland,3.95,Beer Hut Brewing Co.,10%,Stout - Imperial / Double,500ml,"€ 18,60 per litre"
Interstellar,"€ 6,60",Northern Ireland,3.93,Beer Hut Brewing Co.,11%,Stout - Imperial / Double,Can 440ml,"€ 15,00 per litre"
Fluffier Bunny,"€ 7,40",Northern Ireland,3.82,Beer Hut Brewing Co.,10%,Stout - Imperial / Double,500ml,"€ 14,80 per litre"
White Label Imperial Russian Stout Belize Rum BA 2019 Nr. 3,"€ 13,20",Netherlands,3.92,Brouwerij Emelisse,13.5%,Stout - Russian Imperial,330ml,"€ 40,00 per litre"
White Label Barley Wine Bowmore BA 2019 Nr. 6,"€ 13,10",Netherlands,3.89,Brouwerij Emelisse,10.5%,Barleywine - English,330ml,"€ 39,70 per litre"
White Label Barley Wine Ruby Port BA 2020,"€ 13,20",Netherlands,3.80,Brouwerij Emelisse,13.7%,Barleywine - English,330ml,"€ 40,00 per litre"
Dulle Teve,"€ 6,20",Belgium,3.74,Brouwerij De Dolle Brouwers,10%,Belgian Tripel,330ml,"€ 18,79 per litre"
White Label Chocolate Stout Maple Syrup BA 2021,"€ 12,90",Netherlands,3.73,Brouwerij Emelisse,10.2%,Stout - Russian Imperial,330ml,"€ 39,09 per litre"
Oerbier,"€ 5,80",Belgium,3.71,Brouwerij De Dolle Brouwers,9%,Belgian Strong Dark Ale,330ml,"€ 17,58 per litre"
White Label Butterscotch Toffee Stout Belize Rum BA 2021,"€ 13,10",Netherlands,3.65,Brouwerij Emelisse,12.8%,Stout - Imperial / Double Pastry,330ml,"€ 39,70 per litre"
Special Extra Export Stout,"€ 6,10",Belgium,3.58,Brouwerij De Dolle Brouwers,9%,Stout - Foreign / Export,330ml,"€ 18,48 per litre"
White Label Barley Wine Kilchoman BA 2021,"€ 13,10",Netherlands,3.55,Brouwerij Emelisse,13.2%,Barleywine - English,330ml,"€ 39,70 per litre"
White Label Espresso Stout Bourbon BA 2020,"€ 13,10",Netherlands,3.50,Brouwerij Emelisse,11.2%,Stout - Imperial / Double Coffee,330ml,"€ 39,70 per litre"
Brewheart Barrel Aged Imperial Stout Belize Rum Edition 2022,"€ 34,99",Germany,4.08,BrewHeart,12%,Stout - Imperial / Double,500ml,"€ 69,98 per litre"
Brewheart Barrel Aged Imperial Stout Wild Turkey Bourbon Edition 2022,"€ 34,99",Germany,4.07,BrewHeart,12%,Stout - Imperial / Double,500ml,"€ 69,98 per litre"
Brewheart Barrel Aged Imperial Stout Jamaica Rum Edition 2022,"€ 34,90",Germany,4.05,BrewHeart,12%,Stout - Imperial / Double,500ml,"€ 69,80 per litre"
Trappist Westvleteren 8,"€ 17,60",Belgium,4.18,Brouwerij De Sint-Sixtusabdij van Westvleteren,8%,Belgian Dubbel,330ml,"€ 53,33 per litre"
Verzet Foederbier - Joey Ramone,"€ 3,57",Belgium,3.83,Brouwerij 't Verzet,7%,Sour - Flanders Oud Bruin,330ml,"€ 10,82 per litre"
Verzet Ants Pants,"€ 2,53",Belgium,3.04,Brouwerij 't Verzet,4.8%,Porter - English,330ml,"€ 7,67 per litre"
Brauerei Kemker Venn 1.5lt,"€ 36,20",Germany,3.98,Kemker Kultuur (Brauerei J. Kemker),6%,Historical Beer - Gruit / Ancient Herbed Ale,Bottle 750ml,"€ 48,27 per litre"
Odd Grains Series Emmer Malt Emmer Grain Stout,"€ 4,95",Netherlands,3.86,Moersleutel Craft Brewery,10%,Porter - Imperial / Double,Can 440ml,"€ 11,25 per litre"
Morticia,"€ 11,69",United States,4.01,Barrier Brewing Company,10.1%,Stout - Russian Imperial,473ml,"€ 24,71 per litre"
Twenty Four,"€ 48,75",United States,4.41,Central Waters Brewing Company,14.3%,Stout - Imperial / Double,Bottle 650ml,"€ 75,00 per litre"
Auroch,"€ 15,69",Belgium,3.96,La Source Beer Co.,8.6%,Sour - Flanders Red Ale,Bottle 750ml,"€ 20,92 per litre"
Brauerei Kemker Venn,"€ 18,20",Germany,3.98,Kemker Kultuur (Brauerei J. Kemker),6%,Historical Beer - Gruit / Ancient Herbed Ale,Bottle 750ml,"€ 24,27 per litre"
Brauerei Kemker Greni,"€ 16,80",Germany,3.81,Kemker Kultuur (Brauerei J. Kemker),5.2%,IPA - Farmhouse,Bottle 750ml,"€ 22,40 per litre"
Brauerei Kemker Gentiana,"€ 17,80",Germany,3.77,Kemker Kultuur (Brauerei J. Kemker),7%,Historical Beer - Gruit / Ancient Herbed Ale,Bottle 750ml,"€ 23,73 per litre"
Brauerei Kemker Biake,"€ 17,80",Germany,3.75,Kemker Kultuur (Brauerei J. Kemker),5.5%,Farmhouse Ale - Saison,Bottle 750ml,"€ 23,73 per litre"
Gouden Carolus Classic,"€ 6,95",Belgium,3.73,Brouwerij Het Anker,8.5%,Belgian Strong Dark Ale,Bottle 750ml,"€ 9,27 per litre"
Pinard De    Bruxelles,"€ 27,90",Belgium,3.63,Brussels Beer Project,7.5%,Grape Ale - Other,Bottle 750ml,"€ 37,20 per litre"
Bolleke,"€ 2,00",Belgium,3.34,Brouwerij De Koninck,5.2%,Pale Ale - Belgian,330ml,"€ 6,06 per litre"
24741 Blond,"€ 2,50",Belgium,3.40,Beerdevelopment Viven,6.1%,Belgian Blonde,330ml,"€ 7,58 per litre"
Oude Geuze Vat 110 Mono Blend,"€ 19,95",Belgium,4.08,Brouwerij Boon,8%,Lambic - Gueuze,Bottle 375ml,"€ 53,20 per litre"
Oude Geuze Vat 92 Mono Blend,"€ 19,95",Belgium,4.05,Brouwerij Boon,8%,Lambic - Gueuze,Bottle 375ml,"€ 53,20 per litre"
Siren Static Charge,"€ 8,61",England,3.90,Siren Craft Brew,7.7%,Sour - Other,Bottle 375ml,"€ 22,96 per litre"
Framboos Oogst 2019 19/20 Assemblage n°3,"€ 36,55",Belgium,4.24,Brouwerij 3 Fonteinen,6%,Lambic - Framboise,Bottle 750ml,"€ 48,73 per litre"
Cuvée Freddy,"€ 3,70",Belgium,3.90,Brouwerij Alvinne,8%,Sour - Flanders Oud Bruin,330ml,"€ 11,21 per litre"
Phi Rabarber / Rhubarb,"€ 4,10",Belgium,3.86,Brouwerij Alvinne,8%,Sour - Fruited,330ml,"€ 12,42 per litre"
Cuvée Jakub,"€ 3,40",Belgium,3.86,Brouwerij Alvinne,7%,Sour - Other,330ml,"€ 10,30 per litre"
SigPhi Blackcurrant,"€ 4,10",Belgium,3.84,Brouwerij Alvinne,8%,Sour - Fruited,330ml,"€ 12,42 per litre"
Cuvée Freddy Bosbes-Blueberry,"€ 4,10",Belgium,3.84,Brouwerij Alvinne,8%,Sour - Fruited,330ml,"€ 12,42 per litre"
Phi,"€ 2,20",Belgium,3.81,Brouwerij Alvinne,8%,Sour - Other,330ml,"€ 6,67 per litre"
Melchior Vintage Recipe Serie,"€ 2,40",Belgium,3.66,Brouwerij Alvinne,11%,Winter Ale,330ml,"€ 7,27 per litre"
Balthazar Vintage Recipe Serie,"€ 2,30",Belgium,3.55,Brouwerij Alvinne,9%,Winter Ale,330ml,"€ 6,97 per litre"
Berliner Bosbes,"€ 2,70",Belgium,3.45,Brouwerij Alvinne/ Laugar Brewery,4%,Sour - Berliner Weisse,330ml,"€ 8,18 per litre"
Abricot,"€ 20,99",Switzerland,4.12,Chien Bleu,6%,Farmhouse Ale - Saison,Bottle 750ml,"€ 27,99 per litre"
Pêche Jaune,"€ 20,99",Switzerland,3.98,Chien Bleu,6.5%,Farmhouse Ale - Saison,Bottle 750ml,"€ 27,99 per litre"
Mano negra,"€ 2,70",Belgium,3.56,Brouwerij Alvinne,10%,Stout - Imperial / Double,330ml,"€ 8,18 per litre"
Black Sabbath Quadrupel,"€ 4,05",Netherlands,3.57,Brouwerij Bliksem,10%,Belgian Quadrupel,330ml,"€ 12,27 per litre"
Sweet Cider,"€ 5,95",England,3.55,Henney's,5.7%,Cider - Sweet,500ml,"€ 11,90 per litre"
Prunus & Pithos B1,"€ 21,50",Denmark,4.10,Baghaven Brewing and Blending,6%,Wild Ale - Other,Bottle 750ml,"€ 28,67 per litre"
Kaleidoscope of Ambrosia - B1,"€ 20,20",Denmark,4.09,Baghaven Brewing and Blending,6%,Wild Ale - Other,Bottle 750ml,"€ 26,93 per litre"
Barrel Aged Moose Boots,"€ 13,56",United States,4.16,Prairie Artisan Ales,13%,Stout - Imperial / Double Pastry,355ml,"€ 38,20 per litre"
Seef's Bootjesbier,"€ 2,75",Belgium,3.51,Antwerpse Brouw Compagnie,7%,Red Ale - American Amber / Red,330ml,"€ 8,33 per litre"
Moinette Bons Voeux,"€ 6,70",Belgium,3.80,Brasserie Dupont,9.8%,Farmhouse Ale - Saison,Bottle 750ml,"€ 8,93 per litre"
Rochefort 6,"€ 2,70",Belgium,3.71,Abbaye Notre-Dame de Saint-Rémy,7.5%,Belgian Dubbel,330ml,"€ 8,18 per litre"
Timmermans Faro,"€ 4,40",Belgium,3.45,Brewery John Martin & Brewery Timmermans,4%,Lambic - Faro,Bottle 375ml,"€ 11,73 per litre"
Barrel Aged Moose Boots,"€ 19,99",United States,4.16,Prairie Artisan Ales,13%,Stout - Imperial / Double Pastry,355ml,"€ 56,31 per litre"
Mösatöva (BBE 09/11/24),"€ 7,50",Sweden,3.85,Stigbergets Bryggeri,12%,Stout - Imperial / Double Pastry,Can 330ml,"€ 22,73 per litre"
Estate Farmhouse Ale,"€ 12,75",United States,3.61,Sierra Nevada Brewing Co.,6.3%,Wild Ale - American,Bottle 375ml,"€ 34,00 per litre"
Black Wax Staves,"€ 6,31",Romania,3.95,Wicked Barrel,10.5%,Stout - Imperial / Double,330ml,"€ 19,12 per litre"
Picture A Wave at Reynisfjara,"€ 12,00",England,4.09,Cloudwater Brew Co.,10.5%,IPA - Triple,Can 440ml,"€ 27,27 per litre"
Kwaremont Blond,"€ 2,50",Belgium,3.49,Brouwerij De Brabandere,6.6%,Belgian Blonde,330ml,"€ 7,58 per litre"
Colon-Elle,"€ 24,00",Belgium,3.97,Lambiek Fabriek,11%,Lambic - Gueuze,Bottle 750ml,"€ 32,00 per litre"
Facade on Soap Street,"€ 8,95",England,4.05,Cloudwater Brew Co.,6%,IPA - American,Can 440ml,"€ 20,34 per litre"
A Wave in the Marlborough Sounds,"€ 6,75",England,3.86,Cloudwater Brew Co.,5%,Pale Ale - New Zealand,Can 440ml,"€ 15,34 per litre"
Houblon Chouffe Belgian IPA,"€ 3,00",Belgium,3.67,Brasserie d'Achouffe,9%,IPA - Belgian,330ml,"€ 9,09 per litre"
LeFort Classic Donker,"€ 2,80",Belgium,3.62,Omer Vander Ghinste,10%,Belgian Strong Dark Ale,330ml,"€ 8,48 per litre"
Framboise Hibiscus Lambicus,"€ 2,50",Belgium,3.50,Brewery John Martin & Brewery Timmermans,4%,Lambic - Framboise,Bottle 250ml,"€ 10,00 per litre"
Kasteel Cuvée,"€ 2,80",Belgium,3.81,Kasteel Brouwerij Vanhonsebrouck,11%,Belgian Quadrupel,Bottle 330ml,"€ 8,48 per litre"
Frambozenlambik Oogst 2019 (19|20) Blend #33 37.5cl,"€ 28,10",Belgium,4.22,Brouwerij 3 Fonteinen,6.8%,Lambic - Framboise,Bottle 375ml,"€ 74,93 per litre"
"Oude Kriek (19|20) Blend #9 37,5cl","€ 15,50",Belgium,4.12,Brouwerij 3 Fonteinen,6.7%,Lambic - Kriek,Bottle 375ml,"€ 41,33 per litre"
Eylenbosch: Oude Kriek 2021,"€ 17,50",Belgium,3.70,Brouwerij Eylenbosch,6.2%,Lambic - Kriek,Bottle 750ml,"€ 23,33 per litre"
Lindemans Premium Gin Red,"€ 42,96",Belgium,3.70,,6.2%,Lambic - Kriek,700ml,"€ 61,37 per litre"
Kerel Kaishaku Strong American Ale,"€ 4,15",Belgium,3.43,VBDCK Brewery,15%,Strong Ale - American,330ml,"€ 12,58 per litre"
Buckwheat White Gluten Free BIO,"€ 2,30",Belgium,3.13,Mongozo,4.8%,Gluten-Free,330ml,"€ 6,97 per litre"
Noa Pecan Mud Cake,"€ 11,20",Sweden,4.19,Omnipollo,11%,Stout - Imperial / Double Pastry,330ml,"€ 33,94 per litre"
Golden Doesjel 2020 Blend 40 MAGNUM,"€ 57,00",Belgium,4.01,Brouwerij 3 Fonteinen,6%,Lambic - Traditional,Bottle 1500ml,"€ 38,00 per litre"
Noa Willett Vanilla,"€ 23,80",Sweden,4.38,Omnipollo,13.5%,Stout - Imperial / Double Pastry,330ml,"€ 72,12 per litre"
Lorelei 2022,"€ 14,80",Sweden,4.24,Omnipollo,10.5%,Porter - Imperial / Double,330ml,"€ 44,85 per litre"
In Plenty Almond Coffee Imperial Stout,"€ 14,00",Sweden,4.17,Omnipollo,12%,Stout - Imperial / Double Pastry,330ml,"€ 42,42 per litre"
Anagram Blueberry Hazelnut Coffee Cheesecake Stout 2022,"€ 14,00",Sweden,4.13,Omnipollo,12%,Stout - Imperial / Double Pastry,330ml,"€ 42,42 per litre"
Anadrome Passionfruit Cheesecake Sour,"€ 10,90",Sweden,3.90,Omnipollo,6%,Sour - Smoothie / Pastry,330ml,"€ 33,03 per litre"
Peel and Bean,"€ 8,10",Estonia,3.74,Põhjala,8.5%,Porter - Imperial / Double,330ml,"€ 24,55 per litre"
Gamma Ray,"€ 4,69",England,3.72,Beavertown,5.4%,Pale Ale - American,Can 330ml,"€ 14,21 per litre"
3F Golden Doesjel 19/20 Assemblage N° 41,"€ 14,97",Belgium,4.11,Brouwerij 3 Fonteinen,6%,Lambic - Gueuze,Bottle 375ml,"€ 39,92 per litre"
La Trappe Isid`or,"€ 2,70",Netherlands,3.75,Bierbrouwerij De Koningshoeven,7.5%,Belgian Strong Golden Ale,330ml,"€ 8,18 per litre"
RUSSIAN IMPERIAL STOUT - Piment Oiseau,"€ 5,85",France,4.01,Popihn,12%,Stout - Russian Imperial,330ml,"€ 17,73 per litre"
Druif Muscaris Assemblage 16 20|21 (750ml),"€ 43,20",Belgium,4.15,Brouwerij 3 Fonteinen,10%,Lambic - Fruit,Bottle 750ml,"€ 57,60 per litre"
Blueberry Hex,"€ 45,00",United States,4.23,Superstition Meadery,13%,Mead - Melomel,Bottle 750ml,"€ 60,00 per litre"
Strawberry Sunrise,"€ 40,00",United States,4.18,Superstition Meadery,13%,Mead - Melomel,Bottle 750ml,"€ 53,33 per litre"
Donker,"€ 2,70",Belgium,3.48,Ter Dolen,7.1%,Brown Ale - Belgian,330ml,"€ 8,18 per litre"
O.G. 1085 Una Botte E Via (2018),"€ 10,70",Italy,3.46,Birra del Carrobiolo,10%,Grape Ale - Italian,Bottle 375ml,"€ 28,53 per litre"
Crimson,"€ 28,90",Ireland,4.18,Land & Labour,5.5%,Lambic - Fruit,Bottle 750ml,"€ 38,53 per litre"
Lustre - Apricot    -    75cl,"€ 21,60",Ireland,4.07,Land & Labour,5.8%,Wild Ale - Other,Bottle 2021ml,"€ 10,69 per litre"
Hard Graf,"€ 17,00",Ireland,3.95,Land & Labour,5.6%,Cider - Graff,Bottle 2022ml,"€ 8,41 per litre"
Øl Fashioned,"€ 26,60",United States,3.88,Mikkeller Brewing San Diego,11.6%,Barleywine - American,500ml,"€ 53,20 per litre"
Gouden Carolus Whisky Infused + Gouden Carolus Single Malt,"€ 59,67",Belgium,4.00,Brouwerij Het Anker,11.7%,Belgian Strong Dark Ale,700ml,"€ 85,24 per litre"
Draagzak Cheers zwart (zonder fles),"€ 1,00",Belgium,4.00,,11.7%,Belgian Strong Dark Ale,700ml,"€ 85,24 per litre"
Wittoria,"€ 4,50",Italy,?,Birraformante,4.8%,Wheat Beer - Witbier / Blanche,330ml,"€ 13,64 per litre"
Sauvages Assemblage 3,"€ 23,95",France,4.15,Popihn Sauvages,6%,Wild Ale - Other,Bottle 750ml,"€ 31,93 per litre"
Phi Zilverbes / Silverberry,"€ 24,00",Belgium,4.07,Brouwerij Alvinne,8%,Sour - Fruited,Bottle 750ml,"€ 32,00 per litre"
Dansaert Go West Red Sally,"€ 24,15",Belgium,3.66,Brussels Beer Project,7.7%,Sour - Flanders Red Ale,Bottle 750ml,"€ 32,20 per litre"
Red,"€ 3,00",Belgium,3.72,Bières de Chimay,7%,Belgian Dubbel,330ml,"€ 9,09 per litre"
Symphonie Solera IV Lambic,"€ 23,90",France,3.92,Ammonite,5%,Sour - Other,Bottle 750ml,"€ 31,87 per litre"
OG Armand & Gaston 20/21 Assemblage n° 17,"€ 22,92",Belgium,4.17,Brouwerij 3 Fonteinen,6%,Lambic - Gueuze,Bottle 750ml,"€ 30,56 per litre"
Druif / Kriek - Dornfelder 20/21 Assemblage n°26,"€ 28,71",Belgium,4.30,Brouwerij 3 Fonteinen,8.3%,Lambic - Fruit,Bottle 750ml,"€ 38,28 per litre"
3F Golden Doesjel 19/20 Assemblage N° 40,"€ 68,25",Belgium,4.24,Brouwerij 3 Fonteinen,6.7%,Lambic - Gueuze,Bottle 1500ml,"€ 45,50 per litre"
Druif - Dornfelder 20/21 Assemblage n°27,"€ 28,71",Belgium,4.23,Brouwerij 3 Fonteinen,7.7%,Lambic - Fruit,Bottle 750ml,"€ 38,28 per litre"
Druif - Muscaris 20/21 Assemblage n° 16,"€ 28,71",Belgium,4.15,Brouwerij 3 Fonteinen,9.1%,Lambic - Fruit,Bottle 750ml,"€ 38,28 per litre"
3 Fonteinen / Loterbol Tuverbol 2021,"€ 11,37",Belgium,4.01,Brouwerij Loterbol,9.6%,Belgian Strong Golden Ale,Bottle 375ml,"€ 30,32 per litre"
Last O.G. 'Trey',"€ 29,50",United States,4.30,Mikkeller Brewing San Diego,14.4%,Stout - Russian Imperial,500ml,"€ 59,00 per litre"
Øl Nagelfar BA,"€ 26,60",United States,4.25,Mikkeller Brewing San Diego,11.6%,Barleywine - American,500ml,"€ 53,20 per litre"
Obvious Crutch,"€ 24,20",United States,3.91,Mikkeller Brewing San Diego,5%,Sour - Fruited,500ml,"€ 48,40 per litre"
Brune,"€ 2,75",Belgium,3.48,Brasserie Lupulus,8.5%,Brown Ale - Belgian,330ml,"€ 8,33 per litre"
The Powers to Be,"€ 29,50",United States,4.26,Mikkeller Brewing San Diego,13%,Stout - Imperial / Double,500ml,"€ 59,00 per litre"
Stella 12,"€ 29,50",United States,4.24,Mikkeller Brewing San Diego,13.2%,Stout - Imperial / Double,500ml,"€ 59,00 per litre"
Polly 7,"€ 29,50",United States,4.23,Mikkeller Brewing San Diego,12.5%,Stout - Imperial / Double,500ml,"€ 59,00 per litre"
Meditations,"€ 24,20",United States,4.16,Mikkeller Brewing San Diego,8%,Sour - Fruited,Bottle 375ml,"€ 64,53 per litre"
Further Meditations,"€ 24,20",United States,4.09,Mikkeller Brewing San Diego,7.9%,Sour - Fruited,Bottle 375ml,"€ 64,53 per litre"
Caramel Fudge Stout,"€ 3,30",Netherlands,3.88,Brouwerij Kees,11.5%,Stout - Imperial / Double,330ml,"€ 10,00 per litre"
Legio IV,"€ 5,60",Belgium,3.52,Galea Craft Beers,7%,Sour - Fruited,330ml,"€ 16,97 per litre"
Quad The Fox,"€ 2,35",Belgium,3.65,FoxTown Beer Crew,11%,Belgian Quadrupel,330ml,"€ 7,12 per litre"
Herbie,"€ 12,47",Spain,3.87,Cyclic Beer Farm,5.6%,Farmhouse Ale - Saison,Bottle 750ml,"€ 16,63 per litre"
Cerezas,"€ 11,82",Spain,3.73,Cyclic Beer Farm,5.5%,Farmhouse Ale - Saison,Bottle 750ml,"€ 15,76 per litre"
Flora,"€ 12,37",Spain,3.68,Cyclic Beer Farm,4.9%,Grape Ale - Other,Bottle 750ml,"€ 16,49 per litre"
Mikkeller X Boon Gout Americain 375ml,"€ 10,60",Belgium,3.82,Brouwerij Boon/ Mikkeller,6.5%,Lambic - Gueuze,Bottle 375ml,"€ 28,27 per litre"
Epiphania Cognac BA,"€ 12,50",Estonia,4.31,Pühaste Brewery,13.5%,Stout - Imperial / Double,330ml,"€ 37,88 per litre"
Chateau Noir,"€ 12,70",Estonia,4.26,Põhjala,12%,Porter - Imperial / Double Baltic,330ml,"€ 38,48 per litre"
Gone Camping,"€ 12,70",Norway,4.23,LERVIG/ Põhjala,11.5%,Stout - Imperial / Double,330ml,"€ 38,48 per litre"
Agamemnon Maple Blueberry,"€ 13,30",Sweden,4.13,Omnipollo,11.5%,Stout - Imperial / Double Pastry,330ml,"€ 40,30 per litre"
Banger,"€ 8,40",Estonia,4.11,Põhjala,12.5%,Stout - Imperial / Double,330ml,"€ 25,45 per litre"
Muda,"€ 8,40",Estonia,4.07,Pühaste Brewery,11%,Stout - Imperial / Double Pastry,330ml,"€ 25,45 per litre"
Surmapatt,"€ 8,10",Estonia,4.07,Pühaste Brewery,12%,Porter - Imperial / Double,330ml,"€ 24,55 per litre"
Banaananen,"€ 12,70",Estonia,4.06,Põhjala,13.5%,Stout - Imperial / Double,330ml,"€ 38,48 per litre"
Black Blood,"€ 7,80",Estonia,3.90,Pühaste Brewery,10.5%,Stout - Imperial / Double,330ml,"€ 23,64 per litre"
Druif Muscaris,"€ 18,98",Belgium,4.15,Brouwerij 3 Fonteinen,9.1%,Lambic - Fruit,Bottle 750ml,"€ 25,31 per litre"
Tilquin Oude Mûre,"€ 14,95",Belgium,4.14,Gueuzerie Tilquin,6%,Lambic - Fruit,Bottle 750ml,"€ 19,93 per litre"
Timmermans Oude Kriek,"€ 8,12",Belgium,3.72,Brewery John Martin & Brewery Timmermans,6.7%,Lambic - Kriek,Bottle 750ml,"€ 10,83 per litre"
Kriek,"€ 6,09",Belgium,3.53,Brouwerij Boon,4%,Lambic - Kriek,Bottle 750ml,"€ 8,12 per litre"
Catch Me By the Coconuts,"€ 3,89",Netherlands,3.81,Brouwerij Kees,11.9%,Stout - Imperial / Double Pastry,330ml,"€ 11,79 per litre"
Nelson Sauvin 2020 - 375ml,"€ 11,80",Denmark,3.61,Mikkeller,9%,Bière de Champagne / Bière Brut,Bottle 375ml,"€ 31,47 per litre"
Pime Öö,"€ 8,40",Estonia,4.07,Põhjala,13.6%,Stout - Imperial / Double,330ml,"€ 25,45 per litre"
Anagram Blueberry 2021,"€ 13,50",Sweden,4.28,Dugges Bryggeri/ Omnipollo,12%,Stout - Imperial / Double Pastry,330ml,"€ 40,91 per litre"
Pime Öö Islay BA,"€ 12,70",Estonia,4.17,Põhjala,14%,Stout - Imperial / Double,330ml,"€ 38,48 per litre"
Westmalle Tripel,"€ 3,49",Belgium,3.81,Brouwerij der Trappisten van Westmalle,9.5%,Belgian Tripel,330ml,"€ 10,58 per litre"
Juicy & Wild - Muri-Elle,"€ 13,95",Belgium,4.03,Lambiek Fabriek,7%,Lambic - Fruit,Bottle 750ml,"€ 18,60 per litre"
Lorelei BA 2020,"€ 19,50",Sweden,4.44,Omnipollo/ Siren Craft Brew,12.5%,Porter - Imperial / Double,330ml,"€ 59,09 per litre"
Pime Oo PX,"€ 12,70",Estonia,4.33,Põhjala,13.9%,Stout - Imperial / Double,Bottle 330ml,"€ 38,48 per litre"
Noa Pecan Pancake,"€ 13,30",Sweden,4.23,Omnipollo,11%,Stout - Imperial / Double Pastry,330ml,"€ 40,30 per litre"
Vaquero Breakfast,"€ 12,70",Estonia,4.15,Põhjala,12%,Stout - Imperial / Double,330ml,"€ 38,48 per litre"
Must Kuld,"€ 6,60",Estonia,3.76,Põhjala,7.8%,Porter - Other,330ml,"€ 20,00 per litre"
Duvel,"€ 6,90",Belgium,3.72,Duvel Moortgat,8.5%,Belgian Strong Golden Ale,Bottle 750ml,"€ 9,20 per litre"
Mc Chouffe,"€ 6,10",Belgium,3.64,Brasserie d'Achouffe,8%,Belgian Strong Dark Ale,Bottle 750ml,"€ 8,13 per litre"
"3 Fonteinen: Cuvée Armand & Gaston, seizoen 18|19 assemblage 39","€ 12,45",Belgium,4.27,Brouwerij 3 Fonteinen,6.4%,Lambic - Gueuze,Bottle 375ml,"€ 33,20 per litre"
Vandenbroek: Fruity Watergeus 2021,"€ 9,35",Netherlands,4.09,Vandenbroek,6%,Lambic - Fruit,Bottle 375ml,"€ 24,93 per litre"
Vandenbroek: Greek Apricot 2021,"€ 8,85",Netherlands,3.94,Vandenbroek,6%,Lambic - Fruit,Bottle 375ml,"€ 23,60 per litre"
A Tue Tête: Surette 2021,"€ 19,95",Switzerland,4.07,À tue-tête,6.5%,Sour - Other,Bottle 750ml,"€ 26,60 per litre"
Hommage - 18/19 - Nr.106,"€ 34,25",Belgium,4.33,Brouwerij 3 Fonteinen,5.3%,Lambic - Fruit,Bottle 750ml,"€ 45,67 per litre"
Gavel Slammer - BA,"€ 17,10",United States,4.32,Hoppin' Frog Brewery,17.4%,Dark Ale,355ml,"€ 48,17 per litre"
Sucre Bourbon BA,"€ 34,25",United States,4.25,The Bruery,16.9%,Old / Stock Ale,Bottle 750ml,"€ 45,67 per litre"
Oude Gueuze 2017/2018,"€ 5,95",Belgium,4.25,Gueuzerie Tilquin,7%,Lambic - Gueuze,Bottle 375ml,"€ 15,87 per litre"
Hommage - 19/20 - Nr.71,"€ 19,90",Belgium,4.25,Brouwerij 3 Fonteinen,5.5%,Lambic - Framboise,Bottle 375ml,"€ 53,07 per litre"
Pie Happy 2019 - dessertbier,"€ 33,85",United States,4.25,The Bruery,16.1%,Old / Stock Ale,Bottle 750ml,"€ 45,13 per litre"
Framboos - 19/20 - Nr.11,"€ 21,40",Belgium,4.24,Brouwerij 3 Fonteinen,6.2%,Lambic - Framboise,Bottle 375ml,"€ 57,07 per litre"
Saule,"€ 33,85",United States,4.24,The Bruery,16.1%,Old / Stock Ale,Bottle 750ml,"€ 45,13 per litre"
Monday - BA Imperial Stout,"€ 31,30",United States,4.23,Cycle Brewing Company,10.5%,Stout - Imperial / Double,Bottle 650ml,"€ 48,15 per litre"
Frambozenlambik - 19/20 - Nr. 33,"€ 18,40",Belgium,4.22,Brouwerij 3 Fonteinen,6.8%,Lambic - Framboise,Bottle 375ml,"€ 49,07 per litre"
Cuvée - Just Cocoa Nibs,"€ 27,85",United States,4.21,Cycle Brewing Company,11%,Stout - Imperial / Double,Bottle 650ml,"€ 42,85 per litre"
Schaarbeekse Oude Kriek 2020,"€ 19,95",Belgium,4.21,Oud Beersel,7%,Lambic - Kriek,Bottle 750ml,"€ 26,60 per litre"
Geuze - 2019,"€ 17,30",Belgium,4.19,Geuzestekerij De Cam,6.5%,Lambic - Gueuze,Bottle 750ml,"€ 23,07 per litre"
Gavel Slammer - 2019,"€ 17,10",United States,4.18,Hoppin' Frog Brewery,17.4%,Dark Ale,355ml,"€ 48,17 per litre"
Pruim Belle de Louvain - 20/21 - Nr. 9,"€ 25,65",Belgium,4.18,Brouwerij 3 Fonteinen,6.8%,Lambic - Fruit,Bottle 750ml,"€ 34,20 per litre"
Cuvée - Just Coffee,"€ 27,85",United States,4.18,Cycle Brewing Company,11%,Stout - Imperial / Double Coffee,Bottle 650ml,"€ 42,85 per litre"
Oude Geuze - 2017,"€ 18,80",Belgium,4.18,Geuzestekerij De Cam,6.5%,Lambic - Gueuze,Bottle 750ml,"€ 25,07 per litre"
Malus Domestica Lambicus - 2018,"€ 21,40",Belgium,4.18,Geuzestekerij De Cam,7%,Lambic - Fruit,Bottle 750ml,"€ 28,53 per litre"
Pentuple 2020,"€ 17,10",United States,4.17,Hoppin' Frog Brewery,15.4%,Belgian Tripel,355ml,"€ 48,17 per litre"
Mirabel Lambiek - 2020,"€ 12,45",Belgium,4.16,Geuzestekerij De Cam,6%,Lambic - Fruit,Bottle 375ml,"€ 33,20 per litre"
Geuze - 2018,"€ 17,10",Belgium,4.15,Geuzestekerij De Cam,6.5%,Lambic - Gueuze,Bottle 750ml,"€ 22,80 per litre"
Kriek Lambiek,"€ 10,30",Belgium,4.14,Geuzestekerij De Cam,6.5%,Lambic - Kriek,Bottle 375ml,"€ 27,47 per litre"
Zjiem Bezen Framboise Lambiek (2020),"€ 14,24",Belgium,4.13,Geuzestekerij De Cam,5.5%,Lambic - Framboise,Bottle 375ml,"€ 37,97 per litre"
Oude Geuze Vieille Barrel Selection Foeder 21 (2019),"€ 8,95",Belgium,4.13,Oud Beersel,6.5%,Lambic - Gueuze,Bottle 375ml,"€ 23,87 per litre"
Turbo Shandy Tequila Barrel-Aged,"€ 25,65",United States,4.08,Hoppin' Frog Brewery,7%,Shandy / Radler,Bottle 650ml,"€ 39,46 per litre"
Oude Geuze Vieille 2017: Oude Pijpen,"€ 10,95",Belgium,4.08,Oud Beersel,6.5%,Lambic - Gueuze,Bottle 375ml,"€ 29,20 per litre"
Lambic Aardbei - 2021,"€ 12,45",Belgium,4.06,Geuzestekerij De Cam,5.5%,Lambic - Fruit,Bottle 375ml,"€ 33,20 per litre"
Terreux Griffon Bruxellois,"€ 21,35",United States,4.05,The Bruery Terreux,6.1%,Sour - Flanders Oud Bruin,Bottle 750ml,"€ 28,47 per litre"
Farmhouse sour #5,"€ 16,90",Belgium,4.04,Brouwerij Alvinne,8%,Sour - Other,Bottle 750ml,"€ 22,53 per litre"
Terreux Beauregarde,"€ 21,35",United States,4.03,The Bruery Terreux,5.3%,Wild Ale - American,Bottle 750ml,"€ 28,47 per litre"
Oude Geuze Vielle: Vandervelden 135,"€ 9,95",Belgium,4.01,Oud Beersel,6.5%,Lambic - Gueuze,Bottle 375ml,"€ 26,53 per litre"
Private Stock Ale - Vintage - 2017,"€ 31,98",United States,3.99,AleSmith Brewing Company,11%,Old / Stock Ale,Bottle 750ml,"€ 42,64 per litre"
Chasselas,"€ 19,65",Switzerland,3.98,À tue-tête,7.3%,Sour - Fruited,Bottle 750ml,"€ 26,20 per litre"
Joie,"€ 14,50",United States,3.97,Westbrook Brewing Co.,7%,Farmhouse Ale - Saison,Bottle 750ml,"€ 19,33 per litre"
Oude Geuze Deville,"€ 6,00",Belgium,3.97,Den Herberg,6.7%,Lambic - Gueuze,Bottle 375ml,"€ 16,00 per litre"
Birra Madre,"€ 6,60",Italy,3.84,Birrificio Menaresta,4.8%,Lambic - Traditional,Bottle 375ml,"€ 17,60 per litre"
Oude Kriek Vieille 2015,"€ 15,70",Belgium,3.79,Oud Beersel,6%,Lambic - Kriek,Bottle 750ml,"€ 20,93 per litre"
Oude Geuze Vieille 2018,"€ 19,95",Belgium,3.77,Oud Beersel,6.5%,Lambic - Gueuze,Bottle 750ml,"€ 26,60 per litre"
El Frogquistador,"€ 21,35",United States,3.72,Hoppin' Frog Brewery,8.6%,Blonde / Golden Ale - Other,Bottle 650ml,"€ 32,85 per litre"
Parfum de Printemps,"€ 17,95",Belgium,3.70,Brouwerij De Dochter van de Korenaar,9.5%,Spiced / Herbed Beer,Bottle 750ml,"€ 23,93 per litre"
Goudenband,"€ 2,50",Belgium,3.69,Brouwerij Liefmans,8%,Sour - Flanders Oud Bruin,330ml,"€ 7,58 per litre"
Copenhagen Crisp Ale,"€ 11,55",Denmark,3.54,Dry & Bitter Brewing Company/ Hoppin' Frog Brewery,6.2%,Blonde / Golden Ale - Other,Bottle 650ml,"€ 17,77 per litre"
Cuvée Devillé,"€ 2,30",Belgium,3.32,Den Herberg,6.2%,Brett Beer,330ml,"€ 6,97 per litre"
Weizen,"€ 1,90",Germany,3.52,Brauerei Reichold,5%,Wheat Beer - Hefeweizen,500ml,"€ 3,80 per litre"
Aufsesser Pils,"€ 1,90",Germany,3.30,Privatbrauerei Rothenbach,5%,Pilsner - German,500ml,"€ 3,80 per litre"
Oude Geuze 2021,"€ 13,87",Belgium,4.08,Oud Beersel,6.5%,Lambic - Gueuze,Bottle 750ml,"€ 18,49 per litre"
Winter Lambiek Sparkling,"€ 19,49",Belgium,3.72,Oud Beersel,7.2%,Lambic - Other,Bottle 750ml,"€ 25,99 per litre"
LeFort,"€ 2,60",Belgium,3.62,Omer Vander Ghinste,10%,Belgian Strong Dark Ale,Bottle 330ml,"€ 7,88 per litre"
Mure,"€ 13,30",Belgium,4.14,Gueuzerie Tilquin,6%,Lambic - Fruit,Bottle 375ml,"€ 35,47 per litre"
Verzet Oud Bruin Strawberry 2019,"€ 4,39",Belgium,3.66,Brouwerij 't Verzet,6%,Sour - Flanders Oud Bruin,Bottle 330ml,"€ 13,30 per litre"
Blanche,"€ 3,19",Belgium,3.69,Bières de Chimay,8%,Belgian Tripel,330ml,"€ 9,67 per litre"
Seabeast,"€ 9,00",Scotland,4.00,Holy Goat Brewing,6.8%,Sour - Other,Bottle 375ml,"€ 24,00 per litre"
DOK Hard to Get Bourbon BA,"€ 24,69",Belgium,3.95,Dok Brewing Company,11.5%,Stout - American,Bottle 750ml,"€ 32,92 per litre"
Sour'ire de Mortagne White Port,"€ 19,95",Belgium,3.92,Brouwerij Alvinne,11%,Sour - Other,Bottle 750ml,"€ 26,60 per litre"
SigPhi Blackcurrant / Zwarte Bes,"€ 4,77",Belgium,3.84,Brouwerij Alvinne,8%,Sour - Fruited,330ml,"€ 14,45 per litre"
Riquita Griotte 2019,"€ 15,00",Canada,4.29,Cidrerie Chemin Des Sept,7.5%,Cider - Other Fruit,500ml,"€ 30,00 per litre"
Viti Vini Vici #10,"€ 19,60",Canada,3.99,Brasserie Dunham,6.1%,Farmhouse Ale - Saison,Bottle 750ml,"€ 26,13 per litre"
Funk Sibérien,"€ 19,60",Canada,3.87,Brasserie Dunham,5.2%,Farmhouse Ale - Grisette,Bottle 750ml,"€ 26,13 per litre"
Lervig BA 3 Bean Stout Rum 2019,"€ 15,99",Norway,4.41,LERVIG,13.4%,Stout - Imperial / Double,Can 330ml,"€ 48,45 per litre"
Beer Geek Cocoa Shake (MSD),"€ 8,00",United States,4.10,Mikkeller Brewing San Diego,13%,Stout - Imperial / Double,473ml,"€ 16,91 per litre"
Pennsylvania Porridge,"€ 11,40",United States,3.72,Voodoo Brewing Co.,6%,Porter - American,500ml,"€ 22,80 per litre"
Jätku Leiba (Cellar Series),"€ 12,70",Estonia,4.28,Põhjala,12.5%,Porter - Imperial / Double,330ml,"€ 38,48 per litre"
Lee Kriek Réserve: Cacao & Vanilla Cuvée,"€ 28,20",United States,4.28,de Garde Brewing,7.7%,Wild Ale - American,Bottle 750ml,"€ 37,60 per litre"
The Law of Motion Réserve,"€ 28,20",United States,4.20,de Garde Brewing,6.5%,Wild Ale - American,Bottle 750ml,"€ 37,60 per litre"
Beer Geek Viking Shake BA,"€ 8,40",United States,4.14,Mikkeller Brewing San Diego,13%,Stout - Imperial / Double,473ml,"€ 17,76 per litre"
Riesling Ivy,"€ 26,20",United States,4.14,de Garde Brewing,7%,Wild Ale - Other,Bottle 750ml,"€ 34,93 per litre"
Ivy,"€ 26,20",United States,4.10,de Garde Brewing,6%,Wild Ale - American,Bottle 750ml,"€ 34,93 per litre"
Reflections of Matter,"€ 21,50",Denmark,3.88,Baghaven Brewing and Blending,6%,Wild Ale - Other,Bottle 750ml,"€ 28,67 per litre"
Limited Edition De Oude Cam: 5 jaar foeder Lambiek 2022,"€ 15,98",Belgium,4.27,Geuzestekerij De Cam,5%,Lambic - Traditional,Bottle 375ml,"€ 42,61 per litre"
GRAxXx Reloaded,"€ 63,00",Netherlands,4.05,Moersleutel Craft Brewery,11%,Stout - Imperial / Double Pastry,12-pack,"Total price: € 63,00"
Smoking Gun,"€ 32,67",Netherlands,2.89,Brouwerij Frontaal,5%,Lager - Smoked,12-pack,"Total price: € 32,67"
Modus Operandi,"€ 5,00",England,3.67,The Wild Beer Co,7%,Sour - Flanders Red Ale,330ml,"€ 15,15 per litre"
Blood of Ida,"€ 52,00",Netherlands,3.67,Raven Bone Hill,10%,Stout - Russian Imperial,12-pack,"Total price: € 52,00"
Banketstaaf Stout,"€ 73,80",Netherlands,3.70,vandeStreek bier,14.8%,Stout - Imperial / Double Pastry,12-pack,"Total price: € 73,80"
Tezamen,"€ 53,40",Netherlands,3.63,Nevel Wild Ales,6%,Wild Ale - Other,12-pack,"Total price: € 53,40"
Tap X Cognac,"€ 30,25",Netherlands,3.35,Brouwerij De Werf,10%,Barleywine - Other,12-pack,"Total price: € 30,25"
Jurr,"€ 38,72",Netherlands,3.66,Kaapse Brouwers,12%,Bock - Weizenbock,12-pack,"Total price: € 38,72"
Phi Kweepeer & Mispel Edition,"€ 45,38",Belgium,3.57,Brouwerij Alvinne,8%,Sour - Other,12-pack,"Total price: € 45,38"
Sonnen Hill - Spontaneous - Coolship Beer,"€ 36,00",Canada,4.07,Sonnen Hill Brewing,5%,Farmhouse Ale - Saison,Bottle 750ml,"€ 48,00 per litre"
The Bruery - Hoppy Horsey - Dry-Hopped Saison,"€ 16,80",United States,3.76,The Bruery Terreux,6.2%,Farmhouse Ale - Saison,Bottle 750ml,"€ 22,40 per litre"
The Porter,"€ 5,95",England,3.78,Anspach & Hobday,6.7%,Porter - English,Can 440ml,"€ 13,52 per litre"
Second Date Light Green,"€ 5,95",Netherlands,3.89,Rock City Brewing,8%,IPA - Imperial / Double,Can 440ml,"€ 13,52 per litre"
Garden Path Fermentation,"€ 21,60",United States,3.89,Garden Path Fermentation,5.5%,Wild Ale - Other,500ml,"€ 43,20 per litre"
Garden Path Fermentation,"€ 14,40",United States,3.89,Garden Path Fermentation,7.4%,Wild Ale - American,500ml,"€ 28,80 per litre"
Garden Path Fermentation,"€ 21,60",United States,3.85,Garden Path Fermentation,10%,Sour - Fruited,500ml,"€ 43,20 per litre"
Tripel,"€ 6,95",Netherlands,3.49,Dutch Bargain,8.5%,Belgian Tripel,Bottle 750ml,"€ 9,27 per litre"
Blackberry,"€ 28,95",United States,4.36,Schramm's Mead,14%,Mead - Melomel,Bottle 375ml,"€ 77,20 per litre"
Tuesday (2021),"€ 36,95",United States,4.29,Cycle Brewing Company,12%,Porter - Imperial / Double Baltic,Bottle 650ml,"€ 56,85 per litre"
Pompeii,"€ 7,25",United States,4.04,Toppling Goliath Brewing Co.,6.3%,IPA - American,500ml,"€ 14,50 per litre"
Juicy & Wild Muscar-Elle,"€ 7,47",Belgium,4.05,Lambiek Fabriek,8.8%,Lambic - Fruit,Bottle 375ml,"€ 19,92 per litre"
Gimme S'mores,"€ 11,40",Greece,4.01,Seven Island Brewery,11%,Stout - Imperial / Double Pastry,Can 440ml,"€ 25,91 per litre"
HoHoHo Hot Choco,"€ 8,00",Greece,3.88,Seven Island Brewery,11%,Stout - Imperial / Double Pastry,Can 440ml,"€ 18,18 per litre"
La Vermontoise,"€ 6,30",Belgium,3.80,Brasserie de Blaugies/ Hill Farmstead Brewery,6%,Farmhouse Ale - Saison,Bottle 370ml,"€ 17,03 per litre"
The Law of Motion Réserve,"€ 29,99",United States,4.20,de Garde Brewing,6.5%,Wild Ale - American,Bottle 750ml,"€ 39,99 per litre"
Ivy,"€ 26,29",United States,4.10,de Garde Brewing,6%,Wild Ale - American,Bottle 750ml,"€ 35,05 per litre"
The Architect,"€ 26,29",United States,3.85,de Garde Brewing,6%,Wild Ale - American,Bottle 750ml,"€ 35,05 per litre"
Rochefort 8,"€ 3,30",Belgium,3.85,Abbaye Notre-Dame de Saint-Rémy,9.2%,Belgian Strong Dark Ale,330ml,"€ 10,00 per litre"
Timmermans Oude Gueuze,"€ 5,70",Belgium,3.79,Brewery John Martin & Brewery Timmermans,5.5%,Lambic - Gueuze,Bottle 375ml,"€ 15,20 per litre"
Delirium Red,"€ 9,80",Belgium,3.58,Delirium - Huyghe Brewery,8%,Fruit Beer,Bottle 750ml,"€ 13,07 per litre"
Geuzelique,"€ 9,77",Russia,4.16,Double A Brewing,7%,Wild Ale - Other,Bottle 375ml,"€ 26,05 per litre"
Kers,"€ 9,97",Russia,4.12,Double A Brewing,7%,Sour - Fruited,Bottle 375ml,"€ 26,59 per litre"
Aardbarber,"€ 9,77",Russia,4.11,Double A Brewing,7%,Sour - Other,Bottle 375ml,"€ 26,59 per litre"
Fram,"€ 9,97",Russia,4.11,Double A Brewing,7%,Sour - Fruited,Bottle 375ml,"€ 26,59 per litre"
Munt & Dragon,"€ 10,43",Russia,4.08,Double A Brewing,7%,Sour - Other,Bottle 375ml,"€ 27,81 per litre"
Kers & Kaneel,"€ 9,97",Russia,4.07,Double A Brewing,7%,Sour - Other,Bottle 375ml,"€ 26,59 per litre"
KuRaGa,"€ 9,97",Russia,4.04,Double A Brewing,7%,Sour - Fruited,Bottle 375ml,"€ 26,59 per litre"
235,"€ 10,49",Russia,3.99,AF Brew,15.8%,Barleywine - American,330ml,"€ 31,79 per litre"
"Nasty, Brutish and Malt","€ 13,30",Denmark,3.94,Mikkeller,12.1%,Barleywine - Other,Bottle 750ml,"€ 17,73 per litre"
Swedish Wash 2019 - 750ml,"€ 16,80",Denmark,3.67,Mikkeller,11.5%,Bière de Champagne / Bière Brut,Bottle 750ml,"€ 22,40 per litre"
Brewing - Tsunami: 2016 Vintage,"€ 4,00",United States,3.77,Pelican Brewing Company,7%,Stout - Foreign / Export,330ml,"€ 12,12 per litre"
Lervig Rackhouse Off The Rack Paragon 2020,"€ 43,77",Norway,4.28,LERVIG,13.1%,Barleywine - English,Bottle 750ml,"€ 58,36 per litre"
Delirium Nocturnum Belgian Strong Golden Ale,"€ 5,70",Belgium,3.76,Delirium - Huyghe Brewery,8.5%,Belgian Strong Dark Ale,330ml,"€ 17,27 per litre"
"Organic Geuze Natur-Elle (2020) - 37,5cl","€ 6,70",Belgium,4.00,Lambiek Fabriek,6.2%,Lambic - Gueuze,Bottle 375ml,"€ 17,87 per litre"
La Moneuse Special Winter Ale (2021),"€ 6,10",Belgium,3.56,Brasserie de Blaugies,8%,Winter Ale,Bottle 750ml,"€ 8,13 per litre"
De Oude Cam: Zjiembezen Framboise Lambiek 2020,"€ 14,45",Belgium,4.13,Geuzestekerij De Cam,5.5%,Lambic - Framboise,Bottle 375ml,"€ 38,53 per litre"
Lambiek Fabriek: Juicy & Wild Gros-Elle 2021,"€ 12,95",Belgium,3.99,Lambiek Fabriek,7.7%,Lambic - Fruit,Bottle 750ml,"€ 17,27 per litre"
Kemker Fröjaor,"€ 15,17",Germany,3.86,Kemker Kultuur (Brauerei J. Kemker),6%,Historical Beer - Gruit / Ancient Herbed Ale,Bottle 750ml,"€ 20,23 per litre"
Hof Ten Dormaal Zure van Tildonk - Lambiek Barbera,"€ 4,77",Belgium,3.71,Brouwerij Hof ten Dormaal,7.5%,Sour - Fruited,330ml,"€ 14,45 per litre"
Hof Ten Dormaal Zure van Tildonk - Oude Kriek 2021,"€ 4,11",Belgium,3.70,Brouwerij Hof ten Dormaal,6%,Sour - Other,330ml,"€ 12,45 per litre"
Freak Kriek Zero Point Three Feel free merry Cherry Beer,"€ 2,85",Finland,2.94,The Flying Dutchman Nomad Brewing Company,0.3%,Non-Alcoholic - Other,330ml,"€ 8,64 per litre"
Velvet Rush,"€ 6,40",United States,3.90,Founders Brewing Co.,11.1%,Brown Ale - Imperial / Double,330ml,"€ 8,64 per litre"
À Tue-Tête Noire,"€ 18,21",Switzerland,3.92,À tue-tête,7.5%,Sour - Other,Bottle 750ml,"€ 24,28 per litre"
À Tue-Tête ! 2021 Magnum,"€ 62,49",Switzerland,4.25,À tue-tête,7.6%,Sour - Other,Bottle 1500ml,"€ 41,66 per litre"
À Tue-Tête Rouge,"€ 18,21",Switzerland,4.13,À tue-tête,7.6%,Sour - Fruited,Bottle 750ml,"€ 24,28 per litre"
À Tue-Tête Coing,"€ 21,98",Switzerland,4.07,À tue-tête,6.5%,Sour - Fruited,Bottle 750ml,"€ 29,31 per litre"
Mooi De Klos,"€ 4,20",Netherlands,3.48,Stadsbrouwerij 013,10.5%,Stout - Russian Imperial,330ml,"€ 12,73 per litre"
Duvel,"€ 5,50",Belgium,3.72,Duvel Moortgat,8.5%,Belgian Strong Golden Ale,Bottle 750ml,"€ 7,33 per litre"
Bzart Kriekenlambiek (2019),"€ 25,27",Belgium,3.98,Oud Beersel,7%,Lambic - Kriek,Bottle 750ml,"€ 33,69 per litre"
Framboise,"€ 7,25",Belgium,3.56,Oud Beersel,5%,Lambic - Framboise,Bottle 375ml,"€ 19,33 per litre"
Organicus,"€ 2,65",Belgium,3.54,Brasserie Lupulus,8.5%,Belgian Tripel,330ml,"€ 8,03 per litre"
Cuvée,"€ 9,44",Belgium,3.93,Brouwerij De Ranke,7%,Sour - Other,Bottle 750ml,"€ 12,59 per litre"
Intens Rood 19|20 Blend 78,"€ 34,99",Belgium,4.20,Brouwerij 3 Fonteinen,6%,Lambic - Kriek,Bottle 750ml,"€ 46,65 per litre"
Tilquin Oude Quetsche Tilquin à l'Ancienne,"€ 20,99",Belgium,4.17,Gueuzerie Tilquin,6.4%,Lambic - Fruit,Bottle 750ml,"€ 27,99 per litre"
Hommage 2018 Assemblage n° 60,"€ 45,45",Belgium,4.43,Brouwerij 3 Fonteinen,6.3%,Lambic - Framboise,Bottle 750ml,"€ 60,60 per litre"
BA Boris Royale,"€ 21,50",United States,4.23,Hoppin' Frog Brewery,9.4%,Stout - Russian Imperial,Bottle 650ml,"€ 33,08 per litre"
BA BORIS The Crusher,"€ 12,90",United States,4.18,Hoppin' Frog Brewery,9.4%,Stout - Russian Imperial,473ml,"€ 27,27 per litre"
Form & Insight 2020,"€ 22,20",Denmark,3.86,Baghaven Brewing and Blending,8.8%,Wild Ale - Other,Bottle 750ml,"€ 29,60 per litre"
Tripel,"€ 3,45",Netherlands,3.57,Brouwerij Pronck,9%,Belgian Tripel,330ml,"€ 10,45 per litre"
Hortus Bier,"€ 3,25",Netherlands,3.35,Brouwerij Pronck,6%,Blonde / Golden Ale - Other,330ml,"€ 9,85 per litre"
HORAL&apos;s Oude Geuze Mega Blend (2021),"€ 14,40",Belgium,4.07,Brewery John Martin & Brewery Timmermans/ Brouwerij Boon/ Brouwerij De Troch/ Brouwerij Lindemans/ + 4 breweries,7%,Lambic - Gueuze,Bottle 750ml,"€ 19,20 per litre"
2019.002 White Label Dark Ale Tawny Port BA,"€ 5,24",Netherlands,3.80,Brouwerij Emelisse,9%,Dark Ale,330ml,"€ 15,88 per litre"
Badass Imperial Stout,"€ 12,00",Poland,4.04,Browar Hopito,12%,Stout - Imperial / Double Pastry,Can 440ml,"€ 27,27 per litre"
DOK I Shot the Cherry Pinot Noir BA,"€ 24,71",Belgium,3.96,Dok Brewing Company,8%,Sour - Fruited,Bottle 750ml,"€ 32,95 per litre"
Oude Kriek Vat 18/19 Assemblage n° 66,"€ 11,51",Belgium,4.30,Brouwerij 3 Fonteinen,6.4%,Lambic - Kriek,Bottle 375ml,"€ 30,69 per litre"
Grutte Pier – Vatgerijpt ALS Quadrupel V2C,"€ 7,55",Netherlands,3.77,Brouwerij In De Nacht,10%,Stout - Imperial / Double Milk,330ml,"€ 22,88 per litre"
Sueno Latino,"€ 5,55",Netherlands,3.92,Van Moll,10.5%,Porter - Baltic,330ml,"€ 16,82 per litre"
Crimson,"€ 30,71",Ireland,4.18,Land & Labour,5.5%,Lambic - Fruit,Bottle 750ml,"€ 40,95 per litre"
Lustre - Apricot,"€ 23,25",Ireland,4.07,Land & Labour,5.8%,Wild Ale - Other,Bottle 750ml,"€ 31,00 per litre"
Super Kriek,"€ 21,99",United States,4.03,Modern Times Beer,7.5%,Sour - Fruited,Bottle 375ml,"€ 58,64 per litre"
Phantom Twilight 2020,"€ 21,99",United States,4.01,Modern Times Beer,6.8%,Sour - Fruited,Bottle 375ml,"€ 58,64 per litre"
News From Nowhere: Cuvée Moscatel,"€ 18,49",United States,3.91,Modern Times Beer,8.5%,Sour - Flanders Red Ale,Bottle 375ml,"€ 49,31 per litre"
Glimmer Void Vanilla,"€ 18,49",United States,3.83,Modern Times Beer,7.7%,Sour - Fruited,Bottle 375ml,"€ 49,31 per litre"
Mexican Cake 2021,"€ 10,60",United States,4.22,Westbrook Brewing Co.,10.5%,Stout - Imperial / Double,473ml,"€ 22,41 per litre"
Experimead  13 - Cherries Red Wine BA,"€ 28,75",Belgium,3.89,De Mederie,15%,Mead - Melomel,510ml,"€ 56,37 per litre"
Experimead  12 - Jim Beam BA,"€ 28,75",Belgium,3.70,De Mederie,15%,Mead - Traditional,510ml,"€ 56,37 per litre"
Experimead  11 - Bourbon BA w. Vanilla,"€ 28,75",Belgium,3.63,De Mederie,15%,Mead - Traditional,510ml,"€ 56,37 per litre"
Bellwether,"€ 19,99",United States,3.96,Breakside Brewery,8.4%,Wheat Beer - Witbier / Blanche,Bottle 650ml,"€ 30,75 per litre"
Alesong Brewery - Kriek,"€ 16,50",United States,4.14,Alesong Brewing & Blending,7%,Sour - Fruited,500ml,"€ 33,00 per litre"
Hazel's Nuts,"€ 8,00",United States,4.27,Odd Side Ales,12.1%,Stout - Imperial / Double Coffee,355ml,"€ 22,54 per litre"
Hazel's Nuts: Toasted Marshmallow & Coconut,"€ 8,00",United States,4.24,Odd Side Ales,12%,Stout - Imperial / Double Pastry,355ml,"€ 22,54 per litre"
Dubbel - Glutenvrij,"€ 3,00",Belgium,3.34,Brouwerij Slaapmutske,7.4%,Gluten-Free,330ml,"€ 9,09 per litre"
Pils,"€ 2,19",Germany,3.01,Landgang Brauerei,5%,Pilsner - German,330ml,"€ 6,64 per litre"
Phi Kweepeer & Mispel Edition,"€ 3,75",Belgium,3.57,Brouwerij Alvinne,8%,Sour - Other,330ml,"€ 11,36 per litre"
Blood of Ida,"€ 4,50",Netherlands,3.67,Raven Bone Hill,10%,Stout - Russian Imperial,Can 440ml,"€ 10,23 per litre"
Pohjala Öö,"€ 4,50",Estonia,3.93,Põhjala,10.5%,Porter - Imperial / Double Baltic,330ml,"€ 13,64 per litre"
Pohjala Must Kuld,"€ 3,80",Estonia,3.76,Põhjala,7.8%,Porter - Other,330ml,"€ 11,52 per litre"
KBS Cinnamon Vanilla Cocoa,"€ 5,99",United States,4.10,Founders Brewing Co.,12%,Stout - Imperial / Double Coffee,355ml,"€ 16,87 per litre"
Deya,"€ 15,00",England,3.87,DEYA Brewing Company,5.8%,Wild Ale - Other,Bottle 750ml,"€ 20,00 per litre"
Schaerbeekse Kriek,"€ 15,79",Belgium,3.99,Hanssens Artisanaal,6.5%,Lambic - Kriek,Bottle 750ml,"€ 21,05 per litre"
Delirium Argentum Belgian IPA,"€ 3,10",Belgium,3.60,Delirium - Huyghe Brewery,7%,IPA - Belgian,330ml,"€ 9,39 per litre"
Krab American Pale Ale,"€ 2,35",Belgium,3.27,Scheldebrouwerij,5.2%,Pale Ale - American,330ml,"€ 7,12 per litre"
Kerel Stout,"€ 2,60",Belgium,3.26,VBDCK Brewery,6%,Stout - Other,330ml,"€ 7,88 per litre"
B.A.B.S. 4,"€ 11,00",England,4.10,The Wild Beer Co,11.3%,Stout - Imperial / Double,330ml,"€ 33,33 per litre"
Velvet Rush,"€ 5,10",United States,3.90,Founders Brewing Co.,11.1%,Brown Ale - Imperial / Double,355ml,"€ 14,37 per litre"
Anniversary  6,"€ 3,89",Netherlands,3.88,Brouwerij Kees,10%,Stout - Imperial / Double,330ml,"€ 11,79 per litre"
Cookie Monster,"€ 5,80",Spain,4.02,Cervezas La Virgen/ Laugar Brewery,11.5%,Stout - Russian Imperial,330ml,"€ 17,58 per litre"
Organic & Wild Black-Belle (2021),"€ 13,50",Belgium,3.98,Lambiek Fabriek,6.5%,Lambic - Fruit,Bottle 750ml,"€ 18,00 per litre"
Achel Bruin Extra,"€ 13,72",Belgium,3.67,Brouwerij der Sint-Benedictusabdij De Achelse Kluis,8%,Belgian Dubbel,Bottle 750ml,"€ 18,29 per litre"
Foxbic Four,"€ 31,80",England,4.12,Mills Brewing/ Oliver's Cider & Perry,7%,Cider - Graff,Bottle 750ml,"€ 42,40 per litre"
Nevel – Tezamen,"€ 4,50",Netherlands,3.63,Nevel Wild Ales,6%,Wild Ale - Other,330ml,"€ 13,64 per litre"
Huyghe Delirium Argentum,"€ 3,69",Belgium,3.60,Delirium - Huyghe Brewery,7%,IPA - Belgian,330ml,"€ 11,18 per litre"
Freigeist/Stillwater Amis Vol. 5,"€ 21,99",Germany,3.82,Freigeist Bierkultur/ Stillwater Artisanal,8.7%,Sour - Other Gose,Bottle 750ml,"€ 29,32 per litre"
Gulden Draak Brewmaster,"€ 2,75",Belgium,3.83,Brouwerij Van Steenberge,10.5%,Belgian Strong Golden Ale,330ml,"€ 8,33 per litre"
Casey Family Preserves Nectarine,"€ 59,75",United States,4.44,Casey Brewing & Blending,6%,Farmhouse Ale - Saison,Bottle 750ml,"€ 79,67 per litre"
Beer/ Cellar West - Meager Portmanteau,"€ 52,31",United States,4.36,Cellar West Artisan Ales/ Primitive Beer,5.7%,Lambic - Fruit,Bottle 750ml,"€ 69,75 per litre"
Beer/ Family Jones Rye Whiskey - Back In Vogue Montmorency Cherry,"€ 53,81",United States,4.33,Primitive Beer,8.8%,Lambic - Fruit,Bottle 750ml,"€ 71,75 per litre"
Beer / Family Jones Rye Whiskey - Back In Vogue Red Globe Peach,"€ 53,81",United States,4.31,Primitive Beer,8.8%,Lambic - Fruit,Bottle 750ml,"€ 71,75 per litre"
Casey Funky Blender Balaton Cherry,"€ 44,75",United States,4.25,Casey Brewing & Blending,7%,Farmhouse Ale - Saison,Bottle 750ml,"€ 59,67 per litre"
Casey Funky Blender Preserves Peach,"€ 57,75",United States,4.23,Casey Brewing & Blending,7%,Farmhouse Ale - Saison,Bottle 750ml,"€ 77,00 per litre"
Casey Funky Blender Pluot,"€ 44,75",United States,4.19,Casey Brewing & Blending,7%,Sour - Fruited,Bottle 750ml,"€ 59,67 per litre"
Black Project Butcher,"€ 11,55",United States,4.15,Black Project Spontaneous & Wild Ales,7.1%,Sour - Fruited,473ml,"€ 24,42 per litre"
Black Project Mallow,"€ 11,25",United States,4.04,Black Project Spontaneous & Wild Ales,7.4%,Sour - Fruited,473ml,"€ 23,78 per litre"
Black Project Cipher,"€ 10,75",United States,3.98,Black Project Spontaneous & Wild Ales,7.1%,Sour - Fruited,473ml,"€ 22,73 per litre"
Rose Lambic,"€ 8,84",Belgium,3.62,OWA Brewery,5.5%,Lambic - Fruit,Bottle 375ml,"€ 23,57 per litre"
VandeStreek – Banketstaaf Stout,"€ 6,25",Netherlands,3.70,vandeStreek bier,14.8%,Stout - Imperial / Double Pastry,330ml,"€ 18,94 per litre"
Anderson Jean Ginie Laphroaig BA,"€ 19,90",Estonia,3.90,Anderson's Craft Beer,9.9%,Sour - Traditional Gose,330ml,"€ 60,30 per litre"
Anderson Jean Ginie Gin BA,"€ 9,20",Estonia,3.61,Anderson's Craft Beer,9.9%,Sour - Fruited Gose,330ml,"€ 27,88 per litre"
Anderson Jean Ginie Tequila BA,"€ 9,10",Estonia,3.39,Anderson's Craft Beer,7.9%,Sour - Other Gose,330ml,"€ 27,58 per litre"
Pale Ale,"€ 3,19",United States,3.62,Sierra Nevada Brewing Co.,5.6%,Pale Ale - American,355ml,"€ 8,99 per litre"
Green Yield,"€ 4,49",United States,4.07,The Drowned Lands Brewery,7.2%,IPA - New England / Hazy,473ml,"€ 9,49 per litre"
Tunus 75cl,"€ 9,50",Netherlands,3.60,Brouwerij De Werf,9%,Belgian Tripel,Bottle 750ml,"€ 12,67 per litre"
Tripel,"€ 2,64",Belgium,3.73,Bières de Chimay,8%,Belgian Tripel,330ml,"€ 8,00 per litre"
Imperial Russian Stout (fles),"€ 33,61",Netherlands,3.67,Dutch Bargain,11.5%,Stout - Russian Imperial,12-pack,"Total price: € 33,61"
Automnale,"€ 7,87",Belgium,3.97,La Source Beer Co.,5.7%,Sour - Fruited,Bottle 375ml,"€ 20,99 per litre"
Art of Decadence - Blend 5,"€ 30,20",Denmark,3.97,Baghaven Brewing and Blending,7%,Wild Ale - Other,Bottle 750ml,"€ 40,27 per litre"
Lapsang Souchong Infused Lambic Beer Box,"€ 34,96",Belgium,3.49,Oud Beersel,6.8%,Lambic - Traditional,3100ml,"€ 11,28 per litre"
Atrium / D'Oude Maalderij Reserva Tonka Barley Wine BA Panama Rhum,"€ 5,69",Belgium,3.85,Brasserie Atrium/ D'Oude Maalderij,10.2%,Barleywine - Other,330ml,"€ 17,24 per litre"
Staffstuff,"€ 4,35",Belgium,3.35,Brasserie Atrium,4.5%,Porter - Other,330ml,"€ 13,18 per litre"
Golden Doesjel  season19/20 blend No. 41,"€ 12,95",Belgium,4.11,Brouwerij 3 Fonteinen,6%,Lambic - Gueuze,Bottle 375ml,"€ 34,53 per litre"
OG Armand & Gaston 19/20 Assemblage n° 25,"€ 24,42",Belgium,4.26,Brouwerij 3 Fonteinen,6.7%,Lambic - Gueuze,Bottle 750ml,"€ 32,56 per litre"
Frambozenlambiek Oogst 2020 20/21 Assemblage n°18,"€ 45,59",Belgium,4.25,Brouwerij 3 Fonteinen,5.5%,Lambic - Framboise,Bottle 750ml,"€ 60,79 per litre"
Muifelbrouwerij – Dr. Hop IPA,"€ 2,85",Netherlands,3.81,Bierverbond/ Brouwerij Eleven/ Brouwerij Poesiat & Kater/ D'n Drul & Stollenberg/ + 7 breweries,6.5%,Porter - Imperial / Double,330ml,"€ 8,64 per litre"
ROTT.toetje,"€ 4,25",Netherlands,3.73,100 Watt Brewery/ 4 Islands Brewing/ ARRR! Brewing Co./ Baxbier/ + 76 breweries,10.5%,Porter - Imperial / Double,330ml,"€ 12,88 per litre"
Licuados,"€ 14,99",United States,4.10,The Bruery,9.7%,Stout - Imperial / Double Pastry,473ml,"€ 31,69 per litre"
Bakery: Boysenberry Pie,"€ 12,49",United States,3.91,The Bruery,10.2%,Stout - Imperial / Double Pastry,473ml,"€ 26,41 per litre"
KEASCH Kirsch Sauer,"€ 14,99",Germany,3.52,Hoppebräu,5.5%,Sour - Fruited,Bottle 375ml,"€ 39,97 per litre"
Mano Negra Peated Whisky Barrel Aged,"€ 4,47",Belgium,3.74,Brouwerij Alvinne,10%,Stout - Imperial / Double,330ml,"€ 13,55 per litre"
Jean-Michel²: Brasil Campo Das Vertentes Coffee with Coconut & Vanilla,"€ 5,75",Poland,3.73,Browar Nepomucen,8.5%,Stout - Coffee,330ml,"€ 17,42 per litre"
Tilquin Oude Quetsche Tilquin à l'Ancienne,"€ 12,99",Belgium,4.17,Gueuzerie Tilquin,6.4%,Lambic - Fruit,Bottle 375ml,"€ 34,64 per litre"
Beer B.a.b.s 4,"€ 9,99",England,4.10,The Wild Beer Co,11.3%,Stout - Imperial / Double,330ml,"€ 30,27 per litre"
Cherry Saison,"€ 18,79",England,4.05,Burning Sky Brewery,6.8%,Farmhouse Ale - Saison,Bottle 750ml,"€ 25,05 per litre"
Burning Sky / Thornbridge Full Circle,"€ 16,89",England,4.04,Burning Sky Brewery/ Thornbridge Brewery,7.3%,Farmhouse Ale - Saison,Bottle 750ml,"€ 22,52 per litre"
Spätale 2018,"€ 18,00",Denmark,4.05,Baghaven Brewing and Blending,8.8%,Sour - Fruited,Bottle 375ml,"€ 48,00 per litre"
Farmhouse Sour #5,"€ 13,00",Belgium,4.04,Brouwerij Alvinne,8%,Sour - Other,Bottle 750ml,"€ 17,33 per litre"
Berliner Framboos-Raspberry,"€ 2,50",Belgium,3.82,Brouwerij Alvinne/ Laugar Brewery,4%,Sour - Fruited Berliner Weisse,330ml,"€ 7,58 per litre"
Farmhouse Sour #4 Apricot,"€ 3,70",Belgium,3.67,Brouwerij Alvinne,8%,Sour - Fruited,330ml,"€ 11,21 per litre"
Land Van Mortagne,"€ 2,60",Belgium,3.60,Brouwerij Alvinne,12.8%,Belgian Quadrupel,330ml,"€ 7,88 per litre"
Braambes,"€ 41,30",Belgium,4.29,Brouwerij 3 Fonteinen,5.5%,Lambic - Fruit,Bottle 750ml,"€ 55,07 per litre"
De Koninck Oude Gueuze,"€ 6,50",Belgium,3.76,Brouwerij Boon,5.2%,Lambic - Gueuze,Bottle 370ml,"€ 17,57 per litre"
Council / Cellador Ales Magicdor,"€ 11,99",United States,3.96,Cellador Ales/ Council Brewing Company,6.6%,Wild Ale - American,Bottle 750ml,"€ 15,99 per litre"
"Intens Rood (season 18|19) Blend No. 118 - 37,5cl","€ 15,90",Belgium,4.32,Brouwerij 3 Fonteinen,6.6%,Lambic - Kriek,Bottle 375ml,"€ 42,40 per litre"
Oude Geuze Cuvée Armand & Gaston (season 18|19) Blend No. 41,"€ 10,90",Belgium,4.30,Brouwerij 3 Fonteinen,6.5%,Lambic - Gueuze,Bottle 375ml,"€ 29,07 per litre"
Oude Geuze Cuvée Armand & Gaston (season 19|20) Blend No. 4,"€ 21,50",Belgium,4.27,Brouwerij 3 Fonteinen,7%,Lambic - Gueuze,Bottle 750ml,"€ 28,67 per litre"
"Shadow Game X - Butterscotch, Cookies & Cream (Heaven Hill BA)","€ 9,40",Estonia,4.17,Sori Brewing,12.7%,Stout - Imperial / Double Pastry,330ml,"€ 28,48 per litre"
"The Black Pot - Coconut, Biscotti (2021)","€ 7,40",Romania,4.11,Bereta Brewing Co./ Wicked Barrel,10.9%,Stout - Imperial / Double,330ml,"€ 22,42 per litre"
"The Black Pot - Cocoa Nibs, Honey, Figs (2021)","€ 7,40",Romania,4.09,Bereta Brewing Co./ Wicked Barrel,10.9%,Stout - Imperial / Double,330ml,"€ 22,42 per litre"
Coulis - Vild,"€ 7,00",Sweden,3.98,Brekeriet,8%,Sour - Fruited,Bottle 375ml,"€ 18,67 per litre"
Tzarine Framboise,"€ 14,80",France,3.96,La Brasserie du Mont Salève,9%,Stout - Russian Imperial,Bottle 750ml,"€ 19,73 per litre"
Oude Geuze (season 18|19) Blend No. 107,"€ 7,50",Belgium,3.93,Brouwerij 3 Fonteinen,5.5%,Lambic - Gueuze,Bottle 375ml,"€ 20,00 per litre"
Tilda - Vild,"€ 7,40",Sweden,3.92,Brekeriet,5.6%,Sour - Other,Bottle 375ml,"€ 19,73 per litre"
Cassis (Vild),"€ 8,30",Sweden,3.92,Brekeriet,6%,Sour - Fruited,Bottle 375ml,"€ 22,13 per litre"
Hind - Vild,"€ 7,10",Sweden,3.82,Brekeriet,3.5%,Sour - Fruited,Bottle 375ml,"€ 18,93 per litre"
110K+OT Batch 9,"€ 15,92",United States,4.18,Cigar City Brewing,9.8%,Brown Ale - Imperial / Double,Bottle 650ml,"€ 24,49 per litre"
Raspberry Halo,"€ 12,67",United States,3.86,Cigar City Brewing,10.7%,Stout - Imperial / Double,Bottle 650ml,"€ 19,49 per litre"
Cyber Rabbit,"€ 4,75",Hungary,3.66,MONYO Brewing Co.,5.8%,IPA - New England / Hazy,330ml,"€ 14,39 per litre"
Cherry Meerts,"€ 24,95",United States,4.05,Funk Factory Geuzeria,4.5%,Lambic - Fruit,Bottle 750ml,"€ 33,27 per litre"
Meerts,"€ 21,95",United States,3.93,Funk Factory Geuzeria,4%,Lambic - Traditional,Bottle 750ml,"€ 29,27 per litre"
Gouden Carolus Tripel,"€ 2,20",Belgium,3.82,Brouwerij Het Anker,9%,Belgian Tripel,330ml,"€ 6,67 per litre"
Bovengronds,"€ 2,00",Belgium,3.43,Brouwerij Kompel,6%,Belgian Blonde,330ml,"€ 6,06 per litre"
Pakket,"€ 37,50",United States,?,Moody Tongue Brewing Company,6%,IPA - American,330ml,"€ 6,06 per litre"
Baladin Xyauyu Kioke,"€ 41,10",Italy,4.38,BIRRIFICIO AGRICOLO BALADIN - Baladin Indipendente Italian Farm Brewery,14%,Barleywine - Other,500ml,"€ 82,20 per litre"
Baladin Xyauyu Barrel 2017,"€ 41,30",Italy,4.50,BIRRIFICIO AGRICOLO BALADIN - Baladin Indipendente Italian Farm Brewery,15.5%,Barleywine - Other,500ml,"€ 82,60 per litre"
Baladin Xyauyu Fume 2016,"€ 41,30",Italy,4.37,BIRRIFICIO AGRICOLO BALADIN - Baladin Indipendente Italian Farm Brewery,14%,Barleywine - Other,500ml,"€ 82,60 per litre"
Hipster For Christmas,"€ 18,00",Norway,4.01,LERVIG,13.1%,Barleywine - English,Bottle 375ml,"€ 48,00 per litre"
Mexican Hot Chocolat,"€ 10,20",Denmark,3.66,To Øl,8.5%,Stout - Imperial / Double,Bottle 375ml,"€ 27,20 per litre"
Beer Geek Vanilla Shake BA Whiskey,"€ 17,60",Denmark,4.14,Mikkeller,13%,Stout - Imperial / Double Oatmeal,Bottle 330ml,"€ 53,33 per litre"
Shambolic,"€ 16,10",United States,4.04,Tired Hands Brewing Company,6.5%,Farmhouse Ale - Saison,500ml,"€ 32,20 per litre"
Oregon Fruit Series - Spontan Blueberry,"€ 12,90",Belgium,3.76,De Proefbrouwerij/ Mikkeller,7.7%,Lambic - Fruit,Bottle 375ml,"€ 34,40 per litre"
Oude Geuze 18/19 Assemblage n°113,"€ 8,19",Belgium,4.16,Brouwerij 3 Fonteinen,6.4%,Lambic - Gueuze,Bottle 375ml,"€ 21,84 per litre"
Peel and Bean,"€ 3,75",Estonia,3.74,Põhjala,8.5%,Porter - Imperial / Double,330ml,"€ 11,36 per litre"
Bourbon Barrel Aged Coffee Cake Imperial Stout,"€ 11,75",United States,4.15,Moody Tongue Brewing Company,13.9%,Stout - Imperial / Double,330ml,"€ 35,61 per litre"
Bourbon Barrel Aged Chocolate Barleywine (2020),"€ 10,95",United States,4.12,Moody Tongue Brewing Company,13%,Barleywine - American,330ml,"€ 33,18 per litre"
Sticky Little Fingers Bourbon Barrel Aged (2021),"€ 15,15",Norway,4.24,Amundsen Brewery,13%,Stout - Imperial / Double Pastry,Can 440ml,"€ 34,43 per litre"
Bourbon Barrel Aged Gingerbread Imperial Stout,"€ 11,75",United States,4.17,Moody Tongue Brewing Company,16%,Stout - Imperial / Double,330ml,"€ 35,61 per litre"
Christmas Tart (2021),"€ 12,45",Norway,3.92,Amundsen Brewery,12.5%,Stout - Imperial / Double Pastry,Can 440ml,"€ 28,30 per litre"
Caramelized Chocolate Churro Baltic Porter,"€ 6,50",United States,3.76,Moody Tongue Brewing Company,7%,Porter - Baltic,330ml,"€ 19,70 per litre"
Ravnodenstvie (Islay Barrel Aged),"€ 9,75",Estonia,4.12,Lehe Pruulikoda/ Vasileostrovskaya Brewery (Василеостровская Пивоварня),12%,Stout - Russian Imperial,330ml,"€ 29,55 per litre"
Harassment by Stout,"€ 5,60",Estonia,3.92,Lehe Pruulikoda,13%,Stout - Imperial / Double,330ml,"€ 16,97 per litre"
Kalevipoeg,"€ 4,35",Estonia,3.73,Lehe Pruulikoda,9%,Porter - Baltic,330ml,"€ 13,18 per litre"
Jagged Edge,"€ 2,40",Scotland,3.57,BrewDog,5.1%,IPA - American,330ml,"€ 7,27 per litre"
Hop & Drop,"€ 2,99",Netherlands,3.42,Brouwerij de Molen,8.5%,Porter - Other,330ml,"€ 9,06 per litre"
Siren / Cigar City Caribbean Chocolate Cake 2021 - Nitro,"€ 5,42",United States,4.04,Cigar City Brewing/ Siren Craft Brew,7.4%,Stout - Milk / Sweet,330ml,"€ 16,42 per litre"
DDVD Korenaar Coupe Soleil,"€ 19,86",Belgium,3.41,Brouwerij De Dochter van de Korenaar,7.5%,Belgian Blonde,Bottle 750ml,"€ 26,48 per litre"
Siren Caribbean Chocolate Mole Cake 2021,"€ 5,72",England,3.96,Siren Craft Brew,8.8%,Stout - Milk / Sweet,330ml,"€ 17,33 per litre"
La Chouffe Houblon Chouffe,"€ 3,49",Belgium,3.67,Brasserie d'Achouffe,9%,IPA - Belgian,330ml,"€ 10,58 per litre"
Frambozenlambik Oogst 2019 season 19/20 No. 33.,"€ 18,65",Belgium,4.22,Brouwerij 3 Fonteinen,6.8%,Lambic - Framboise,Bottle 375ml,"€ 49,73 per litre"
Pruim Belle de Louvain season 20/21 No.9,"€ 26,45",Belgium,4.18,Brouwerij 3 Fonteinen,6.8%,Lambic - Fruit,Bottle 750ml,"€ 35,27 per litre"
Bistro Pumpkin Pancakes,"€ 8,78",United States,3.71,Energy City Brewing,6.5%,Sour - Fruited Berliner Weisse,Bottle 750ml,"€ 35,27 per litre"
Superstition Barrel Aged Coconut Amante,"€ 45,95",United States,4.27,Superstition Meadery,14%,Mead - Other,Bottle 375ml,"€ 122,53 per litre"
Superstition Cherry Apple Brandy Barrel Aged San Simon,"€ 57,31",United States,4.26,Superstition Meadery,15%,Mead - Cyser,500ml,"€ 114,62 per litre"
Saison van de Bruwer,"€ 4,20",Belgium,3.28,Brasserie de la Senne,5.3%,Farmhouse Ale - Brett,330ml,"€ 12,73 per litre"
Duchesse de Bourgogne,"€ 2,80",Belgium,3.66,Brouwerij Verhaeghe,6.2%,Sour - Flanders Red Ale,Bottle 250ml,"€ 11,20 per litre"
Val-Dieu Brune,"€ 3,20",Belgium,3.50,Brasserie de l'Abbaye du Val-Dieu,8%,Belgian Dubbel,330ml,"€ 9,70 per litre"
Farmhouse Sour  4 - Apricot/Abrikoos,"€ 4,87",Belgium,3.67,Brouwerij Alvinne,8%,Sour - Fruited,330ml,"€ 14,76 per litre"
Frederiksdal Doublebock,"€ 6,60",Denmark,3.41,Mikkeller,9%,Bock - Doppelbock,Bottle 375ml,"€ 17,60 per litre"
Exclusive Pomegranate Mead,"€ 31,75",Sweden,4.07,Malmö Meadery,12%,Mead - Melomel,500ml,"€ 63,50 per litre"
"True Love Never Dies, Honey","€ 8,55",Sweden,3.84,Malmö Meadery,6%,Mead - Melomel,330ml,"€ 25,91 per litre"
Merry Christmas Honey,"€ 8,65",Sweden,3.81,Malmö Meadery,11.3%,Mead - Other,330ml,"€ 26,21 per litre"
Exclusive Cherry Mead,"€ 31,75",Sweden,4.00,Malmö Meadery,13%,Mead - Melomel,500ml,"€ 63,50 per litre"
Beer Geek Cocoa Shake,"€ 9,40",Denmark,4.10,Mikkeller,12.1%,Stout - Imperial / Double Oatmeal,Can 330ml,"€ 28,48 per litre"
HBH Bimbam Balblair,"€ 14,00",Belgium,4.12,Holybeerhouse,10.5%,Winter Warmer,500ml,"€ 28,00 per litre"
HBH Bimbam Glenrothes 2850,"€ 14,00",Belgium,4.12,Holybeerhouse,10.5%,Winter Warmer,500ml,"€ 28,00 per litre"
HBH Bimbam Glenrothes 2851,"€ 14,00",Belgium,4.12,Holybeerhouse,10.5%,Winter Warmer,500ml,"€ 28,00 per litre"
HBH Bimbam Heaven Hill BA (Deca-style),"€ 14,00",Belgium,4.10,Holybeerhouse,10.5%,Winter Warmer,500ml,"€ 28,00 per litre"
HBH Bimbam Jenever BA (Deca-style),"€ 14,00",Belgium,4.10,Holybeerhouse,10.5%,Winter Warmer,500ml,"€ 28,00 per litre"
Lervig Hipster for Christmas 2020,"€ 14,20",Norway,4.04,LERVIG,13.1%,Barleywine - Other,Can 330ml,"€ 43,03 per litre"
A.B.W (American Barley Wine),"€ 7,30",Sweden,3.63,O/O Brewing,10%,Barleywine - American,330ml,"€ 22,12 per litre"
Noir de Dottignies,"€ 8,47",Belgium,3.71,Brouwerij De Ranke,8.5%,Belgian Strong Dark Ale,Bottle 750ml,"€ 11,29 per litre"
Lervig Rackhouse Black Forest Picante,"€ 17,99",Norway,4.31,LERVIG,13%,Stout - Imperial / Double,Bottle 370ml,"€ 48,62 per litre"
Lou Pepe Framboise 2012A 18/11/2019 (15),"€ 169,99",Belgium,4.64,Brasserie Cantillon,5%,Lambic - Framboise,Bottle 750ml,"€ 226,65 per litre"
Lou Pepe Framboise 2012B 18/11/2019 (15),"€ 169,99",Belgium,4.64,Brasserie Cantillon,5%,Lambic - Framboise,Bottle 750ml,"€ 226,65 per litre"
Lou Pepe Kriek 2016 18/09/2018 (18 | 18-19),"€ 219,99",Belgium,4.62,Brasserie Cantillon,5%,Lambic - Kriek,Bottle 750ml,"€ 293,32 per litre"
Oude Geuze Vintage 26/01/2012,"€ 219,99",Belgium,4.58,Brouwerij 3 Fonteinen,6%,Lambic - Gueuze,Bottle 750ml,"€ 293,32 per litre"
Pjassel -moezel- 2019 02/2020,"€ 199,99",Belgium,4.57,Bokke,6%,Lambic - Fruit,Bottle 750ml,"€ 266,65 per litre"
Fou'Foune 29/08/2016 (16 | 16-17),"€ 79,99",Belgium,4.57,Brasserie Cantillon,5%,Lambic - Fruit,Bottle 750ml,"€ 106,65 per litre"
Lou Pepe Gueuze 2013 14/03/2016 (16 | 15-16),"€ 149,99",Belgium,4.55,Brasserie Cantillon,5%,Lambic - Gueuze,Bottle 750ml,"€ 199,99 per litre"
Oude Geuze Vintage 09/01/2014,"€ 199,99",Belgium,4.54,Brouwerij 3 Fonteinen,6.8%,Lambic - Gueuze,Bottle 750ml,"€ 266,65 per litre"
Oude Geuze Cuvée Armand & Gaston Vintage 08/10/2015 (2015) 15|16 (Blend #3 of Cuvée A&G ever) Magnum,"€ 159,99",Belgium,4.54,Brouwerij 3 Fonteinen,5.7%,Lambic - Gueuze,Bottle 750ml,"€ 266,65 per litre"
Oude Geuze Cuvée Armand & Gaston Vintage 14/02/2017 Blend 19 16|17 (Straffe Winter lambic),"€ 34,99",Belgium,4.54,Brouwerij 3 Fonteinen,5.7%,Lambic - Gueuze,Bottle 375ml,"€ 93,31 per litre"
Zenne y Frontera Batch #6 Blend 50 17|18,"€ 119,99",Belgium,4.54,Brouwerij 3 Fonteinen,6.9%,Lambic - Traditional,Bottle 750ml,"€ 159,99 per litre"
Cuvée du Millénaire 03/02/2012 (12),"€ 219,99",Belgium,4.54,Brasserie Cantillon,5%,Lambic - Gueuze,Bottle 750ml,"€ 293,32 per litre"
50°N-4°E old label 07/12/2015 (15 | 15-16),"€ 279,99",Belgium,4.53,Brasserie Cantillon,7%,Lambic - Traditional,Bottle 750ml,"€ 373,32 per litre"
Zenne y Frontera Batch #5 Blend 49 17|18,"€ 119,99",Belgium,4.53,Brouwerij 3 Fonteinen,7.1%,Lambic - Traditional,Bottle 750ml,"€ 159,99 per litre"
Lou Pepe Kriek 2017 23/09/2019 (19 | 19-20),"€ 199,99",Belgium,4.52,Brasserie Cantillon,5%,Lambic - Kriek,Bottle 750ml,"€ 266,65 per litre"
Hommage paper label 30/06/2015,"€ 89,99",Belgium,4.52,Brouwerij 3 Fonteinen,6%,Lambic - Framboise,Bottle 750ml,"€ 119,99 per litre"
Zomerhof 2019 02/2020,"€ 199,99",Belgium,4.51,Bokke,6%,Lambic - Fruit,Bottle 750ml,"€ 266,65 per litre"
Oude Geuze Golden Blend paper label 12/03/2014 (Batch #2),"€ 34,99",Belgium,4.51,Brouwerij 3 Fonteinen,7.5%,Lambic - Gueuze,Bottle 375ml,"€ 93,31 per litre"
Oude Geuze Golden Blend paper label 12/12/2014 (Batch #1),"€ 99,99",Belgium,4.51,Brouwerij 3 Fonteinen,7.5%,Lambic - Gueuze,Bottle 750ml,"€ 133,32 per litre"
Zenne y Frontera Batch #4 Blend 21 17|18,"€ 149,99",Belgium,4.51,Brouwerij 3 Fonteinen,6.7%,Lambic - Gueuze,Bottle 750ml,"€ 199,99 per litre"
Zenne y Frontera Batch #3 Blend 20 17|18,"€ 149,99",Belgium,4.51,Brouwerij 3 Fonteinen,6.9%,Lambic - Gueuze,Bottle 750ml,"€ 199,99 per litre"
Vigneronne old label 12/11/2015 (15 | 15-16),"€ 99,99",Belgium,4.51,Brasserie Cantillon,5%,Lambic - Fruit,Bottle 750ml,"€ 133,32 per litre"
Oude Geuze Golden Blend 11/10/2017 Blend 52 16|17,"€ 64,99",Belgium,4.50,Brouwerij 3 Fonteinen,7%,Lambic - Gueuze,Bottle 750ml,"€ 86,65 per litre"
Magic Lambic (18 | 17-18) (Batch #1),"€ 299,99",Belgium,4.50,Brasserie Cantillon,5.5%,Lambic - Framboise,Bottle 750ml,"€ 399,99 per litre"
Oude Geuze Golden Blend 30/11/2017 Blend 6 17|18,"€ 64,99",Belgium,4.49,Brouwerij 3 Fonteinen,6.8%,Lambic - Gueuze,Bottle 750ml,"€ 86,65 per litre"
Hommage Bio Frambozen Toast 25/04/2018 Blend 54 17|18,"€ 44,99",Belgium,4.49,Brouwerij 3 Fonteinen,6%,Lambic - Framboise,Bottle 750ml,"€ 59,99 per litre"
Framboos -puur- 2019 01/2020,"€ 199,99",Belgium,4.49,Bokke,6%,Lambic - Framboise,Bottle 750ml,"€ 266,65 per litre"
Fou'Foune 05/08/2020 (20 | 20-21),"€ 64,99",Belgium,4.47,Brasserie Cantillon,6%,Lambic - Fruit,Bottle 750ml,"€ 86,65 per litre"
Fou'Foune 10/08/2020 (20 | 20-21),"€ 59,99",Belgium,4.47,Brasserie Cantillon,6%,Lambic - Fruit,Bottle 750ml,"€ 79,99 per litre"
Fou'Foune 13/08/2020 (20 | 20-21),"€ 64,99",Belgium,4.47,Brasserie Cantillon,6%,Lambic - Fruit,Bottle 750ml,"€ 86,65 per litre"
Schaarbeekse Kriek Oogst 2018 Toast 07/08/2019 Blend 99 18|19,"€ 69,99",Belgium,4.46,Brouwerij 3 Fonteinen,6.9%,Lambic - Kriek,Bottle 750ml,"€ 93,32 per litre"
Oude Geuze 30/10/2017 Blend 55 16|17,"€ 8,99",Belgium,4.46,Brouwerij 3 Fonteinen,5.3%,Lambic - Gueuze,Bottle 375ml,"€ 23,97 per litre"
Oude Geuze Cuvée Armand & Gaston 14/10/2016 Blend 1 (Blend #1) 16|17,"€ 29,99",Belgium,4.46,Brouwerij 3 Fonteinen,5.2%,Lambic - Gueuze,Bottle 750ml,"€ 39,99 per litre"
Framboos Oogst 2017 17/01/2018 Blend 16 17|18,"€ 64,99",Belgium,4.46,Brouwerij 3 Fonteinen,5.3%,Lambic - Framboise,Bottle 750ml,"€ 86,65 per litre"
Intens Rood 17/10/2018 Blend 85 17|18,"€ 33,99",Belgium,4.45,Brouwerij 3 Fonteinen,6.6%,Lambic - Kriek,Bottle 750ml,"€ 45,32 per litre"
Hommage 20/12/2016 Blend 11 16|17,"€ 44,99",Belgium,4.45,Brouwerij 3 Fonteinen,4.5%,Lambic - Framboise,Bottle 750ml,"€ 59,99 per litre"
Oude Geuze Golden Blend 08/02/2018 Blend 24 17|18,"€ 24,99",Belgium,4.45,Brouwerij 3 Fonteinen,6.7%,Lambic - Gueuze,Bottle 375ml,"€ 66,64 per litre"
Gueuze US label 11/01/2014 (13) Magnum,"€ 169,99",Belgium,4.45,Brasserie Cantillon,5%,Lambic - Gueuze,Bottle 375ml,"€ 66,64 per litre"
Schaarbeekse Kriek Oogst 2018 10/07/2019 Blend 90 18|19,"€ 64,99",Belgium,4.44,Brouwerij 3 Fonteinen,7.6%,Lambic - Kriek,Bottle 750ml,"€ 86,65 per litre"
Oude Geuze Vintage 09/02/2016 (2016) 15|16 (Exceptional storage potential),"€ 59,99",Belgium,4.44,Brouwerij 3 Fonteinen,7.3%,Lambic - Gueuze,Bottle 375ml,"€ 159,97 per litre"
De Cam Oude Geuze 2006,"€ 39,99",Belgium,4.44,Geuzestekerij De Cam,6.5%,Lambic - Gueuze,Bottle 750ml,"€ 53,32 per litre"
Tilquin Oude Gueuze à l'Ancienne – Cuvée du 10ème anniversaire  (Limited Edition) (#bottles: 4991),"€ 64,99",Belgium,4.44,Gueuzerie Tilquin,7%,Lambic - Gueuze,Bottle 750ml,"€ 86,65 per litre"
Zenne y Frontera Batch #7 Blend 92 18|19,"€ 84,99",Belgium,4.44,Brouwerij 3 Fonteinen,6.5%,Lambic - Gueuze,Bottle 750ml,"€ 113,32 per litre"
Fou'Foune 20/08/2019 (19 | 19-20),"€ 69,99",Belgium,4.44,Brasserie Cantillon,6%,Lambic - Fruit,Bottle 750ml,"€ 93,32 per litre"
Oude Geuze paper label 04/12/2013,"€ 64,99",Belgium,4.43,Brouwerij 3 Fonteinen,6%,Lambic - Gueuze,Bottle 750ml,"€ 86,65 per litre"
Oude Geuze Cuvée Armand & Gaston honey 28/02/2017 Blend 21 16|17,"€ 11,99",Belgium,4.43,Brouwerij 3 Fonteinen,5.5%,Lambic - Gueuze,Bottle 375ml,"€ 31,97 per litre"
Oude Geuze Cuvée Armand & Gaston 16/11/2016 Blend 06 16|17,"€ 21,99",Belgium,4.43,Brouwerij 3 Fonteinen,6.2%,Lambic - Gueuze,Bottle 750ml,"€ 29,32 per litre"
Tilquin Oude Gueuze à l'Ancienne Squared 2013-2014  (#bottles: 2500),"€ 99,99",Belgium,4.43,Gueuzerie Tilquin,7.6%,Lambic - Gueuze,Bottle 750ml,"€ 133,32 per litre"
Tilquin Oude Gueuze à l'Ancienne Squared 2013-2014  (#bottles: 5000),"€ 45,99",Belgium,4.43,Gueuzerie Tilquin,7.6%,Lambic - Gueuze,Bottle 375ml,"€ 122,64 per litre"
Oude Geuze Platinum Blend 12/06/2019 Blend 82 18|19,"€ 29,99",Belgium,4.43,Brouwerij 3 Fonteinen,6.7%,Lambic - Gueuze,Bottle 375ml,"€ 79,97 per litre"
Oude Geuze Cuvée Armand & Gaston 31/01/2018 Blend 22 17|18,"€ 19,99",Belgium,4.43,Brouwerij 3 Fonteinen,6.2%,Lambic - Gueuze,Bottle 750ml,"€ 26,65 per litre"
Schaarbeekse Kriek Oogst 2018 10/07/2019 Blend 89 18|19,"€ 64,99",Belgium,4.43,Brouwerij 3 Fonteinen,9.7%,Lambic - Kriek,Bottle 750ml,"€ 86,65 per litre"
Drogone Lambic 21/01/2021 (21 | 20-21),"€ 239,99",Belgium,4.42,Brasserie Cantillon,6.5%,Lambic - Fruit,Bottle 750ml,"€ 319,99 per litre"
Saint Lamvinus 05/12/2019 (19 | 19-20),"€ 71,99",Belgium,4.42,Brasserie Cantillon,7%,Lambic - Fruit,Bottle 750ml,"€ 95,99 per litre"
Saint Lamvinus 16/12/2019 (19 | 19-20),"€ 71,99",Belgium,4.42,Brasserie Cantillon,7%,Lambic - Fruit,Bottle 750ml,"€ 95,99 per litre"
Gueuze 31/01/2013 (13),"€ 44,99",Belgium,4.42,Brasserie Cantillon,5%,Lambic - Gueuze,Bottle 750ml,"€ 59,99 per litre"
Gueuze Belgian label 30/12/2013 (13),"€ 119,99",Belgium,4.42,Brasserie Cantillon,5%,Lambic - Gueuze,Bottle 750ml,"€ 159,99 per litre"
Oude Geuze Vintage 08/12/2014 (2014) 14|15 (Exceptional storage potential),"€ 59,99",Belgium,4.42,Brouwerij 3 Fonteinen,6%,Lambic - Gueuze,Bottle 375ml,"€ 159,97 per litre"
Oude Geuze Vintage honey 12/01/2015 (2015) 14|15,"€ 169,99",Belgium,4.42,Brouwerij 3 Fonteinen,6%,Lambic - Gueuze,Bottle 750ml,"€ 226,65 per litre"
50°N-4°E 10/03/2020 (20 | 19-20),"€ 89,99",Belgium,4.42,Brasserie Cantillon,7%,Lambic - Traditional,Bottle 750ml,"€ 119,99 per litre"
Oude Geuze paper label 05/01/2012,"€ 69,99",Belgium,4.42,Brouwerij 3 Fonteinen,6%,Lambic - Gueuze,Bottle 750ml,"€ 93,32 per litre"
Oude Geuze paper label 15/11/2012,"€ 29,99",Belgium,4.42,Brouwerij 3 Fonteinen,6%,Lambic - Gueuze,Bottle 375ml,"€ 79,97 per litre"
Oude Geuze 25/11/2016 Blend 8 16|17,"€ 16,99",Belgium,4.42,Brouwerij 3 Fonteinen,6.2%,Lambic - Gueuze,Bottle 750ml,"€ 22,65 per litre"
Oude Geuze Cuvée Armand & Gaston 21/02/2018 Blend 25 17|18 Magnum,"€ 59,99",Belgium,4.42,Brouwerij 3 Fonteinen,6.2%,Lambic - Gueuze,,
Oude Geuze Golden Blend 16/07/2019 Blend 91 18|19,"€ 59,99",Belgium,4.42,Brouwerij 3 Fonteinen,8.4%,Lambic - Gueuze,Bottle 750ml,"€ 79,99 per litre"
Rosé de Gambrinus 16/01/2018 (17 | 17-18),"€ 30,99",Belgium,4.41,Brasserie Cantillon,5%,Lambic - Framboise,Bottle 750ml,"€ 41,32 per litre"
Zenne y Frontera Batch #9 Blend 94 18|19,"€ 84,99",Belgium,4.41,Brouwerij 3 Fonteinen,6.8%,Lambic - Gueuze,Bottle 750ml,"€ 113,32 per litre"
Lambic d'Aunis 03/11/2020 (20 | 20-21),"€ 169,99",Belgium,4.41,Brasserie Cantillon,6.5%,Lambic - Fruit,Bottle 750ml,"€ 226,65 per litre"
Saint Lamvinus 05/11/2018 (18 | 18-19),"€ 73,99",Belgium,4.41,Brasserie Cantillon,7.5%,Lambic - Fruit,Bottle 750ml,"€ 98,65 per litre"
Kriek Whisky à la Belge (19 | 19-20) (#bottles: 1082),"€ 109,99",Belgium,4.41,Brasserie Cantillon,5.5%,Lambic - Kriek,Bottle 375ml,"€ 293,31 per litre"
Oude Geuze Cuvée Armand & Gaston 08/03/2017 Blend 23 16|17 Magnum,"€ 64,99",Belgium,4.41,Brouwerij 3 Fonteinen,5.1%,Lambic - Gueuze,Bottle 1500ml,"€ 43,33 per litre"
Oude Geuze Cuvée Armand & Gaston honey 22/05/2018 Blend 57 17|18,"€ 10,99",Belgium,4.41,Brouwerij 3 Fonteinen,6.8%,Lambic - Gueuze,Bottle 375ml,"€ 29,31 per litre"
Zenne y Frontera Batch #8 Blend 93 18|19,"€ 84,99",Belgium,4.41,Brouwerij 3 Fonteinen,6.7%,Lambic - Gueuze,Bottle 750ml,"€ 113,32 per litre"
Saint Lamvinus 17/12/2020 (20 | 20-21),"€ 69,99",Belgium,4.40,Brasserie Cantillon,7%,Lambic - Fruit,Bottle 750ml,"€ 93,32 per litre"
Grand Cru Bruocsella Brut 19/03/2018 (18 | 17-18) (UNLIMITED STORAGE) (Batch #1),"€ 189,99",Belgium,4.40,Brasserie Cantillon,5%,Lambic - Traditional,Bottle 750ml,"€ 253,32 per litre"
Brabantiae 20/11/2018 (18 | 18-19),"€ 99,99",Belgium,4.40,Brasserie Cantillon,6%,Lambic - Gueuze,Bottle 750ml,"€ 133,32 per litre"
Loerik 27/12/2018 (18 | 18-19),"€ 179,99",Belgium,4.40,Brasserie Cantillon,5%,Lambic - Gueuze,Bottle 750ml,"€ 239,99 per litre"
Loerik 27/12/2018 (19 | 18-19),"€ 179,99",Belgium,4.40,Brasserie Cantillon,5%,Lambic - Gueuze,Bottle 750ml,"€ 239,99 per litre"
Oude Geuze paper label 11/12/2015,"€ 54,99",Belgium,4.40,Brouwerij 3 Fonteinen,6%,Lambic - Gueuze,Bottle 750ml,"€ 73,32 per litre"
Oude Geuze paper label 12/12/2015,"€ 54,99",Belgium,4.40,Brouwerij 3 Fonteinen,6%,Lambic - Gueuze,Bottle 750ml,"€ 73,32 per litre"
Oude Geuze paper label 29/10/2015,"€ 23,99",Belgium,4.40,Brouwerij 3 Fonteinen,6%,Lambic - Gueuze,Bottle 375ml,"€ 63,97 per litre"
Oude Geuze Cuvée Armand & Gaston honey 09/11/2017 Blend 56 16|17,"€ 11,99",Belgium,4.40,Brouwerij 3 Fonteinen,5.5%,Lambic - Gueuze,Bottle 375ml,"€ 31,97 per litre"
50°N-4°E 10/03/2020 (19 | 19-20),"€ 99,99",Belgium,4.40,Brasserie Cantillon,7%,Lambic - Traditional,Bottle 750ml,"€ 133,32 per litre"
50°N-4°E 28/02/2020 (19 | 19-20),"€ 89,99",Belgium,4.40,Brasserie Cantillon,7%,Lambic - Traditional,Bottle 750ml,"€ 119,99 per litre"
Oude Kriek paper label 02/11/2016,"€ 29,99",Belgium,4.39,Brouwerij 3 Fonteinen,6%,Lambic - Kriek,Bottle 750ml,"€ 39,99 per litre"
Vigneronne old label 12/10/2018 (18 | 18-19),"€ 89,99",Belgium,4.39,Brasserie Cantillon,6.5%,Lambic - Fruit,Bottle 750ml,"€ 119,99 per litre"
Vigneronne old label 15/10/2018 (18 | 18-19),"€ 89,99",Belgium,4.39,Brasserie Cantillon,6.5%,Lambic - Fruit,Bottle 750ml,"€ 119,99 per litre"
Magic Lambic 24/06/2020 (20 | 19-20),"€ 249,99",Belgium,4.39,Brasserie Cantillon,5.5%,Lambic - Framboise,Bottle 750ml,"€ 333,32 per litre"
Speling van het Lot IX.IV 22/11/2018 Blend 4 18|19 (#bottles: 1.299),"€ 64,99",Belgium,4.38,Brouwerij 3 Fonteinen,5.9%,Lambic - Fruit,Bottle 750ml,"€ 86,65 per litre"
Tilquin Oude Pinot Noir 2017-2018,"€ 43,99",Belgium,4.38,Gueuzerie Tilquin,8.2%,Lambic - Fruit,Bottle 750ml,"€ 58,65 per litre"
Hommage Bio Frambozen 24/01/2019 Blend 33 18|19,"€ 41,99",Belgium,4.38,Brouwerij 3 Fonteinen,5.8%,Lambic - Framboise,Bottle 750ml,"€ 55,99 per litre"
Oude Geuze 23/11/2017 Blend 59 16|17,"€ 16,99",Belgium,4.38,Brouwerij 3 Fonteinen,6.3%,Lambic - Gueuze,Bottle 750ml,"€ 22,65 per litre"
Gueuze 10/10/2014 (14),"€ 39,99",Belgium,4.37,Brasserie Cantillon,5%,Lambic - Gueuze,Bottle 750ml,"€ 53,32 per litre"
Gueuze 29/09/2014 (14),"€ 24,99",Belgium,4.37,Brasserie Cantillon,5%,Lambic - Gueuze,Bottle 375ml,"€ 66,64 per litre"
Oude Geuze Golden Blend paper label 05/02/2016 (Batch #2),"€ 79,99",Belgium,4.37,Brouwerij 3 Fonteinen,6%,Lambic - Gueuze,Bottle 750ml,"€ 106,65 per litre"
Gueuze 02/03/2015 (15),"€ 19,99",Belgium,4.37,Brasserie Cantillon,5%,Lambic - Gueuze,Bottle 375ml,"€ 53,31 per litre"
Gueuze 29/05/2015 (15),"€ 34,99",Belgium,4.37,Brasserie Cantillon,5%,Lambic - Gueuze,Bottle 750ml,"€ 46,65 per litre"
Speling van het Lot IX.X 13/05/2019 Blend 73 18|19 (#bottles: 726),"€ 64,99",Belgium,4.37,Brouwerij 3 Fonteinen,6.1%,Lambic - Fruit,Bottle 750ml,"€ 86,65 per litre"
Tilquin Oude Pinot Gris 2018-2019,"€ 28,99",Belgium,4.37,Gueuzerie Tilquin,8%,Lambic - Fruit,Bottle 750ml,"€ 38,65 per litre"
Tilquin Oude Pinot Gris 2018-2019,"€ 28,99",Belgium,4.37,Gueuzerie Tilquin,8%,Lambic - Fruit,Bottle 750ml,"€ 38,65 per litre"
Pruim Reine Claude d'Oullins Toast new label 16/04/2020 Blend 64 19|20 (#bottles: 655),"€ 59,99",Belgium,4.36,Brouwerij 3 Fonteinen,6.7%,Lambic - Fruit,Bottle 750ml,"€ 79,99 per litre"
Oude Geuze Cuvée Armand & Gaston 27/01/2017 Blend 18 16|17 (Straffe Winter lambic),"€ 11,49",Belgium,4.36,Brouwerij 3 Fonteinen,5.5%,Lambic - Gueuze,Bottle 375ml,"€ 30,64 per litre"
Oude Geuze Golden Blend new label 17/02/2020 Blend 44 19|20 (Pajot-grown cereals among others Zeeuwe Witte wheat),"€ 54,99",Belgium,4.36,Brouwerij 3 Fonteinen,6.7%,Lambic - Gueuze,Bottle 750ml,"€ 73,32 per litre"
Menu Pineau 2019 18/11/2019 (19 | 19-20),"€ 299,99",Belgium,4.36,Brasserie Cantillon,6.5%,Lambic - Fruit,Bottle 750ml,"€ 399,99 per litre"
Oude Geuze 28/03/2017 Blend 26 16|17,"€ 16,99",Belgium,4.36,Brouwerij 3 Fonteinen,5.3%,Lambic - Gueuze,Bottle 750ml,"€ 22,65 per litre"
Robijn Toast 07/08/2019 Blend 100 18|19,"€ 41,99",Belgium,4.36,Brouwerij 3 Fonteinen,7.4%,Lambic - Kriek,Bottle 750ml,"€ 55,99 per litre"
Robijn Toast 28/08/2019 Blend 104 18|19,"€ 41,99",Belgium,4.36,Brouwerij 3 Fonteinen,6.4%,Lambic - Kriek,Bottle 750ml,"€ 55,99 per litre"
Oude Geuze paper label 17/03/2016,"€ 21,99",Belgium,4.35,Brouwerij 3 Fonteinen,6%,Lambic - Gueuze,Bottle 375ml,"€ 58,64 per litre"
Oude Geuze paper label 20/04/2016,"€ 49,99",Belgium,4.35,Brouwerij 3 Fonteinen,6%,Lambic - Gueuze,Bottle 750ml,"€ 66,65 per litre"
Oude Geuze paper label 23/03/2016,"€ 49,99",Belgium,4.35,Brouwerij 3 Fonteinen,6%,Lambic - Gueuze,Bottle 750ml,"€ 66,65 per litre"
Oude Geuze paper label 27/04/2016,"€ 49,99",Belgium,4.35,Brouwerij 3 Fonteinen,6%,Lambic - Gueuze,Bottle 750ml,"€ 66,65 per litre"
Tilquin Oude Quetsche (Prunes de Namur) 2014-2015,"€ 29,99",Belgium,4.35,Gueuzerie Tilquin,6.4%,Lambic - Fruit,Bottle 750ml,"€ 39,99 per litre"
Tilquin Oude Mûre 2014-2015  (Batch#1),"€ 29,99",Belgium,4.35,Gueuzerie Tilquin,6.4%,Lambic - Fruit,Bottle 750ml,"€ 39,99 per litre"
Speling van het Lot new label XI.V 15/01/2020 Blend 24 19|20 (#bottle: 708/969),"€ 64,99",Belgium,4.35,Brouwerij 3 Fonteinen,7.9%,Lambic - Fruit,Bottle 750ml,"€ 86,65 per litre"
Oude Geuze Golden Blend new label 11/02/2020 Blend 37 19|20 (De Troch lambik),"€ 54,99",Belgium,4.35,Brouwerij 3 Fonteinen,6.6%,Lambic - Gueuze,Bottle 750ml,"€ 73,32 per litre"
Kriek 17/03/2020 (19 | 19-20),"€ 24,99",Belgium,4.34,Brasserie Cantillon,6%,Lambic - Kriek,Bottle 750ml,"€ 33,32 per litre"
Oude Geuze 04/04/2018 Blend 44 17|18,"€ 14,99",Belgium,4.34,Brouwerij 3 Fonteinen,6.3%,Lambic - Gueuze,Bottle 750ml,"€ 19,99 per litre"
Tilquin Oude Pinot Noir 2018-2019,"€ 26,99",Belgium,4.34,Gueuzerie Tilquin,7.8%,Lambic - Fruit,Bottle 750ml,"€ 35,99 per litre"
Tilquin Oude Pinot Noir 2018-2019,"€ 26,99",Belgium,4.34,Gueuzerie Tilquin,7.8%,Lambic - Fruit,Bottle 750ml,"€ 35,99 per litre"
Oude Geuze Cuvée Armand & Gaston 04/03/2019 Blend 49 18|19 Magnum,"€ 54,99",Belgium,4.34,Brouwerij 3 Fonteinen,7.2%,Lambic - Gueuze,Bottle 1500ml,"€ 36,66 per litre"
Oude Geuze paper label 10/01/2007,"€ 39,99",Belgium,4.34,Brouwerij 3 Fonteinen,6%,Lambic - Gueuze,Bottle 375ml,"€ 106,64 per litre"
Oude Geuze paper label 26/02/2007,"€ 99,99",Belgium,4.34,Brouwerij 3 Fonteinen,6%,Lambic - Gueuze,Bottle 750ml,"€ 133,32 per litre"
Gueuze 01/02/2016 (16 | 15-16),"€ 14,50",Belgium,4.34,Brasserie Cantillon,5.5%,Lambic - Gueuze,Bottle 375ml,"€ 38,67 per litre"
Gueuze 17/05/2016 (16 | 15-16),"€ 14,50",Belgium,4.34,Brasserie Cantillon,5.5%,Lambic - Gueuze,Bottle 375ml,"€ 38,67 per litre"
Kriek 23/06/2020 (20 | 19-20),"€ 24,99",Belgium,4.34,Brasserie Cantillon,6%,Lambic - Kriek,Bottle 750ml,"€ 33,32 per litre"
De Cam Oude Lambiek 2001,"€ 47,99",Belgium,4.34,Geuzestekerij De Cam,5%,Lambic - Traditional,Bottle 750ml,"€ 63,99 per litre"
Lambic d'Aunis 17/11/2019 (19 | 19-20),"€ 179,99",Belgium,4.34,Brasserie Cantillon,6.5%,Lambic - Fruit,Bottle 750ml,"€ 239,99 per litre"
Speling van het Lot XII.I 13/12/2018 Blend 15 18|19 (#bottles: 1.088),"€ 64,99",Belgium,4.34,Brouwerij 3 Fonteinen,5.9%,Lambic - Fruit,Bottle 750ml,"€ 86,65 per litre"
Brabantiae 18/11/2018 (18 | 18-19),"€ 99,99",Belgium,4.34,Brasserie Cantillon,5%,Lambic - Gueuze,Bottle 750ml,"€ 133,32 per litre"
Oude Geuze Golden Blend new label 23/01/2020 Blend 31 19|20,"€ 54,99",Belgium,4.33,Brouwerij 3 Fonteinen,6.7%,Lambic - Gueuze,Bottle 750ml,"€ 73,32 per litre"
Hommage 28/11/2018 Blend 9 18|19,"€ 39,99",Belgium,4.33,Brouwerij 3 Fonteinen,6%,Lambic - Fruit,Bottle 750ml,"€ 53,32 per litre"
Oude Geuze 29/03/2017 Blend 27 16|17,"€ 16,99",Belgium,4.33,Brouwerij 3 Fonteinen,5%,Lambic - Gueuze,Bottle 750ml,"€ 22,65 per litre"
Rosé de Gambrinus 05/11/2019 (19 | 19-20),"€ 26,99",Belgium,4.33,Brasserie Cantillon,5%,Lambic - Framboise,Bottle 750ml,"€ 35,99 per litre"
Rosé de Gambrinus 07/01/2019 (18 | 18-19),"€ 28,99",Belgium,4.33,Brasserie Cantillon,5%,Lambic - Framboise,Bottle 750ml,"€ 38,65 per litre"
Rosé de Gambrinus 20/12/2019 (19 | 19-20),"€ 26,99",Belgium,4.33,Brasserie Cantillon,5%,Lambic - Framboise,Bottle 750ml,"€ 35,99 per litre"
Speling van het Lot IX.IX 01/03/2019 Blend 47 18|19 (#bottles: 939),"€ 64,99",Belgium,4.33,Brouwerij 3 Fonteinen,5.9%,Lambic - Fruit,Bottle 750ml,"€ 86,65 per litre"
De Cam Oude Geuze Editie Gooikoorts 2018 (Batch #1) (#bottles: 5000),"€ 49,99",Belgium,4.33,Geuzestekerij De Cam,6%,Lambic - Gueuze,Bottle 750ml,"€ 66,65 per litre"
Vigneronne 12/10/2020 (20 | 20-21),"€ 64,99",Belgium,4.33,Brasserie Cantillon,6.5%,Lambic - Fruit,Bottle 750ml,"€ 86,65 per litre"
Oude Geuze VAT 108 Monoblend 20/12/2016,"€ 14,99",Belgium,4.33,Brouwerij Boon,8%,Lambic - Gueuze,Bottle 375ml,"€ 39,97 per litre"
Tilquin Oude Mûre 2015-2016,"€ 9,99",Belgium,4.33,Gueuzerie Tilquin,6.4%,Lambic - Fruit,Bottle 375ml,"€ 26,64 per litre"
Tilquin Oude Mûre 2015-2016,"€ 9,99",Belgium,4.33,Gueuzerie Tilquin,6.4%,Lambic - Fruit,Bottle 375ml,"€ 26,64 per litre"
Tilquin Oude Mûre 2015-2016,"€ 27,99",Belgium,4.33,Gueuzerie Tilquin,6.4%,Lambic - Fruit,Bottle 750ml,"€ 37,32 per litre"
Lilly 25/04/2020 Magnum,"€ 119,99",Netherlands,4.33,Tommie Sjef,6.3%,Wild Ale - Other,Bottle 750ml,"€ 37,32 per litre"
Lambic d'Aunis 17/11/2018 (18 | 18-19),"€ 189,99",Belgium,4.33,Brasserie Cantillon,6.5%,Lambic - Fruit,Bottle 750ml,"€ 253,32 per litre"
Tilquin Oude Quetsche 2012-2013  (Batch#1),"€ 17,49",Belgium,4.33,Gueuzerie Tilquin,6.4%,Lambic - Fruit,Bottle 375ml,"€ 46,64 per litre"
Gueuze 07/12/2017 (17 | 17-18),"€ 12,50",Belgium,4.32,Brasserie Cantillon,5.5%,Lambic - Gueuze,Bottle 375ml,"€ 33,33 per litre"
Gueuze 12/03/2018 (18 | 17-18),"€ 12,50",Belgium,4.32,Brasserie Cantillon,5.5%,Lambic - Gueuze,Bottle 375ml,"€ 33,33 per litre"
Gueuze 16/06/2017 (17 | 16-17) (LOGO MISSING ON BOTTLE CAP),"€ 27,99",Belgium,4.32,Brasserie Cantillon,5.5%,Lambic - Gueuze,Bottle 750ml,"€ 37,32 per litre"
Gueuze 22/02/2017 (17 | 16-17),"€ 27,99",Belgium,4.32,Brasserie Cantillon,5.5%,Lambic - Gueuze,Bottle 750ml,"€ 37,32 per litre"
Gueuze 29/03/2017 (17 | 16-17),"€ 13,50",Belgium,4.32,Brasserie Cantillon,5.5%,Lambic - Gueuze,Bottle 375ml,"€ 36,00 per litre"
Gueuze 29/11/2017 (17 | 17-18),"€ 12,50",Belgium,4.32,Brasserie Cantillon,5.5%,Lambic - Gueuze,Bottle 375ml,"€ 33,33 per litre"
Oude Geuze Cuvée Armand & Gaston 26/09/2018 Blend 79 17|18,"€ 10,49",Belgium,4.32,Brouwerij 3 Fonteinen,6.3%,Lambic - Gueuze,Bottle 375ml,"€ 27,97 per litre"
Oude Geuze Cuvée Armand & Gaston new label 04/03/2020 Blend 57 19|20 (Pajottenland grown wheat),"€ 15,99",Belgium,4.32,Brouwerij 3 Fonteinen,7.6%,Lambic - Gueuze,Bottle 750ml,"€ 21,32 per litre"
Mamouche 28/05/2020 (20 | 19-20),"€ 64,99",Belgium,4.32,Brasserie Cantillon,5.5%,Lambic - Other,Bottle 750ml,"€ 86,65 per litre"
Schaerbeekse Krieken 02/2017,"€ 10,99",Belgium,4.32,Hanssens Artisanaal,6%,Lambic - Kriek,Bottle 375ml,"€ 29,31 per litre"
Oude Geuze Cuvée Armand & Gaston paper label 06/10/2015 (Batch #1),"€ 119,99",Belgium,4.32,Brouwerij 3 Fonteinen,5.5%,Lambic - Gueuze,Bottle 750ml,"€ 159,99 per litre"
Oude Geuze Cuvée Armand & Gaston paper label 10/12/2015 (Batch #2),"€ 34,99",Belgium,4.32,Brouwerij 3 Fonteinen,5.5%,Lambic - Gueuze,Bottle 375ml,"€ 93,31 per litre"
De Cam Lambiek Special 2015,"€ 39,99",Belgium,4.32,Geuzestekerij De Cam,5.5%,Lambic - Fruit,Bottle 750ml,"€ 53,32 per litre"
Rosé de Gambrinus 05/01/2021 (20 | 20-21),"€ 24,99",Belgium,4.32,Brasserie Cantillon,5%,Lambic - Framboise,Bottle 750ml,"€ 33,32 per litre"
Rosé de Gambrinus 17/02/2020 (20 | 19-20),"€ 26,99",Belgium,4.32,Brasserie Cantillon,5%,Lambic - Framboise,Bottle 750ml,"€ 35,99 per litre"
Grand Cru Bruocsella Brut 16/06/2020 (20 | 19-20) (UNLIMITED STORAGE) (Batch #3),"€ 159,99",Belgium,4.32,Brasserie Cantillon,5.5%,Lambic - Traditional,Bottle 750ml,"€ 213,32 per litre"
50°N-4°E 04/12/2018 (18 | 18-19),"€ 104,99",Belgium,4.31,Brasserie Cantillon,7%,Lambic - Traditional,Bottle 750ml,"€ 139,99 per litre"
Vigneronne 10/10/2019 (19 | 19-20),"€ 66,99",Belgium,4.31,Brasserie Cantillon,6.5%,Lambic - Fruit,Bottle 750ml,"€ 89,32 per litre"
Tilquin Oude Pinot Gris 2019-2020,"€ 26,99",Belgium,4.31,Gueuzerie Tilquin,8.5%,Lambic - Fruit,Bottle 750ml,"€ 35,99 per litre"
Tilquin Oude Pinot Gris 2019-2020,"€ 26,99",Belgium,4.31,Gueuzerie Tilquin,8.5%,Lambic - Fruit,Bottle 750ml,"€ 35,99 per litre"
Tilquin Oude Gueuze à l'Ancienne 2015-2016,"€ 12,49",Belgium,4.31,Gueuzerie Tilquin,6.4%,Lambic - Gueuze,Bottle 375ml,"€ 33,31 per litre"
Tilquin Oude Gueuze à l'Ancienne 2015-2016,"€ 12,49",Belgium,4.31,Gueuzerie Tilquin,6.4%,Lambic - Gueuze,Bottle 375ml,"€ 33,31 per litre"
Oude Geuze Cuvée Armand & Gaston 21/02/2019 Blend 55 18|19,"€ 9,49",Belgium,4.31,Brouwerij 3 Fonteinen,7.3%,Lambic - Gueuze,Bottle 375ml,"€ 25,31 per litre"
Grand Cru Bruocsella Brut 23/05/2019 (19 | 18-19) (UNLIMITED STORAGE) (Batch #2),"€ 169,99",Belgium,4.31,Brasserie Cantillon,5.5%,Lambic - Traditional,Bottle 750ml,"€ 226,65 per litre"
Pruim Conducta Toast new label 26/02/2020 Blend 48 19|20 (#bottles: 880),"€ 59,99",Belgium,4.31,Brouwerij 3 Fonteinen,6.6%,Lambic - Fruit,Bottle 750ml,"€ 79,99 per litre"
Hommage 13/09/2018 Blend 75 17|18,"€ 26,99",Belgium,4.31,Brouwerij 3 Fonteinen,5.6%,Lambic - Fruit,Bottle 375ml,"€ 71,97 per litre"
Speling van het Lot IX.VIII 19/12/2018 Blend 17 18|19 (#bottles: 246),"€ 99,99",Belgium,4.31,Brouwerij 3 Fonteinen,4.9%,Lambic - Fruit,Bottle 750ml,"€ 133,32 per litre"
Tilquin Oude Gueuze à l'Ancienne 2014-2015,"€ 13,49",Belgium,4.31,Gueuzerie Tilquin,6.4%,Lambic - Gueuze,Bottle 375ml,"€ 35,97 per litre"
Horal Toer de Geuze Oude Geuze Megablend 2009,"€ 89,99",Belgium,4.31,Brouwerij 3 Fonteinen/ Brouwerij Boon/ Brouwerij De Troch/ Brouwerij Lindemans/ + 4 breweries,7%,Lambic - Gueuze,Bottle 750ml,"€ 119,99 per litre"
De Cam Framboise-Vlier 2019,"€ 29,99",Belgium,4.30,Geuzestekerij De Cam,6%,Lambic - Fruit,Bottle 750ml,"€ 39,99 per litre"
Tilquin Oude Quetsche 2015-2016,"€ 27,99",Belgium,4.30,Gueuzerie Tilquin,6.4%,Lambic - Fruit,Bottle 750ml,"€ 37,32 per litre"
Oude Geuze Cuvée Armand & Gaston 22/03/2019 Blend 41 18|19,"€ 9,49",Belgium,4.30,Brouwerij 3 Fonteinen,6.5%,Lambic - Gueuze,Bottle 375ml,"€ 25,31 per litre"
Grand Cru Bruocsella Brut 03/06/2021 (21 | 20-21) (UNLIMITED STORAGE) (Batch #4),"€ 149,99",Belgium,4.30,Brasserie Cantillon,5.5%,Lambic - Traditional,Bottle 750ml,"€ 199,99 per litre"
Oude Geuze 02/04/2019 Blend 62 18|19,"€ 12,99",Belgium,4.30,Brouwerij 3 Fonteinen,6.8%,Lambic - Gueuze,Bottle 750ml,"€ 17,32 per litre"
De Cam Framboise Lambiek 2016,"€ 29,99",Belgium,4.30,Geuzestekerij De Cam,6%,Lambic - Framboise,Bottle 750ml,"€ 39,99 per litre"
Oude Kriek new label 08/01/2020 Blend 16 19|20,"€ 19,99",Belgium,4.30,Brouwerij 3 Fonteinen,7%,Lambic - Kriek,Bottle 750ml,"€ 26,65 per litre"
Aardbei/Kriek Bio Aardbeien Toast 13/08/2019 Blend 101 18|19,"€ 37,99",Belgium,4.30,Brouwerij 3 Fonteinen,6.4%,Lambic - Fruit,Bottle 750ml,"€ 50,65 per litre"
Speling van het Lot VII.XI 18/10/2018 Blend 87 17|18 (#bottles: 1.000),"€ 69,99",Belgium,4.29,Brouwerij 3 Fonteinen,6.5%,Lambic - Fruit,Bottle 750ml,"€ 93,32 per litre"
Tilquin Oude Quetsche 2014-2015,"€ 15,49",Belgium,4.29,Gueuzerie Tilquin,6.4%,Lambic - Fruit,Bottle 375ml,"€ 41,31 per litre"
Intens Rood 20/09/2019 Blend 112 18|19,"€ 31,99",Belgium,4.29,Brouwerij 3 Fonteinen,6.5%,Lambic - Kriek,Bottle 750ml,"€ 42,65 per litre"
Cuvée Sint-Gilloise 30/12/2016 (16 | 16-17),"€ 32,99",Belgium,4.29,Brasserie Cantillon,5%,Lambic - Traditional,Bottle 750ml,"€ 43,99 per litre"
Oude Kriek new label 17/12/2019 Blend 13 19|20 Magnum,"€ 54,99",Belgium,4.29,Brouwerij 3 Fonteinen,7.2%,Lambic - Kriek,Bottle 1500ml,"€ 36,66 per litre"
Oude Geuze Cuvée Armand & Gaston 13/12/2018 Blend 14 18|19,"€ 17,99",Belgium,4.29,Brouwerij 3 Fonteinen,7.3%,Lambic - Gueuze,Bottle 750ml,"€ 23,99 per litre"
Nath 2020 16/06/2020 (20 | 19-20),"€ 64,99",Belgium,4.29,Brasserie Cantillon,5.5%,Lambic - Other,Bottle 750ml,"€ 86,65 per litre"
Nath 2020 17/06/2020 (20 | 19-20),"€ 64,99",Belgium,4.29,Brasserie Cantillon,5.5%,Lambic - Other,Bottle 750ml,"€ 86,65 per litre"
Mamouche 11/06/2019 (19 | 18-19),"€ 66,99",Belgium,4.29,Brasserie Cantillon,5%,Lambic - Other,Bottle 750ml,"€ 89,32 per litre"
Oude Geuze Cuvée Armand & Gaston 28/01/2019 Blend 36 18|19,"€ 17,99",Belgium,4.29,Brouwerij 3 Fonteinen,6.8%,Lambic - Gueuze,Bottle 750ml,"€ 23,99 per litre"
Aardbei Bio Aardbeien Toast 30/07/2019 Blend 97 18|19,"€ 37,99",Belgium,4.29,Brouwerij 3 Fonteinen,5.8%,Lambic - Fruit,Bottle 750ml,"€ 50,65 per litre"
Tilquin Oude Riesling 2019-2020  (Batch #1),"€ 41,99",Belgium,4.29,Gueuzerie Tilquin,7.7%,Lambic - Fruit,Bottle 750ml,"€ 55,99 per litre"
Tilquin Oude Riesling 2019-2020  (Batch #1),"€ 41,99",Belgium,4.29,Gueuzerie Tilquin,7.7%,Lambic - Fruit,Bottle 750ml,"€ 55,99 per litre"
Tilquin Oude Gueuze à l'Ancienne 2012-2013,"€ 15,49",Belgium,4.29,Gueuzerie Tilquin,6.4%,Lambic - Gueuze,Bottle 375ml,"€ 41,31 per litre"
Hommage 09/05/2019 Blend 71 18|19,"€ 39,99",Belgium,4.29,Brouwerij 3 Fonteinen,5.8%,Lambic - Framboise,Bottle 750ml,"€ 53,32 per litre"
Hommage 11/12/2019 Blend 10 19|20 Magnum,"€ 74,99",Belgium,4.29,Brouwerij 3 Fonteinen,6.7%,Lambic - Framboise,Bottle 750ml,"€ 53,32 per litre"
Tilquin Oude Pinot Noir 2016-2017,"€ 45,99",Belgium,4.28,Gueuzerie Tilquin,7.7%,Lambic - Fruit,Bottle 750ml,"€ 61,32 per litre"
Oude Geuze Cuvée Armand & Gaston 20/03/2019 Blend 54 18|19,"€ 17,99",Belgium,4.28,Brouwerij 3 Fonteinen,7.4%,Lambic - Gueuze,Bottle 750ml,"€ 23,99 per litre"
Nath 2017 04/07/2017 (17 | 16-17) (LOGO MISSING ON BOTTLE CAP),"€ 79,99",Belgium,4.28,Brasserie Cantillon,5.5%,Lambic - Other,Bottle 750ml,"€ 106,65 per litre"
Oude Geuze Cuvée Armand & Gaston 07/03/2017 Blend 22 16|17 Magnum,"€ 64,99",Belgium,4.28,Brouwerij 3 Fonteinen,5.3%,Lambic - Gueuze,Bottle 750ml,"€ 106,65 per litre"
Pruim Conducta Toast new label 26/02/2020 Blend 50 19|20 (#bottles: 724),"€ 59,99",Belgium,4.28,Brouwerij 3 Fonteinen,7%,Lambic - Fruit,Bottle 750ml,"€ 79,99 per litre"
Oude Geuze 23/05/2019 Blend 76 18|19 (Amontillado Barrel),"€ 6,99",Belgium,4.28,Brouwerij 3 Fonteinen,7.4%,Lambic - Gueuze,Bottle 375ml,"€ 18,64 per litre"
Intens Rood new label 30/09/2020 Blend 78 19|20,"€ 29,99",Belgium,4.28,Brouwerij 3 Fonteinen,7%,Lambic - Kriek,Bottle 750ml,"€ 39,99 per litre"
Hommage 30/08/2019 Blend 106 18|19,"€ 39,99",Belgium,4.28,Brouwerij 3 Fonteinen,5.3%,Lambic - Framboise,Bottle 750ml,"€ 53,32 per litre"
Gueuze 03/09/2018 (18 | 18-19),"€ 23,99",Belgium,4.28,Brasserie Cantillon,5.5%,Lambic - Gueuze,Bottle 750ml,"€ 31,99 per litre"
Gueuze 06/12/2018 (18 | 18-19),"€ 11,50",Belgium,4.28,Brasserie Cantillon,5.5%,Lambic - Gueuze,Bottle 375ml,"€ 30,67 per litre"
Gueuze 12/11/2018 (18 | 18-19),"€ 23,99",Belgium,4.28,Brasserie Cantillon,5.5%,Lambic - Gueuze,Bottle 750ml,"€ 31,99 per litre"
Gueuze 15/05/2018 (18 | 17-18),"€ 25,99",Belgium,4.28,Brasserie Cantillon,5.5%,Lambic - Gueuze,Bottle 750ml,"€ 34,65 per litre"
Gueuze 17/05/2018 (18 | 17-18),"€ 25,99",Belgium,4.28,Brasserie Cantillon,5.5%,Lambic - Gueuze,Bottle 750ml,"€ 34,65 per litre"
Gueuze 23/02/2018 (18 | 17-18) (NUMBERED BOTTLE) Magnum,"€ 109,99",Belgium,4.28,Brasserie Cantillon,5.5%,Lambic - Gueuze,Bottle 750ml,"€ 34,65 per litre"
Gueuze 25/09/2018 (18 | 18-19),"€ 23,99",Belgium,4.28,Brasserie Cantillon,5.5%,Lambic - Gueuze,Bottle 750ml,"€ 31,99 per litre"
Rosé de Gambrinus 03/09/2013 (13),"€ 29,99",Belgium,4.27,Brasserie Cantillon,5%,Lambic - Framboise,Bottle 375ml,"€ 79,97 per litre"
Iris 25/03/2020 (20 | 19-20),"€ 34,99",Belgium,4.27,Brasserie Cantillon,6.5%,Lambic - Traditional,Bottle 750ml,"€ 46,65 per litre"
Iris 09/03/2016 (16 | 15-16),"€ 42,99",Belgium,4.27,Brasserie Cantillon,6%,Lambic - Traditional,Bottle 750ml,"€ 57,32 per litre"
Iris 26/12/2016 (16 | 16-17),"€ 40,99",Belgium,4.27,Brasserie Cantillon,6%,Lambic - Traditional,Bottle 750ml,"€ 54,65 per litre"
Nath 2021 18/06/2021 (21 | 20-21),"€ 59,99",Belgium,4.27,Brasserie Cantillon,5.5%,Lambic - Other,Bottle 750ml,"€ 79,99 per litre"
Oude Geuze Cuvée Armand & Gaston 20/10/2016 Blend 2 (Blend #2) 16|17,"€ 24,99",Belgium,4.27,Brouwerij 3 Fonteinen,7%,Lambic - Gueuze,Bottle 750ml,"€ 33,32 per litre"
Oude Geuze Cuvée Armand & Gaston honey 18/11/2019 Blend 4 19|20 (Coigneau hop),"€ 16,49",Belgium,4.27,Brouwerij 3 Fonteinen,7%,Lambic - Gueuze,Bottle 750ml,"€ 21,99 per litre"
Pruim Reine Claude d'Oullins Toast new label 15/01/2020 Blend 23 19|20 (#bottles: 650),"€ 59,99",Belgium,4.27,Brouwerij 3 Fonteinen,6.8%,Lambic - Fruit,Bottle 750ml,"€ 79,99 per litre"
Iris 25/02/2019 (19 | 18-19),"€ 36,99",Belgium,4.27,Brasserie Cantillon,6.5%,Lambic - Traditional,Bottle 750ml,"€ 49,32 per litre"
Oude Geuze 07/05/2019 Blend 69 18|19,"€ 12,99",Belgium,4.27,Brouwerij 3 Fonteinen,6.4%,Lambic - Gueuze,Bottle 750ml,"€ 17,32 per litre"
Hommage Bio Frambozen 18/09/2019 Blend 110 18|19,"€ 41,99",Belgium,4.27,Brouwerij 3 Fonteinen,8.8%,Lambic - Framboise,Bottle 750ml,"€ 55,99 per litre"
Cuvée Sint-Gilloise 15/01/2020 (20 | 19-20) (#bottles: 430) Magnum,"€ 249,99",Belgium,4.27,Brasserie Cantillon,5.5%,Lambic - Gueuze,Bottle 750ml,"€ 55,99 per litre"
Nath 2019 19/06/2019 (19 | 18-19),"€ 69,99",Belgium,4.27,Brasserie Cantillon,5.5%,Lambic - Other,Bottle 750ml,"€ 93,32 per litre"
Oude Geuze Cuvée Armand & Gaston 01/03/2019 Blend 48 18|19,"€ 17,99",Belgium,4.26,Brouwerij 3 Fonteinen,7%,Lambic - Gueuze,Bottle 750ml,"€ 23,99 per litre"
Oude Geuze 08/04/2019 Blend 64 18|19,"€ 6,99",Belgium,4.26,Brouwerij 3 Fonteinen,6.3%,Lambic - Gueuze,Bottle 375ml,"€ 18,64 per litre"
Sprong 24/10/2020,"€ 54,99",Netherlands,4.26,Tommie Sjef,6.6%,Wild Ale - Other,Bottle 750ml,"€ 73,32 per litre"
Speling van het Lot V.II 20/09/2017 Blend 49 16|17 (#bottles: 1.309),"€ 74,99",Belgium,4.26,Brouwerij 3 Fonteinen,6.3%,Lambic - Framboise,Bottle 750ml,"€ 99,99 per litre"
Oude Geuze 24/04/2019 Blend 67 18|19,"€ 12,99",Belgium,4.26,Brouwerij 3 Fonteinen,7%,Lambic - Gueuze,Bottle 750ml,"€ 17,32 per litre"
Nath 2018 26/06/2018 (18 | 17-18),"€ 74,99",Belgium,4.26,Brasserie Cantillon,5%,Lambic - Other,Bottle 750ml,"€ 99,99 per litre"
Gueuze 30/03/2020 (20 | 19-20),"€ 21,99",Belgium,4.26,Brasserie Cantillon,5.5%,Lambic - Gueuze,Bottle 750ml,"€ 29,32 per litre"
Oude Geuze 03/04/2019 Blend 63 18|19,"€ 12,99",Belgium,4.26,Brouwerij 3 Fonteinen,6.7%,Lambic - Gueuze,Bottle 750ml,"€ 17,32 per litre"
Oude Geuze 13/05/2019 Blend 72 18|19,"€ 12,99",Belgium,4.26,Brouwerij 3 Fonteinen,8.2%,Lambic - Gueuze,Bottle 750ml,"€ 17,32 per litre"
Tilquin Oude Pinot Noir 2019-2020,"€ 39,99",Belgium,4.26,Gueuzerie Tilquin,8.1%,Lambic - Fruit,Bottle 750ml,"€ 53,32 per litre"
Boon/Mikkeller Oude Geuze Bone Dry 2015,"€ 26,99",Belgium,4.26,Brouwerij Boon/ Mikkeller,7%,Lambic - Gueuze,Bottle 750ml,"€ 35,99 per litre"
Oude Kriek 23/10/2019 Blend 120 18|19,"€ 21,99",Belgium,4.26,Brouwerij 3 Fonteinen,7%,Lambic - Kriek,Bottle 750ml,"€ 29,32 per litre"
Tilquin Oude Mûre 2018-2019,"€ 21,99",Belgium,4.26,Gueuzerie Tilquin,6.4%,Lambic - Fruit,Bottle 750ml,"€ 29,32 per litre"
Olasz 18/02/2020,"€ 54,99",Netherlands,4.26,Tommie Sjef,8.5%,Wild Ale - Other,Bottle 750ml,"€ 73,32 per litre"
Oude Geuze Cuvée Armand & Gaston 26/04/2019 Blend 68 18|19,"€ 17,99",Belgium,4.25,Brouwerij 3 Fonteinen,6.7%,Lambic - Gueuze,Bottle 750ml,"€ 23,99 per litre"
Gueuze 03/09/2019 (19 | 19-20),"€ 21,99",Belgium,4.25,Brasserie Cantillon,5.5%,Lambic - Gueuze,Bottle 750ml,"€ 29,32 per litre"
Gueuze 14/10/2019 (19 | 19-20),"€ 21,99",Belgium,4.25,Brasserie Cantillon,5.5%,Lambic - Gueuze,Bottle 750ml,"€ 29,32 per litre"
Gueuze 21/05/2019 (19 | 18-19),"€ 23,99",Belgium,4.25,Brasserie Cantillon,5.5%,Lambic - Gueuze,Bottle 750ml,"€ 31,99 per litre"
Gueuze 27/03/2019 (19 | 18-19),"€ 11,50",Belgium,4.25,Brasserie Cantillon,5.5%,Lambic - Gueuze,Bottle 375ml,"€ 30,67 per litre"
Gueuze 27/03/2019 (19 | 18-19),"€ 23,99",Belgium,4.25,Brasserie Cantillon,5.5%,Lambic - Gueuze,Bottle 750ml,"€ 31,99 per litre"
Tilquin Oude Gueuze à l'Ancienne 2017-2018,"€ 10,99",Belgium,4.25,Gueuzerie Tilquin,7%,Lambic - Gueuze,Bottle 375ml,"€ 29,31 per litre"
Tilquin Oude Gueuze à l'Ancienne 2017-2018,"€ 10,49",Belgium,4.25,Gueuzerie Tilquin,7%,Lambic - Gueuze,Bottle 375ml,"€ 27,97 per litre"
Tilquin Oude Gueuze à l'Ancienne 2017-2018,"€ 19,99",Belgium,4.25,Gueuzerie Tilquin,7%,Lambic - Gueuze,Bottle 750ml,"€ 26,65 per litre"
Tilquin Oude Gueuze à l'Ancienne 2017-2018  Magnum,"€ 74,99",Belgium,4.25,Gueuzerie Tilquin,7%,Lambic - Gueuze,Bottle 750ml,"€ 26,65 per litre"
Hommage oogst 2019 honey new label 13/12/2019 Blend 12 19|20,"€ 39,99",Belgium,4.25,Brouwerij 3 Fonteinen,5.5%,Lambic - Framboise,Bottle 750ml,"€ 53,32 per litre"
Oude Geuze new label 28/10/2019 Blend 121 18|19,"€ 12,99",Belgium,4.25,Brouwerij 3 Fonteinen,6.6%,Lambic - Gueuze,Bottle 750ml,"€ 17,32 per litre"
De Cam Oude Geuze Editie Gooikoorts 2019 (Batch #2),"€ 12,49",Belgium,4.24,Geuzestekerij De Cam,6.8%,Lambic - Gueuze,Bottle 375ml,"€ 33,31 per litre"
De Cam Oude Geuze Editie Gooikoorts 2019 (Batch #2) (#bottles: 5000),"€ 34,99",Belgium,4.24,Geuzestekerij De Cam,6.8%,Lambic - Gueuze,Bottle 750ml,"€ 46,65 per litre"
Oude Geuze new label 07/02/2020 Blend 36 19|20,"€ 10,99",Belgium,4.24,Brouwerij 3 Fonteinen,6%,Lambic - Gueuze,Bottle 750ml,"€ 14,65 per litre"
Cuvée Sint-Gilloise 02/02/2021 (21 | 20-21),"€ 24,99",Belgium,4.24,Brasserie Cantillon,5.5%,Lambic - Traditional,Bottle 750ml,"€ 33,32 per litre"
Bramenlambik Oogst 19 Toast new label 28/01/2020 Blend 32 (Batch #1) 19|20,"€ 59,99",Belgium,4.24,Brouwerij 3 Fonteinen,5.1%,Lambic - Fruit,Bottle 750ml,"€ 79,99 per litre"
Gueuze new label 24/03/2021 (21 | 20-21),"€ 24,99",Belgium,4.24,Brasserie Cantillon,5.5%,Lambic - Gueuze,Bottle 750ml,"€ 33,32 per litre"
Oude Geuze Cuvée Armand & Gaston 08/05/2019 Blend 70 18|19,"€ 17,99",Belgium,4.24,Brouwerij 3 Fonteinen,6.5%,Lambic - Gueuze,Bottle 750ml,"€ 23,99 per litre"
Oude Geuze 28/05/2019 Blend 77 18|19,"€ 12,99",Belgium,4.24,Brouwerij 3 Fonteinen,6.2%,Lambic - Gueuze,Bottle 750ml,"€ 17,32 per litre"
Tilquin Oude Gueuze à l'Ancienne 2016-2017,"€ 11,99",Belgium,4.24,Gueuzerie Tilquin,6.4%,Lambic - Gueuze,Bottle 375ml,"€ 31,97 per litre"
Tilquin Oude Gueuze à l'Ancienne 2016-2017,"€ 11,49",Belgium,4.24,Gueuzerie Tilquin,6.4%,Lambic - Gueuze,Bottle 375ml,"€ 30,64 per litre"
Oude Geuze VAT 110 Monoblend 15/12/2016,"€ 14,99",Belgium,4.24,Brouwerij Boon,8%,Lambic - Gueuze,Bottle 375ml,"€ 39,97 per litre"
Robijn Toast 21/06/2019 Blend 84 18|19,"€ 41,99",Belgium,4.24,Brouwerij 3 Fonteinen,6.1%,Lambic - Kriek,Bottle 750ml,"€ 55,99 per litre"
Speling van het Lot XIV 07/06/2019 Blend 81 18|19 (#bottles: 722),"€ 64,99",Belgium,4.23,Brouwerij 3 Fonteinen,5%,Lambic - Traditional,Bottle 750ml,"€ 86,65 per litre"
De Cam Oude Geuze 2016,"€ 21,99",Belgium,4.23,Geuzestekerij De Cam,6%,Lambic - Gueuze,Bottle 750ml,"€ 29,32 per litre"
De Cam Oude Geuze 2016 (best before end L2040.7),"€ 21,99",Belgium,4.23,Geuzestekerij De Cam,6%,Lambic - Gueuze,Bottle 750ml,"€ 29,32 per litre"
Gueuze 21/10/2019 (19 | 19-20) (3 and 4-year old Lambic aged in cognac/port barrels),"€ 29,99",Belgium,4.23,Brasserie Cantillon,5.5%,Lambic - Gueuze,Bottle 750ml,"€ 39,99 per litre"
Druif Muscat Bleu Toast new label 25/02/2020 Blend 47 19|20,"€ 49,99",Belgium,4.23,Brouwerij 3 Fonteinen,8%,Lambic - Fruit,Bottle 750ml,"€ 66,65 per litre"
Horal Toer de Geuze Oude Geuze Megablend 2011,"€ 74,99",Belgium,4.23,Brouwerij 3 Fonteinen/ Brouwerij Boon/ Brouwerij De Troch/ Brouwerij Lindemans/ + 4 breweries,7%,Lambic - Gueuze,Bottle 750ml,"€ 99,99 per litre"
Frambozenlambik Oogst 19 new label 14/01/2020 Blend 22 19|20,"€ 59,99",Belgium,4.23,Brouwerij 3 Fonteinen,5.7%,Lambic - Framboise,Bottle 750ml,"€ 79,99 per litre"
Gueuze 20/12/2019 (19 | 19-20),"€ 21,99",Belgium,4.23,Brasserie Cantillon,5%,Lambic - Gueuze,Bottle 750ml,"€ 29,32 per litre"
Gueuze new label 03/04/2019 (19 | 18-19) (batch #1 new label) (SLOW FERMENTATION - Loerik like),"€ 74,99",Belgium,4.23,Brasserie Cantillon,5%,Lambic - Gueuze,Bottle 750ml,"€ 99,99 per litre"
Tilquin Oude Quetsche (Prunes de Namur) 2016-2017,"€ 13,49",Belgium,4.22,Gueuzerie Tilquin,6.4%,Lambic - Fruit,Bottle 375ml,"€ 35,97 per litre"
De Cam kriek 2019,"€ 23,99",Belgium,4.22,Geuzestekerij De Cam,7%,Lambic - Kriek,Bottle 750ml,"€ 31,99 per litre"
Tilquin Oude Quetsche 2018-2019,"€ 11,49",Belgium,4.22,Gueuzerie Tilquin,6.4%,Lambic - Fruit,Bottle 375ml,"€ 30,64 per litre"
Druif Dornfelder Toast new label 22/01/2020 Blend 30 19|20,"€ 49,99",Belgium,4.22,Brouwerij 3 Fonteinen,9%,Lambic - Fruit,Bottle 750ml,"€ 66,65 per litre"
Tilquin Gewurzt 2020-2021  (Batch #1),"€ 39,99",Belgium,4.22,Gueuzerie Tilquin,8.4%,Lambic - Fruit,Bottle 750ml,"€ 53,32 per litre"
Oude Geuze 10/12/2018 Blend 12 18|19,"€ 6,99",Belgium,4.22,Brouwerij 3 Fonteinen,7%,Lambic - Gueuze,Bottle 375ml,"€ 18,64 per litre"
Cuvée Sint-Gilloise 04/02/2019 (19 | 18-19),"€ 28,99",Belgium,4.22,Brasserie Cantillon,5.5%,Lambic - Traditional,Bottle 750ml,"€ 38,65 per litre"
Cuvée Sint-Gilloise 15/01/2020 (19 | 19-20) (#bottles: 430) Magnum,"€ 249,99",Belgium,4.22,Brasserie Cantillon,5.5%,Lambic - Traditional,Bottle 750ml,"€ 333,32 per litre"
Cuvée Sint-Gilloise XX/01/2020 (19 | 19-20),"€ 26,99",Belgium,4.22,Brasserie Cantillon,5.5%,Lambic - Traditional,Bottle 750ml,"€ 35,99 per litre"
Cuvée Sint-Gilloise XX/XX/2020 (19 | 19-20),"€ 26,99",Belgium,4.22,Brasserie Cantillon,5.5%,Lambic - Traditional,Bottle 750ml,"€ 35,99 per litre"
Gueuze (Fondgueuze) Ex 2019,"€ 8,99",Belgium,4.22,Brouwerij Girardin,5%,Lambic - Gueuze,Bottle 375ml,"€ 23,97 per litre"
Gueuze (Fondgueuze) Ex 2019,"€ 18,99",Belgium,4.22,Brouwerij Girardin,5%,Lambic - Gueuze,Bottle 750ml,"€ 25,32 per litre"
Framboos Oogst 2019 12/09/2019 Blend 109 18|19,"€ 59,99",Belgium,4.22,Brouwerij 3 Fonteinen,5.1%,Lambic - Framboise,Bottle 750ml,"€ 79,99 per litre"
De Cam Geuze 2019 black cage,"€ 15,99",Belgium,4.21,Geuzestekerij De Cam,6.5%,Lambic - Gueuze,Bottle 750ml,"€ 21,32 per litre"
De Cam Geuze 2019 red cage,"€ 15,99",Belgium,4.21,Geuzestekerij De Cam,6.5%,Lambic - Gueuze,Bottle 750ml,"€ 21,32 per litre"
Gueuze (Fondgueuze) Ex 2021,"€ 11,99",Belgium,4.21,Brouwerij Girardin,5%,Lambic - Gueuze,Bottle 750ml,"€ 15,99 per litre"
Horal Toer de Geuze Oude Geuze Megablend 2015,"€ 44,99",Belgium,4.21,Brouwerij 3 Fonteinen/ Brouwerij Boon/ Brouwerij De Troch/ Brouwerij Lindemans/ + 5 breweries,7%,Lambic - Gueuze,Bottle 750ml,"€ 59,99 per litre"
De Cam Oude Geuze 2014,"€ 25,99",Belgium,4.21,Geuzestekerij De Cam,6%,Lambic - Gueuze,Bottle 750ml,"€ 34,65 per litre"
Schaerbeekse Krieken 02/2019,"€ 9,99",Belgium,4.21,Hanssens Artisanaal,6%,Lambic - Kriek,Bottle 375ml,"€ 26,64 per litre"
Tilquin Oude Mirabelle 2020-2021  (Batch #1),"€ 39,99",Belgium,4.21,Gueuzerie Tilquin,7%,Lambic - Fruit,Bottle 750ml,"€ 53,32 per litre"
Tilquin Oude Mirabelle 2020-2021  (Batch#1),"€ 19,99",Belgium,4.21,Gueuzerie Tilquin,7%,Lambic - Fruit,Bottle 375ml,"€ 53,31 per litre"
De Cam Geuze 2018,"€ 17,99",Belgium,4.20,Geuzestekerij De Cam,6%,Lambic - Gueuze,Bottle 750ml,"€ 23,99 per litre"
De Cam Oude Geuze 2018,"€ 17,99",Belgium,4.20,Geuzestekerij De Cam,6%,Lambic - Gueuze,Bottle 750ml,"€ 23,99 per litre"
Intens Rood paper label 28/04/2016,"€ 44,99",Belgium,4.20,Brouwerij 3 Fonteinen,6%,Lambic - Kriek,Bottle 750ml,"€ 59,99 per litre"
Tilquin Oude Mûre 2019-2020,"€ 19,99",Belgium,4.20,Gueuzerie Tilquin,6%,Lambic - Fruit,Bottle 750ml,"€ 26,65 per litre"
Tilquin Oude Riesling 2020-2021,"€ 39,99",Belgium,4.20,Gueuzerie Tilquin,8.1%,Lambic - Fruit,Bottle 750ml,"€ 53,32 per litre"
Oude Geuze VAT 92 Monoblend 16/12/2016,"€ 14,99",Belgium,4.20,Brouwerij Boon,8%,Lambic - Gueuze,Bottle 375ml,"€ 39,97 per litre"
Doesjel 05/03/2015,"€ 24,99",Belgium,4.19,Brouwerij 3 Fonteinen,6%,Lambic - Traditional,Bottle 375ml,"€ 66,64 per litre"
De Cam Oude Geuze 2015,"€ 23,99",Belgium,4.19,Geuzestekerij De Cam,6%,Lambic - Gueuze,Bottle 750ml,"€ 31,99 per litre"
De Cam Oude Lambiek 2005,"€ 39,99",Belgium,4.19,Geuzestekerij De Cam,5%,Lambic - Traditional,Bottle 750ml,"€ 53,32 per litre"
Oude Gueuze 11/2017,"€ 7,99",Belgium,4.19,Hanssens Artisanaal,6%,Lambic - Gueuze,Bottle 375ml,"€ 21,31 per litre"
Oude Gueuze 12/2017,"€ 14,99",Belgium,4.19,Hanssens Artisanaal,6%,Lambic - Gueuze,Bottle 750ml,"€ 19,99 per litre"
Horal Toer de Geuze Oude Geuze Megablend 2013,"€ 54,99",Belgium,4.19,Brouwerij 3 Fonteinen/ Brouwerij Boon/ Brouwerij De Troch/ Brouwerij Lindemans/ + 5 breweries,7%,Lambic - Gueuze,Bottle 750ml,"€ 73,32 per litre"
Schaarbeekse Oude Kriek 2015  (Limited Edition),"€ 24,99",Belgium,4.18,Oud Beersel,7.2%,Lambic - Kriek,Bottle 750ml,"€ 33,32 per litre"
Druivenlambik Muscat Bleu Toast 02/03/2020 Blend 55 19|20 (#bottles: 544),"€ 69,99",Belgium,4.18,Brouwerij 3 Fonteinen,7.3%,Lambic - Fruit,Bottle 750ml,"€ 93,32 per litre"
Gueuze 01/02/2013 (13),"€ 29,99",Belgium,4.18,Brasserie Cantillon,5%,Lambic - Gueuze,Bottle 375ml,"€ 79,97 per litre"
De Cam Oude Geuze 2017,"€ 19,99",Belgium,4.18,Geuzestekerij De Cam,6%,Lambic - Gueuze,Bottle 750ml,"€ 26,65 per litre"
Golden Doesjel 13/04/2012,"€ 34,99",Belgium,4.18,Brouwerij 3 Fonteinen,6%,Lambic - Traditional,Bottle 375ml,"€ 93,31 per litre"
Druivenlambik Muscat Bleu Toast 02/03/2020 Blend 56 19|20 (#bottles: 554),"€ 69,99",Belgium,4.18,Brouwerij 3 Fonteinen,7.4%,Lambic - Fruit,Bottle 750ml,"€ 93,32 per litre"
Oude Geuze VAT 109 Monoblend 18/04/2016,"€ 15,99",Belgium,4.18,Brouwerij Boon,8.25%,Lambic - Gueuze,Bottle 375ml,"€ 42,64 per litre"
De Cam Malus Domestica Lambicus 2018,"€ 24,99",Belgium,4.18,Geuzestekerij De Cam,7%,Lambic - Fruit,Bottle 750ml,"€ 33,32 per litre"
De Cam Wilde Bosbessen 2019,"€ 26,99",Belgium,4.18,Geuzestekerij De Cam,6.5%,Lambic - Fruit,Bottle 750ml,"€ 35,99 per litre"
Tilquin Oude Myrtille Sauvage 2018-2019  (Batch#1),"€ 34,99",Belgium,4.17,Gueuzerie Tilquin,6.6%,Lambic - Fruit,Bottle 750ml,"€ 46,65 per litre"
Schaerbeekse Krieken 12/2016,"€ 21,99",Belgium,4.16,Hanssens Artisanaal,6%,Lambic - Kriek,Bottle 750ml,"€ 29,32 per litre"
Bzart Kriekenlambiek Millésime 2012 (white label),"€ 39,99",Belgium,4.16,Oud Beersel,7.6%,Lambic - Kriek,Bottle 750ml,"€ 53,32 per litre"
De Cam Rabarber 2019,"€ 22,99",Belgium,4.16,Geuzestekerij De Cam,7.2%,Lambic - Fruit,Bottle 750ml,"€ 30,65 per litre"
Framboos Oogst 2019 honey 08/10/2019 Blend 115 18|19 Magnum,"€ 99,99",Belgium,4.16,Brouwerij 3 Fonteinen,5.5%,Lambic - Framboise,Bottle 750ml,"€ 30,65 per litre"
Tilquin Oude Mûre 2016-2017,"€ 13,49",Belgium,4.16,Gueuzerie Tilquin,6.4%,Lambic - Fruit,Bottle 375ml,"€ 35,97 per litre"
Tilquin Oude Mûre 2016-2017,"€ 25,99",Belgium,4.16,Gueuzerie Tilquin,6.4%,Lambic - Fruit,Bottle 750ml,"€ 34,65 per litre"
Oude Geuze VAT 108bis Monoblend 28/11/2018,"€ 12,99",Belgium,4.16,Brouwerij Boon,8%,Lambic - Gueuze,Bottle 375ml,"€ 34,64 per litre"
Tilquin Oude Cassis 2018-2019  (Batch#1),"€ 34,99",Belgium,4.16,Gueuzerie Tilquin,6.3%,Lambic - Fruit,Bottle 750ml,"€ 46,65 per litre"
Oude Geuze 15/10/2019 Blend 117 18|19,"€ 12,99",Belgium,4.16,Brouwerij 3 Fonteinen,5.5%,Lambic - Gueuze,Bottle 750ml,"€ 17,32 per litre"
Oude Geuze VAT 44 Monoblend 31/08/2010,"€ 25,99",Belgium,4.16,Brouwerij Boon,8.5%,Lambic - Gueuze,Bottle 375ml,"€ 69,31 per litre"
De Cam Trosbessen 2019,"€ 24,99",Belgium,4.15,Geuzestekerij De Cam,6.5%,Lambic - Fruit,Bottle 750ml,"€ 33,32 per litre"
Horal Toer de Geuze Oude Geuze Megablend 2017,"€ 29,99",Belgium,4.15,Brewery John Martin & Brewery Timmermans/ Brouwerij 3 Fonteinen/ Brouwerij Boon/ Brouwerij De Troch/ + 5 breweries,7%,Lambic - Gueuze,Bottle 750ml,"€ 39,99 per litre"
De Cam Oude Lambiek 2016,"€ 19,99",Belgium,4.15,Geuzestekerij De Cam,5%,Lambic - Traditional,Bottle 750ml,"€ 26,65 per litre"
De Cam Oude Lambiek 2016-L7,"€ 19,99",Belgium,4.15,Geuzestekerij De Cam,5%,Lambic - Traditional,Bottle 750ml,"€ 26,65 per litre"
De Cam Oude Lambiek 2015,"€ 21,99",Belgium,4.15,Geuzestekerij De Cam,5%,Lambic - Traditional,Bottle 750ml,"€ 29,32 per litre"
De Cam Oude Lambiek 2015-01,"€ 21,99",Belgium,4.15,Geuzestekerij De Cam,5%,Lambic - Traditional,Bottle 750ml,"€ 29,32 per litre"
Bzart Lambiek Millésime 2012 (white label),"€ 39,99",Belgium,4.15,Oud Beersel,7.4%,Lambic - Traditional,Bottle 750ml,"€ 53,32 per litre"
Gueuze (Fondgueuze) Ex 2020,"€ 6,49",Belgium,4.15,Brouwerij Girardin,5%,Lambic - Gueuze,Bottle 375ml,"€ 17,31 per litre"
Gueuze (Fondgueuze) Ex 2020,"€ 13,99",Belgium,4.15,Brouwerij Girardin,5%,Lambic - Gueuze,Bottle 750ml,"€ 18,65 per litre"
Oude Gueuze 11/2018,"€ 13,99",Belgium,4.15,Hanssens Artisanaal,6%,Lambic - Gueuze,Bottle 750ml,"€ 18,65 per litre"
Oude Gueuze 12/2018,"€ 7,49",Belgium,4.15,Hanssens Artisanaal,6%,Lambic - Gueuze,Bottle 375ml,"€ 19,97 per litre"
Tilquin Oude Groseille à Maquereau Verte 2019-2020  (Batch #1),"€ 34,99",Belgium,4.15,Gueuzerie Tilquin,5.5%,Lambic - Fruit,Bottle 750ml,"€ 46,65 per litre"
Tilquin Oude Groseille à Maquereau Verte 2019-2020  (Batch#1),"€ 17,49",Belgium,4.15,Gueuzerie Tilquin,5.5%,Lambic - Fruit,Bottle 375ml,"€ 46,64 per litre"
Oude Gueuze 12/2016,"€ 15,99",Belgium,4.15,Hanssens Artisanaal,6%,Lambic - Gueuze,Bottle 750ml,"€ 21,32 per litre"
Oude Geuze VAT 91 Monoblend 19/12/2016,"€ 14,99",Belgium,4.15,Brouwerij Boon,8%,Lambic - Gueuze,Bottle 375ml,"€ 39,97 per litre"
De Cam Oude Geuze 2012-08,"€ 29,99",Belgium,4.15,Geuzestekerij De Cam,6.5%,Lambic - Gueuze,Bottle 750ml,"€ 39,99 per litre"
De Cam Oude Geuze 2012-10,"€ 29,99",Belgium,4.15,Geuzestekerij De Cam,6.5%,Lambic - Gueuze,Bottle 750ml,"€ 39,99 per litre"
Bzart Kriekenlambiek Millésime 2013,"€ 35,99",Belgium,4.14,Oud Beersel,7%,Lambic - Kriek,Bottle 750ml,"€ 47,99 per litre"
Tilquin Geuzérable 2017-2018  (Batch #1),"€ 39,99",Belgium,4.14,Gueuzerie Tilquin,10%,Lambic - Gueuze,Bottle 750ml,"€ 53,32 per litre"
Gueuze (Fondgueuze) Ex 2018,"€ 9,99",Belgium,4.13,Brouwerij Girardin,5%,Lambic - Gueuze,Bottle 375ml,"€ 26,64 per litre"
Gueuze (Fondgueuze) Ex 2018,"€ 20,99",Belgium,4.13,Brouwerij Girardin,5%,Lambic - Gueuze,Bottle 750ml,"€ 27,99 per litre"
Oude Geuze Barrel Selection Foeder 21  (Limited Edition),"€ 9,99",Belgium,4.13,Oud Beersel,6.5%,Lambic - Gueuze,Bottle 375ml,"€ 26,64 per litre"
Oude Kriek 2016,"€ 19,99",Belgium,4.13,Oud Beersel,6%,Lambic - Kriek,Bottle 750ml,"€ 26,65 per litre"
Druif 25/09/2020,"€ 54,99",Netherlands,4.13,Tommie Sjef,7.5%,Wild Ale - Other,Bottle 750ml,"€ 73,32 per litre"
Nocturne 06/11/2019 Blend 2 19|20 (#notlambic) (#bottles: 604),"€ 44,99",Belgium,4.13,Brouwerij 3 Fonteinen,7.1%,Sour - Flanders Oud Bruin,Bottle 750ml,"€ 59,99 per litre"
Oude Geuze 07/03/2019 Blend 51 18|19 (Special OBD blend) (#bottles: 220) Magnum,"€ 44,99",Belgium,4.13,Brouwerij 3 Fonteinen,6.7%,Lambic - Gueuze,Bottle 750ml,"€ 59,99 per litre"
Tilquin Oude Gueuze à l'Ancienne 2018-2019,"€ 9,49",Belgium,4.12,Gueuzerie Tilquin,7%,Lambic - Gueuze,Bottle 375ml,"€ 25,31 per litre"
Tilquin Oude Gueuze à l'Ancienne 2018-2019,"€ 9,49",Belgium,4.12,Gueuzerie Tilquin,7%,Lambic - Gueuze,Bottle 375ml,"€ 25,31 per litre"
Tilquin Oude Gueuze à l'Ancienne 2018-2019,"€ 18,49",Belgium,4.12,Gueuzerie Tilquin,7%,Lambic - Gueuze,Bottle 750ml,"€ 24,65 per litre"
Tilquin Oude Gueuze à l'Ancienne 2018-2019,"€ 17,99",Belgium,4.12,Gueuzerie Tilquin,7%,Lambic - Gueuze,Bottle 750ml,"€ 23,99 per litre"
Strenge Winter new label 27/02/2020 Blend 53 19|20 (#notlambic),"€ 49,99",Belgium,4.12,Brouwerij 3 Fonteinen,7.1%,Wild Ale - Other,Bottle 750ml,"€ 66,65 per litre"
Bierpallieters Fond Geuze Jubileum 30 jaar 29/10/2018,"€ 34,99",Belgium,4.12,Brouwerij Girardin,5%,Lambic - Gueuze,Bottle 750ml,"€ 46,65 per litre"
Gueuze (Fondgueuze) 07/2008,"€ 19,99",Belgium,4.12,Brouwerij Girardin,5%,Lambic - Gueuze,Bottle 375ml,"€ 53,31 per litre"
Grand Cru Bruocsella 12/10/2016 (16 | 16-17),"€ 32,99",Belgium,4.11,Brasserie Cantillon,5%,Lambic - Traditional,Bottle 750ml,"€ 43,99 per litre"
Bzart Lambiek Millésime 2013,"€ 35,99",Belgium,4.10,Oud Beersel,7%,Lambic - Traditional,Bottle 750ml,"€ 47,99 per litre"
De Cam Kriek Lambiek 2018,"€ 27,99",Belgium,4.10,Geuzestekerij De Cam,6.5%,Lambic - Kriek,Bottle 750ml,"€ 37,32 per litre"
Grand Cru Bruocsella 25/08/2017 (17 | 17-18),"€ 30,99",Belgium,4.10,Brasserie Cantillon,5%,Lambic - Traditional,Bottle 750ml,"€ 41,32 per litre"
Bzart Lambiek Millésime 2016,"€ 29,99",Belgium,4.09,Oud Beersel,7%,Lambic - Traditional,Bottle 750ml,"€ 39,99 per litre"
Lambikstoempers – Oude Geuze Cuvée Lambikstoemper 2014,"€ 84,99",Belgium,4.09,De Lambikstoempers,7%,Lambic - Gueuze,Bottle 750ml,"€ 113,32 per litre"
Oude Geuze Black Label Edition #2,"€ 17,99",Belgium,4.09,Brouwerij Boon,6.4%,Lambic - Gueuze,Bottle 750ml,"€ 23,99 per litre"
Oude Geuze VAT 86 Monoblend 29/11/2018,"€ 12,99",Belgium,4.08,Brouwerij Boon,8.5%,Lambic - Gueuze,Bottle 375ml,"€ 34,64 per litre"
BlossomGueuze 09/2015,"€ 24,99",Belgium,4.08,Brouwerij Lindemans,6%,Lambic - Gueuze,Bottle 750ml,"€ 33,32 per litre"
Oude Geuze Barrel Selection Oude Pijpen 2017  (Limited Edition),"€ 10,99",Belgium,4.08,Oud Beersel,6.5%,Lambic - Gueuze,Bottle 375ml,"€ 29,31 per litre"
Tilquin Oude Gueuze à l'Ancienne 2019-2020,"€ 15,99",Belgium,4.08,Gueuzerie Tilquin,7%,Lambic - Gueuze,Bottle 750ml,"€ 21,32 per litre"
Oude Kriek 2013,"€ 25,99",Belgium,4.08,Oud Beersel,6.5%,Lambic - Kriek,Bottle 750ml,"€ 34,65 per litre"
Oude Geuze VAT 77 Monoblend 24/10/2013,"€ 19,99",Belgium,4.08,Brouwerij Boon,8.5%,Lambic - Gueuze,Bottle 375ml,"€ 53,31 per litre"
Oude Kriek 2018,"€ 15,99",Belgium,4.08,Oud Beersel,6%,Lambic - Kriek,Bottle 750ml,"€ 21,32 per litre"
Oude Geuze VAT 79 Monoblend 17/12/2014,"€ 19,99",Belgium,4.07,Brouwerij Boon,9%,Lambic - Gueuze,Bottle 375ml,"€ 53,31 per litre"
Oude Geuze 2020 06/04/2020,"€ 10,99",Belgium,4.07,Oud Beersel,6.5%,Lambic - Gueuze,Bottle 750ml,"€ 14,65 per litre"
Druivenlambik Muscat Bleu Toast 02/03/2020 Blend 54 19|20 (#bottles: 494),"€ 69,99",Belgium,4.07,Brouwerij 3 Fonteinen,7.7%,Lambic - Fruit,Bottle 750ml,"€ 93,32 per litre"
De Cam Abrikoos-Rabarber 2018,"€ 27,99",Belgium,4.07,Geuzestekerij De Cam,7%,Lambic - Fruit,Bottle 750ml,"€ 37,32 per litre"
Horal Toer de Geuze Oude Geuze Megablend 2019,"€ 24,99",Belgium,4.07,Brewery John Martin & Brewery Timmermans/ Brouwerij Boon/ Brouwerij De Troch/ Brouwerij Lindemans/ + 4 breweries,7%,Lambic - Gueuze,Bottle 750ml,"€ 33,32 per litre"
Grand Cru Bruocsella US label 25/08/2017 (17 | 17-18),"€ 99,99",Belgium,4.07,Brasserie Cantillon,5%,Lambic - Traditional,Bottle 750ml,"€ 133,32 per litre"
SpontanBasil 06/2015,"€ 24,99",Belgium,4.06,Brouwerij Lindemans/ Mikkeller,6%,Lambic - Other,Bottle 750ml,"€ 33,32 per litre"
Oude Geuze 17/03/2017 Blend 25 16|17,"€ 16,99",Belgium,4.06,Brouwerij 3 Fonteinen,6%,Lambic - Gueuze,Bottle 750ml,"€ 22,65 per litre"
Oude Geuze old paper label 21/12/2002,"€ 249,99",Belgium,4.06,Brouwerij 3 Fonteinen,6%,Lambic - Gueuze,Bottle 750ml,"€ 333,32 per litre"
Oude Geuze paper label 17/01/2017,"€ 19,99",Belgium,4.06,Brouwerij 3 Fonteinen,6%,Lambic - Gueuze,Bottle 375ml,"€ 53,31 per litre"
Oude Geuze 2011 23/03/2011,"€ 27,99",Belgium,4.06,Oud Beersel,6%,Lambic - Gueuze,Bottle 750ml,"€ 37,32 per litre"
De Cam Oude Lambiek 2017,"€ 17,99",Belgium,4.05,Geuzestekerij De Cam,5%,Lambic - Traditional,Bottle 750ml,"€ 23,99 per litre"
De Cam Oude Lambiek 2017-L5,"€ 17,99",Belgium,4.05,Geuzestekerij De Cam,5%,Lambic - Traditional,Bottle 750ml,"€ 23,99 per litre"
Oude Geuze Barrel Selection Oude Pijpen 2020 (10/03/2020) (Limited Edition),"€ 9,99",Belgium,4.05,Oud Beersel,6.5%,Lambic - Gueuze,Bottle 375ml,"€ 26,64 per litre"
Oude Geuze Vandervelden 137  (Limited Edition),"€ 9,99",Belgium,4.05,Oud Beersel,6.5%,Lambic - Gueuze,Bottle 375ml,"€ 26,64 per litre"
Lambikstoempers – Oude Geuze Cuvée Lambikstoemper 2019,"€ 19,99",Belgium,4.05,De Lambikstoempers,6%,Lambic - Gueuze,Bottle 750ml,"€ 26,65 per litre"
De Cam Oude Lambiek 2018,"€ 15,99",Belgium,4.05,Geuzestekerij De Cam,6.5%,Lambic - Traditional,Bottle 750ml,"€ 21,32 per litre"
Muscar-Elle 01/2020,"€ 14,99",Belgium,4.05,Lambiek Fabriek,6.8%,Lambic - Fruit,Bottle 750ml,"€ 19,99 per litre"
Timmermans Oude Gueuze 2014-2017,"€ 7,49",Belgium,4.04,Brewery John Martin & Brewery Timmermans,5.5%,Lambic - Gueuze,Bottle 375ml,"€ 19,97 per litre"
De Cam Mirabel Lambiek 2020,"€ 14,99",Belgium,4.04,Geuzestekerij De Cam,5%,Lambic - Gueuze,Bottle 375ml,"€ 39,97 per litre"
Tilquin Mûre Rullquin 2018-2019,"€ 17,99",Belgium,4.04,Brasserie Artisanale de Rulles/ Gueuzerie Tilquin,6%,Sour - Other,Bottle 750ml,"€ 23,99 per litre"
Black-Belle 06/2020,"€ 14,49",Belgium,4.04,Lambiek Fabriek,7%,Lambic - Fruit,Bottle 750ml,"€ 19,32 per litre"
Tilquin Stout Rullquin 2013-2014,"€ 27,99",Belgium,4.04,Brasserie Artisanale de Rulles/ Gueuzerie Tilquin,7%,Stout - Belgian,Bottle 750ml,"€ 37,32 per litre"
Oude Geuze Bord-Elle 02/2021 (BXL Beerfest 2021),"€ 14,49",Belgium,4.03,Lambiek Fabriek,10.5%,Lambic - Gueuze,Bottle 750ml,"€ 19,32 per litre"
Horal Toer de Geuze Oude Geuze Megablend 2021,"€ 19,99",Belgium,4.03,Brewery John Martin & Brewery Timmermans/ Brouwerij Boon/ Brouwerij De Troch/ Brouwerij Lindemans/ + 6 breweries,7%,Lambic - Gueuze,Bottle 750ml,"€ 26,65 per litre"
Green Walnut 2018,"€ 19,99",Belgium,4.03,Oud Beersel,6.5%,Lambic - Traditional,Bottle 750ml,"€ 26,65 per litre"
Muri-Elle 08/2020,"€ 14,99",Belgium,4.03,Lambiek Fabriek,7%,Lambic - Fruit,Bottle 750ml,"€ 19,99 per litre"
Oude Geuze 2012A 06/12/2012,"€ 25,99",Belgium,4.03,Oud Beersel,6%,Lambic - Gueuze,Bottle 750ml,"€ 34,65 per litre"
Oude Geuze 2012B 06/06/2012,"€ 25,99",Belgium,4.03,Oud Beersel,6%,Lambic - Gueuze,Bottle 750ml,"€ 34,65 per litre"
Oude Geuze Black Label Edition #1,"€ 24,99",Belgium,4.02,Brouwerij Boon,7%,Lambic - Gueuze,Bottle 750ml,"€ 33,32 per litre"
Oude Geuze Black Label Edition #4,"€ 12,99",Belgium,4.02,Brouwerij Boon,7%,Lambic - Gueuze,Bottle 750ml,"€ 17,32 per litre"
BIIR Barcelona Craft Beer 4B – OUDE GUEUZE Series 2014 – 100% Lambic (#bottles: 2700),"€ 34,99",Belgium,4.02,BIIR Modern Craft Beer,6%,Lambic - Gueuze,Bottle 750ml,"€ 46,65 per litre"
Blauwe Bosbes Toast 25/02/2019 Blend 44 18|19 (#bottles: 904),"€ 134,99",Belgium,4.02,Brouwerij 3 Fonteinen,6.2%,Lambic - Fruit,Bottle 750ml,"€ 179,99 per litre"
Grand Cru Bruocsella 04/06/2018 (18 | 17-18),"€ 30,99",Belgium,4.02,Brasserie Cantillon,5%,Lambic - Traditional,Bottle 750ml,"€ 41,32 per litre"
Grand Cru Bruocsella 17/12/2018 (18 | 18-19),"€ 28,99",Belgium,4.02,Brasserie Cantillon,5%,Lambic - Traditional,Bottle 750ml,"€ 38,65 per litre"
Grand Cru Bruocsella 25/10/2018 (18 | 18-19),"€ 28,99",Belgium,4.02,Brasserie Cantillon,5%,Lambic - Traditional,Bottle 750ml,"€ 38,65 per litre"
Grand Cru Bruocsella 30/08/2018 (18 | 18-19),"€ 28,99",Belgium,4.02,Brasserie Cantillon,5%,Lambic - Traditional,Bottle 750ml,"€ 38,65 per litre"
Oude Geuze Vandervelden 135,"€ 10,99",Belgium,4.01,Oud Beersel,6.5%,Lambic - Gueuze,Bottle 375ml,"€ 29,31 per litre"
Oude Geuze Brett-Elle new label 04/2020,"€ 6,99",Belgium,4.01,Lambiek Fabriek,5.5%,Lambic - Gueuze,Bottle 375ml,"€ 18,64 per litre"
Boon/Mikkeller Oude Geuze Vermouth 2018,"€ 26,99",Belgium,4.00,Brouwerij Boon/ Mikkeller,6.6%,Lambic - Gueuze,Bottle 750ml,"€ 35,99 per litre"
Natur-Elle 03/2020,"€ 14,49",Belgium,4.00,Lambiek Fabriek,6.2%,Lambic - Gueuze,Bottle 750ml,"€ 19,32 per litre"
Boon/Mikkeller Oude Geuze Calvados Barrel Aged 2016,"€ 26,99",Belgium,3.99,Brouwerij Boon/ Mikkeller,6.4%,Lambic - Gueuze,Bottle 750ml,"€ 35,99 per litre"
Oude Geuze VAT 31 Monoblend 14/05/2020,"€ 12,99",Belgium,3.99,Brouwerij Boon,8.5%,Lambic - Gueuze,Bottle 375ml,"€ 34,64 per litre"
Geuze Mariage Parfait Brewing year 2014,"€ 7,49",Belgium,3.99,Brouwerij Boon,8%,Lambic - Gueuze,Bottle 375ml,"€ 19,97 per litre"
Geuze Mariage Parfait Brewing year 2014,"€ 15,99",Belgium,3.99,Brouwerij Boon,8%,Lambic - Gueuze,Bottle 750ml,"€ 21,32 per litre"
Grand Cru Bruocsella 18/03/2020 (20 | 19-20),"€ 26,99",Belgium,3.99,Brasserie Cantillon,5%,Lambic - Traditional,Bottle 750ml,"€ 35,99 per litre"
Grand Cru Bruocsella 28/01/2020 (20 | 19-20) Magnum,"€ 114,99",Belgium,3.99,Brasserie Cantillon,5%,Lambic - Traditional,Bottle 750ml,"€ 153,32 per litre"
Grand Cru Bruocsella 29/10/2020 (20 | 20-21),"€ 24,99",Belgium,3.99,Brasserie Cantillon,5%,Lambic - Traditional,Bottle 750ml,"€ 33,32 per litre"
Grand Cru Bruocsella 05/09/2019 (19 | 19-20),"€ 26,99",Belgium,3.98,Brasserie Cantillon,5%,Lambic - Traditional,Bottle 750ml,"€ 35,99 per litre"
Grand Cru Bruocsella 09/05/2019 (19 | 18-19) Magnum,"€ 124,99",Belgium,3.98,Brasserie Cantillon,5%,Lambic - Traditional,Bottle 750ml,"€ 166,65 per litre"
Grand Cru Bruocsella 24/10/2019 (19 | 19-20),"€ 26,99",Belgium,3.98,Brasserie Cantillon,5%,Lambic - Traditional,Bottle 750ml,"€ 35,99 per litre"
NaparBCN/Montaigu - Oude Gueuze 10/2015 (Limited Edition),"€ 37,99",Belgium,3.98,Brouwerij Montaigu/ Naparbier,6%,Lambic - Gueuze,Bottle 750ml,"€ 50,65 per litre"
Oude Gueuze 02/2019,"€ 6,99",Belgium,3.98,Hanssens Artisanaal,6%,Lambic - Gueuze,Bottle 375ml,"€ 18,64 per litre"
Oude Gueuze 10/2019,"€ 6,99",Belgium,3.98,Hanssens Artisanaal,6%,Lambic - Gueuze,Bottle 375ml,"€ 18,64 per litre"
Geuze Mariage Parfait Brewing year 2013,"€ 17,99",Belgium,3.98,Brouwerij Boon,8%,Lambic - Gueuze,Bottle 750ml,"€ 23,99 per litre"
Oude Geuze Devillé à l'ancienne (Batch #1),"€ 7,49",Belgium,3.97,Den Herberg,6.7%,Lambic - Gueuze,Bottle 375ml,"€ 19,97 per litre"
Oude Kriek 01/2018,"€ 15,99",Belgium,3.97,Hanssens Artisanaal,6.5%,Lambic - Kriek,Bottle 750ml,"€ 21,32 per litre"
Oude Kriek 02/2018,"€ 8,49",Belgium,3.97,Hanssens Artisanaal,6.5%,Lambic - Kriek,Bottle 375ml,"€ 22,64 per litre"
Oude Kriek 02/2019,"€ 7,99",Belgium,3.97,Hanssens Artisanaal,6.5%,Lambic - Kriek,Bottle 375ml,"€ 21,31 per litre"
Geuze Mariage Parfait Brewing year 2015,"€ 11,99",Belgium,3.96,Brouwerij Boon,8%,Lambic - Gueuze,Bottle 750ml,"€ 15,99 per litre"
Pluri-Elle 08/2020,"€ 14,49",Belgium,3.96,Lambiek Fabriek,6.2%,Lambic - Fruit,Bottle 750ml,"€ 19,32 per litre"
De Cam Oude Lambiek 2012,"€ 27,99",Belgium,3.96,Geuzestekerij De Cam,5%,Lambic - Traditional,Bottle 750ml,"€ 37,32 per litre"
Oude Gueuze 02/2020,"€ 11,99",Belgium,3.96,Hanssens Artisanaal,6%,Lambic - Gueuze,Bottle 750ml,"€ 15,99 per litre"
Oude Gueuze 08/2020,"€ 11,99",Belgium,3.96,Hanssens Artisanaal,6%,Lambic - Gueuze,Bottle 750ml,"€ 15,99 per litre"
Timmermans Oude Kriek 2016-2019,"€ 6,99",Belgium,3.95,Brewery John Martin & Brewery Timmermans,6.7%,Lambic - Kriek,Bottle 375ml,"€ 18,64 per litre"
Oudbeitje 04/2018,"€ 7,99",Belgium,3.95,Hanssens Artisanaal,6%,Lambic - Fruit,Bottle 375ml,"€ 21,31 per litre"
Oude Geuze Fontan-Elle 05/2018,"€ 19,99",Belgium,3.94,Lambiek Fabriek,5.5%,Lambic - Gueuze,Bottle 750ml,"€ 26,65 per litre"
Kriek Ex 2021,"€ 7,99",Belgium,3.94,Brouwerij Girardin,5%,Lambic - Kriek,Bottle 375ml,"€ 21,31 per litre"
Kriek Ex 2021,"€ 14,99",Belgium,3.94,Brouwerij Girardin,5%,Lambic - Kriek,Bottle 750ml,"€ 19,99 per litre"
Timmermans Oude Gueuze 2016-2019,"€ 11,99",Belgium,3.94,Brewery John Martin & Brewery Timmermans,5.5%,Lambic - Gueuze,Bottle 750ml,"€ 15,99 per litre"
Timmermans Oude Gueuze (old label) 2013-2016,"€ 8,49",Belgium,3.94,Brewery John Martin & Brewery Timmermans,6.7%,Lambic - Gueuze,Bottle 375ml,"€ 22,64 per litre"
Timmermans Oude Gueuze (old label) 2012-2015,"€ 19,99",Belgium,3.93,Brewery John Martin & Brewery Timmermans,5.5%,Lambic - Gueuze,Bottle 750ml,"€ 26,65 per litre"
Oude Geuze Fontan-Elle 01/2019,"€ 17,99",Belgium,3.93,Lambiek Fabriek,10.5%,Lambic - Gueuze,Bottle 750ml,"€ 23,99 per litre"
Bersalis Kadet Oak Aged 2018,"€ 2,99",Belgium,3.93,Oud Beersel,5.5%,Sour - Other,Bottle 375ml,"€ 7,97 per litre"
Oude Kriek Jart-Elle 01/2020,"€ 14,49",Belgium,3.93,Lambiek Fabriek,6%,Lambic - Kriek,Bottle 750ml,"€ 19,32 per litre"
Oude Kriek Jart-Elle 03/2020,"€ 14,49",Belgium,3.93,Lambiek Fabriek,6%,Lambic - Kriek,Bottle 750ml,"€ 19,32 per litre"
De Cam Oude Lambiek 2014 (Limited Edition) (5 years in cask),"€ 49,99",Belgium,3.93,Geuzestekerij De Cam,5%,Lambic - Traditional,Bottle 750ml,"€ 66,65 per litre"
Tilquin Stout Rullquin 2017-2018,"€ 19,99",Belgium,3.91,Brasserie Artisanale de Rulles/ Gueuzerie Tilquin,7%,Stout - Belgian,Bottle 750ml,"€ 26,65 per litre"
Oude Geuze Black Label Edition #3,"€ 15,99",Belgium,3.91,Brouwerij Boon,7%,Lambic - Gueuze,Bottle 750ml,"€ 21,32 per litre"
Straffe Winter 25/01/2008 (ONE TIME BREW),"€ 99,99",Belgium,3.91,Brouwerij 3 Fonteinen,8%,Lambic - Faro,Bottle 750ml,"€ 133,32 per litre"
Geuze Mariage Parfait Brewing year 2016,"€ 10,99",Belgium,3.91,Brouwerij Boon,8%,Lambic - Gueuze,Bottle 750ml,"€ 14,65 per litre"
GingerGueuze 06/2017,"€ 20,99",Belgium,3.90,Brouwerij Lindemans,6%,Lambic - Gueuze,Bottle 750ml,"€ 27,99 per litre"
V.S.O.R. 16/11/2018 (Limited Edition),"€ 12,99",Belgium,3.90,Hanssens Artisanaal,6.5%,Lambic - Fruit,Bottle 375ml,"€ 34,64 per litre"
Green Walnut 2015,"€ 25,99",Belgium,3.88,Oud Beersel,6%,Lambic - Traditional,Bottle 750ml,"€ 34,65 per litre"
Mirakel Spierelambic 2018,"€ 17,99",Belgium,3.88,Brouwerij De Ranke,5.5%,Lambic - Gueuze,Bottle 750ml,"€ 23,99 per litre"
Timmermans Oude Gueuze 2015-2018,"€ 6,49",Belgium,3.87,Brewery John Martin & Brewery Timmermans,6.7%,Lambic - Gueuze,Bottle 375ml,"€ 17,31 per litre"
Green Walnut 2017,"€ 21,99",Belgium,3.87,Oud Beersel,6%,Lambic - Other,Bottle 750ml,"€ 29,32 per litre"
Oude Geuze Brett-Elle 01/2020 Magnum,"€ 44,99",Belgium,3.87,Lambiek Fabriek,5.5%,Lambic - Gueuze,Bottle 750ml,"€ 29,32 per litre"
Oude Geuze Brett-Elle 03/2018,"€ 14,99",Belgium,3.87,Lambiek Fabriek,5.5%,Lambic - Gueuze,Bottle 750ml,"€ 19,99 per litre"
Oude Geuze Brett-Elle 05/03/2018,"€ 8,99",Belgium,3.87,Lambiek Fabriek,5.5%,Lambic - Gueuze,Bottle 375ml,"€ 23,97 per litre"
Oude Geuze Brett-Elle 05/03/2018,"€ 14,99",Belgium,3.87,Lambiek Fabriek,5.5%,Lambic - Gueuze,Bottle 750ml,"€ 19,99 per litre"
Oude Geuze Brett-Elle 05/2018,"€ 14,99",Belgium,3.87,Lambiek Fabriek,5.5%,Lambic - Gueuze,Bottle 750ml,"€ 19,99 per litre"
Oude Geuze Brett-Elle 05/2020,"€ 12,99",Belgium,3.87,Lambiek Fabriek,5.5%,Lambic - Gueuze,Bottle 750ml,"€ 17,32 per litre"
Oude Geuze Brett-Elle 09/2018,"€ 14,99",Belgium,3.87,Lambiek Fabriek,5.5%,Lambic - Gueuze,Bottle 750ml,"€ 19,99 per litre"
Tilquin Stout Rullquin 2014-2015,"€ 25,99",Belgium,3.86,Brasserie Artisanale de Rulles/ Gueuzerie Tilquin,7%,Stout - Belgian,Bottle 750ml,"€ 34,65 per litre"
Tilquin Stout Rullquin 2014-2015,"€ 25,99",Belgium,3.86,Brasserie Artisanale de Rulles/ Gueuzerie Tilquin,7%,Stout - Belgian,Bottle 750ml,"€ 34,65 per litre"
De Cam Nectarine Lambiek 2019,"€ 24,99",Belgium,3.86,Geuzestekerij De Cam,6.5%,Lambic - Traditional,Bottle 750ml,"€ 33,32 per litre"
De Cam Oude Lambiek 2017-L5 Export label,"€ 17,99",Belgium,3.86,Geuzestekerij De Cam,6.5%,Lambic - Traditional,Bottle 750ml,"€ 23,99 per litre"
Timmermans Oude Kriek (old label) 2012-2015,"€ 20,99",Belgium,3.85,Brewery John Martin & Brewery Timmermans,6.7%,Lambic - Kriek,Bottle 750ml,"€ 27,99 per litre"
Geuze Mariage Parfait Brewing year 2017,"€ 9,99",Belgium,3.85,Brouwerij Boon,8%,Lambic - Gueuze,Bottle 750ml,"€ 13,32 per litre"
Oude Schaarbeekse Kriek Harvest 2018 (Limited Edition),"€ 8,99",Belgium,3.82,Brouwerij Boon,6.5%,Lambic - Kriek,Bottle 375ml,"€ 23,97 per litre"
Oude Schaarbeekse Kriek Harvest 2019 (Limited Edition),"€ 7,99",Belgium,3.82,Brouwerij Boon,6.5%,Lambic - Kriek,Bottle 375ml,"€ 21,31 per litre"
St Louis Fond Tradition Kriek Lambic black label 09/09/2020,"€ 6,49",Belgium,3.82,Kasteel Brouwerij Vanhonsebrouck,6.5%,Lambic - Kriek,Bottle 375ml,"€ 17,31 per litre"
Boon/Mikkeller Oude Geuze Goût Américain 2019,"€ 22,99",Belgium,3.82,Brouwerij Boon/ Mikkeller,6.5%,Lambic - Gueuze,Bottle 750ml,"€ 30,65 per litre"
Oude Geuze Black Label Edition #5,"€ 11,99",Belgium,3.81,Brouwerij Boon,7%,Lambic - Gueuze,Bottle 750ml,"€ 15,99 per litre"
St Louis Fond Tradition Kriek Lambic white label 07/08/2024 (Batch 2019),"€ 6,49",Belgium,3.81,Kasteel Brouwerij Vanhonsebrouck,6.5%,Lambic - Kriek,Bottle 375ml,"€ 17,31 per litre"
3 Fonteinen Tuverbol 2017 16|17,"€ 9,99",Belgium,3.80,Brouwerij 3 Fonteinen/ Brouwerij Loterbol,11%,Belgian Strong Golden Ale,Bottle 375ml,"€ 26,64 per litre"
3 Fonteinen Tuverbol 2019 18|19,"€ 9,99",Belgium,3.80,Brouwerij 3 Fonteinen/ Brouwerij Loterbol,11%,Belgian Strong Golden Ale,Bottle 375ml,"€ 26,64 per litre"
Geuze Mariage Parfait (old label) Brewing year 2004,"€ 109,99",Belgium,3.79,Brouwerij Boon,8%,Lambic - Gueuze,Bottle 750ml,"€ 146,65 per litre"
Geuze Mariage Parfait (old label) Brewing year 2005,"€ 99,99",Belgium,3.79,Brouwerij Boon,8%,Lambic - Gueuze,Bottle 750ml,"€ 133,32 per litre"
Geuze Mariage Parfait Brewing year 2013,"€ 8,49",Belgium,3.79,Brouwerij Boon,8%,Lambic - Gueuze,Bottle 375ml,"€ 22,64 per litre"
Moriau Oude Geuze 02/04/2039,"€ 4,99",Belgium,3.79,Geuzestekerij Moriau,7%,Lambic - Gueuze,Bottle 375ml,"€ 13,31 per litre"
Moriau Oude Geuze 17/01/2038,"€ 5,99",Belgium,3.79,Geuzestekerij Moriau,7%,Lambic - Gueuze,Bottle 375ml,"€ 15,97 per litre"
Moriau Oude Geuze 21/03/2038,"€ 10,99",Belgium,3.79,Geuzestekerij Moriau,7%,Lambic - Gueuze,Bottle 750ml,"€ 14,65 per litre"
Moriau Oude Geuze 31/10/2038,"€ 10,99",Belgium,3.79,Geuzestekerij Moriau,7%,Lambic - Gueuze,Bottle 750ml,"€ 14,65 per litre"
Boon/Mikkeller Cuvée Oude Henri 2020,"€ 13,49",Belgium,3.78,Brouwerij Boon/ Mikkeller,7%,Lambic - Gueuze,Bottle 375ml,"€ 35,97 per litre"
Oude Gueuze Cuvée René Blend 2020,"€ 9,99",Belgium,3.77,Brouwerij Lindemans,6%,Lambic - Gueuze,Bottle 750ml,"€ 13,32 per litre"
Oude Geuze 2012A 23/03/2011,"€ 26,99",Belgium,3.77,Oud Beersel,6.5%,Lambic - Gueuze,Bottle 750ml,"€ 35,99 per litre"
Oude Geuze 2014 18/11/2014,"€ 21,99",Belgium,3.77,Oud Beersel,6.5%,Lambic - Gueuze,Bottle 750ml,"€ 29,32 per litre"
Oude Geuze 2015 25/03/2015,"€ 19,99",Belgium,3.77,Oud Beersel,6.5%,Lambic - Gueuze,Bottle 750ml,"€ 26,65 per litre"
Oude Geuze 2016 21/11/2016,"€ 17,99",Belgium,3.77,Oud Beersel,6.5%,Lambic - Gueuze,Bottle 750ml,"€ 23,99 per litre"
Oude Geuze 2016 29/03/2016,"€ 16,99",Belgium,3.77,Oud Beersel,6.5%,Lambic - Gueuze,Bottle 750ml,"€ 22,65 per litre"
Oude Geuze 2017 06/04/2017,"€ 15,99",Belgium,3.77,Oud Beersel,6.5%,Lambic - Gueuze,Bottle 750ml,"€ 21,32 per litre"
Oude Geuze 2017 30/03/2017,"€ 8,99",Belgium,3.77,Oud Beersel,6.5%,Lambic - Gueuze,Bottle 375ml,"€ 23,97 per litre"
Oude Geuze 2018 14/11/2018,"€ 7,99",Belgium,3.77,Oud Beersel,6.5%,Lambic - Gueuze,Bottle 375ml,"€ 21,31 per litre"
Oude Geuze 2019 27/02/2019,"€ 11,99",Belgium,3.77,Oud Beersel,6.5%,Lambic - Gueuze,Bottle 750ml,"€ 15,99 per litre"
Oude Geuze 2019 29/10/2019,"€ 6,99",Belgium,3.77,Oud Beersel,6.5%,Lambic - Gueuze,Bottle 375ml,"€ 18,64 per litre"
De Koninck Oude Geuze à l'Ancienne,"€ 7,49",Belgium,3.76,Brouwerij Boon,5.2%,Lambic - Gueuze,Bottle 375ml,"€ 19,97 per litre"
De Koninck Oude Geuze à l'Ancienne,"€ 6,49",Belgium,3.76,Brouwerij Boon,5.2%,Lambic - Gueuze,Bottle 375ml,"€ 17,31 per litre"
De Koninck Oude Geuze à l'Ancienne,"€ 11,99",Belgium,3.76,Brouwerij Boon,5.2%,Lambic - Gueuze,Bottle 750ml,"€ 15,99 per litre"
De Koninck Oude Geuze à l'Ancienne,"€ 9,99",Belgium,3.76,Brouwerij Boon,5.2%,Lambic - Gueuze,Bottle 750ml,"€ 13,32 per litre"
Oude Gueuze Cuvée René Blend 2018,"€ 6,49",Belgium,3.73,Brouwerij Lindemans,6%,Lambic - Gueuze,Bottle 375ml,"€ 17,31 per litre"
Oude Gueuze Cuvée René Blend 2018,"€ 11,99",Belgium,3.73,Brouwerij Lindemans,6%,Lambic - Gueuze,Bottle 750ml,"€ 15,99 per litre"
Oude Gueuze Cuvée René Special Blend 2010 (Limited Edition) 06/2014 (#bottles: 15.000),"€ 69,99",Belgium,3.73,Brouwerij Lindemans,6%,Lambic - Gueuze,Bottle 750ml,"€ 93,32 per litre"
Oude Gueuze Cuvée René old label 06/10/2016,"€ 24,99",Belgium,3.73,Brouwerij Lindemans,6%,Lambic - Gueuze,Bottle 750ml,"€ 33,32 per litre"
Oude Gueuze Cuvée René old label 07/07/2016,"€ 24,99",Belgium,3.73,Brouwerij Lindemans,6%,Lambic - Gueuze,Bottle 750ml,"€ 33,32 per litre"
Oude Gueuze Cuvée René old label 13/01/2017,"€ 11,99",Belgium,3.73,Brouwerij Lindemans,6%,Lambic - Gueuze,Bottle 375ml,"€ 31,97 per litre"
Oude Gueuze Cuvée René old label 16/12/2016,"€ 12,99",Belgium,3.73,Brouwerij Lindemans,6%,Lambic - Gueuze,Bottle 375ml,"€ 34,64 per litre"
Oude Gueuze Cuvée René old label 22/12/2016,"€ 24,99",Belgium,3.73,Brouwerij Lindemans,6%,Lambic - Gueuze,Bottle 750ml,"€ 33,32 per litre"
St Louis Fond Tradition Gueuze Lambic 10/2027,"€ 4,99",Belgium,3.71,Kasteel Brouwerij Vanhonsebrouck,5%,Lambic - Gueuze,Bottle 375ml,"€ 13,31 per litre"
Oude Gueuze Cuvée,"€ 5,99",Belgium,3.68,Brouwerij De Troch,5.5%,Lambic - Gueuze,Bottle 375ml,"€ 15,97 per litre"
Oude Gueuze Cuvée,"€ 4,99",Belgium,3.68,Brouwerij De Troch,5.5%,Lambic - Gueuze,Bottle 375ml,"€ 13,31 per litre"
Faro 03/04/2020,"€ 2,99",Belgium,3.67,Brouwerij Lindemans,4.5%,Lambic - Faro,Bottle 375ml,"€ 7,97 per litre"
Faro 08/08/2020,"€ 2,99",Belgium,3.67,Brouwerij Lindemans,4.5%,Lambic - Faro,Bottle 375ml,"€ 7,97 per litre"
Faro 22/08/2020,"€ 1,49",Belgium,3.67,Brouwerij Lindemans,4.5%,Lambic - Faro,Bottle 250ml,"€ 5,96 per litre"
Faro 30/08/2020,"€ 5,99",Belgium,3.67,Brouwerij Lindemans,4.5%,Lambic - Faro,Bottle 750ml,"€ 7,99 per litre"
Timmermans Lambic & Stout 22/08/2020,"€ 34,99",Belgium,3.64,Brewery John Martin & Brewery Timmermans/ Guinness,6%,Stout - Belgian,Bottle 750ml,"€ 46,65 per litre"
Bersalis Tripel 2017 Oak Aged,"€ 2,99",Belgium,3.64,Oud Beersel,10.5%,Sour - Other,Bottle 375ml,"€ 7,97 per litre"
Oude Geuze à l'Ancienne Brewing season 2018-2019 (new label),"€ 7,49",Belgium,3.63,Brouwerij Boon,7%,Lambic - Gueuze,Bottle 750ml,"€ 9,99 per litre"
Gueuze (Filtered) Ex 2019,"€ 18,99",Belgium,3.62,Brouwerij Girardin,5%,Lambic - Gueuze,Bottle 750ml,"€ 25,32 per litre"
Oude Geuze à l'Ancienne Brewing season 2018-2019 (new label),"€ 7,49",Belgium,3.63,Brouwerij Boon,7%,Lambic - Gueuze,Bottle 750ml,"€ 9,99 per litre"
Gueuze (Filtered) Ex 2019,"€ 18,99",Belgium,3.62,Brouwerij Girardin,5%,Lambic - Gueuze,Bottle 750ml,"€ 25,32 per litre"
Gueuze (Filtered) Ex 2020,"€ 7,99",Belgium,3.62,Brouwerij Girardin,5%,Lambic - Gueuze,Bottle 375ml,"€ 21,31 per litre"
Gueuze (Filtered) Ex 2021,"€ 11,99",Belgium,3.62,Brouwerij Girardin,5%,Lambic - Gueuze,Bottle 750ml,"€ 15,99 per litre"
Selection Lambic Gueuze 2018,"€ 14,99",Belgium,3.61,Belle-Vue,6.2%,Lambic - Gueuze,Bottle 750ml,"€ 19,99 per litre"
Tommie Sjef – Oude 19/12/2020,"€ 54,99",United States,3.57,Wild Mind Ales,6%,Cider - Other Fruit,Bottle 750ml,"€ 73,32 per litre"
Framboise,"€ 7,99",Belgium,3.56,Oud Beersel,5%,Lambic - Framboise,Bottle 375ml,"€ 21,31 per litre"
Cuvée Chapeau Oude Gueuze,"€ 7,99",Belgium,3.56,Brouwerij De Troch,5.5%,Lambic - Gueuze,Bottle 750ml,"€ 10,65 per litre"
Reuss Lambic Blend Sour Ale,"€ 13,99",Belgium,3.48,Brouwerij Boon,8%,Belgian Strong Dark Ale,Bottle 750ml,"€ 18,65 per litre"
Timmermans Lambicus Blanche 22/11/2019,"€ 3,99",Belgium,3.47,Brewery John Martin & Brewery Timmermans,4.5%,Lambic - Traditional,Bottle 375ml,"€ 10,64 per litre"
Timmermans Faro 13/03/2020,"€ 3,99",Belgium,3.45,Brewery John Martin & Brewery Timmermans,4%,Lambic - Faro,Bottle 375ml,"€ 10,64 per litre"
Gueuze 14/05/2020,"€ 2,99",Belgium,3.41,Brouwerij Lindemans,5%,Lambic - Gueuze,Bottle 375ml,"€ 7,97 per litre"
Gueuze 20/03/2020,"€ 2,99",Belgium,3.41,Brouwerij Lindemans,5%,Lambic - Gueuze,Bottle 375ml,"€ 7,97 per litre"
Gueuze 24/08/2020,"€ 2,99",Belgium,3.41,Brouwerij Lindemans,5%,Lambic - Gueuze,Bottle 375ml,"€ 7,97 per litre"
Gueuze 29/05/2020,"€ 1,49",Belgium,3.41,Brouwerij Lindemans,5%,Lambic - Gueuze,Bottle 250ml,"€ 5,96 per litre"
Oude Geuze à l'Ancienne Brewing season 2001-2002 (old label),"€ 12,99",Belgium,3.37,Brouwerij Boon,7%,Lambic - Gueuze,Bottle 375ml,"€ 34,64 per litre"
Oude Geuze à l'Ancienne Brewing season 2011-2012,"€ 21,49",Belgium,3.37,Brouwerij Boon,7%,Lambic - Gueuze,Bottle 750ml,"€ 28,65 per litre"
Oude Geuze à l'Ancienne Brewing season 2013-2014,"€ 17,49",Belgium,3.37,Brouwerij Boon,7%,Lambic - Gueuze,Bottle 750ml,"€ 23,32 per litre"
Oude Geuze à l'Ancienne Brewing season 2014-2015,"€ 2,49",Belgium,3.37,Brouwerij Boon,7%,Lambic - Gueuze,Bottle 250ml,"€ 9,96 per litre"
Oude Geuze à l'Ancienne Brewing season 2014-2015,"€ 7,50",Belgium,3.37,Brouwerij Boon,7%,Lambic - Gueuze,Bottle 375ml,"€ 20,00 per litre"
Oude Geuze à l'Ancienne Brewing season 2014-2015,"€ 7,50",Belgium,3.37,Brouwerij Boon,7%,Lambic - Gueuze,Bottle 375ml,"€ 20,00 per litre"
Oude Geuze à l'Ancienne Brewing season 2014-2015,"€ 15,49",Belgium,3.37,Brouwerij Boon,7%,Lambic - Gueuze,Bottle 750ml,"€ 20,65 per litre"
Oude Geuze à l'Ancienne Brewing season 2015-2016,"€ 6,50",Belgium,3.37,Brouwerij Boon,7%,Lambic - Gueuze,Bottle 375ml,"€ 17,33 per litre"
Oude Geuze à l'Ancienne Brewing season 2015-2016,"€ 13,49",Belgium,3.37,Brouwerij Boon,7%,Lambic - Gueuze,Bottle 750ml,"€ 17,99 per litre"
Oude Geuze à l'Ancienne Brewing season 2016-2017,"€ 1,99",Belgium,3.37,Brouwerij Boon,7%,Lambic - Gueuze,Bottle 250ml,"€ 7,96 per litre"
Oude Geuze à l'Ancienne Brewing season 2016-2017,"€ 5,50",Belgium,3.37,Brouwerij Boon,7%,Lambic - Gueuze,Bottle 375ml,"€ 14,67 per litre"
Oude Geuze à l'Ancienne Brewing season 2016-2017,"€ 11,49",Belgium,3.37,Brouwerij Boon,7%,Lambic - Gueuze,Bottle 750ml,"€ 15,32 per litre"
Oude Geuze à l'Ancienne Brewing season 2017-2018,"€ 9,49",Belgium,3.37,Brouwerij Boon,7%,Lambic - Gueuze,Bottle 750ml,"€ 12,65 per litre"
Gueuze 04/2019,"€ 4,99",Belgium,3.34,Brouwerij Mort Subite,7%,Lambic - Gueuze,Bottle 375ml,"€ 13,31 per litre"
Gueuze 11/2019,"€ 4,99",Belgium,3.34,Brouwerij Mort Subite,7%,Lambic - Gueuze,Bottle 375ml,"€ 13,31 per litre"
Oude Gueuze 19/04/2028,"€ 4,99",Belgium,3.34,Brouwerij Mort Subite,7%,Lambic - Gueuze,Bottle 375ml,"€ 13,31 per litre"
Oude Gueuze 19/10/2027,"€ 4,99",Belgium,3.34,Brouwerij Mort Subite,7%,Lambic - Gueuze,Bottle 375ml,"€ 13,31 per litre"
Chapeau Faro,"€ 2,49",Belgium,3.31,Brouwerij De Troch,4.75%,Lambic - Faro,Bottle 250ml,"€ 9,96 per litre"
Faro Ex 2019,"€ 2,99",Belgium,3.19,Brouwerij Girardin,5%,Lambic - Faro,Bottle 375ml,"€ 7,97 per litre"
Chapeau Geuze,"€ 2,49",Belgium,2.98,Brouwerij De Troch,5.5%,Lambic - Gueuze,Bottle 250ml,"€ 9,96 per litre"
Chapeau Geuze,"€ 4,99",Belgium,2.98,Brouwerij De Troch,5.5%,Lambic - Gueuze,Bottle 375ml,"€ 13,31 per litre"
Belle Vue Gueuze 27/04/2018,"€ 1,99",Belgium,2.97,Belle-Vue,5.5%,Lambic - Gueuze,Bottle 250ml,"€ 7,96 per litre"
Framboos -kriek tonka- 2019 01/2020,"€ 249,99",Belgium,?,Bokke,6%,Lambic - Fruit,Bottle 750ml,"€ 333,32 per litre"
DDVD Korenaar Bien-Sûr - Cranberries,"€ 5,17",Belgium,3.52,Brouwerij De Dochter van de Korenaar,7%,Sour - Fruited,330ml,"€ 15,67 per litre"
Noir Imperial Stout 2019,"€ 19,50",United States,4.24,Prairie Artisan Ales,13.7%,Stout - Imperial / Double Oatmeal,355ml,"€ 54,93 per litre"
ToOl Omnipresent,"€ 10,50",Denmark,3.98,To Øl,7.4%,Sour - Fruited,Bottle 375ml,"€ 28,00 per litre"
ToOl Paid in Diamonds - Cabernet,"€ 10,50",Denmark,3.88,To Øl,7.2%,Wild Ale - Other,Bottle 375ml,"€ 28,00 per litre"
ToOl Polyradiant,"€ 20,30",Denmark,3.73,To Øl,6.7%,Farmhouse Ale - Bière de Coupage,Bottle 750ml,"€ 27,07 per litre"
ToOl Utopian Tones,"€ 20,30",Denmark,3.72,To Øl,5.8%,Wild Ale - Other,Bottle 750ml,"€ 27,07 per litre"
Tagboard,"€ 35,95",United States,4.20,Black Project Spontaneous & Wild Ales,5.5%,Wild Ale - American,Bottle 750ml,"€ 47,93 per litre"
Jule Malt (2021),"€ 14,70",Denmark,3.97,To Øl,14.5%,Stout - Imperial / Double Milk,Bottle 375ml,"€ 39,20 per litre"
Verzet Foederbier - Deedee Ramone,"€ 3,47",Belgium,3.50,Brouwerij 't Verzet,7%,Sour - Flanders Red Ale,330ml,"€ 10,52 per litre"
Verzet Super NoAH,"€ 2,13",Belgium,3.29,Brouwerij 't Verzet,4.9%,Belgian Blonde,Bottle 330ml,"€ 6,45 per litre"
ÖÖ XO Cognac Barrel Aged Imperial Baltic Porter,"€ 6,95",Estonia,4.13,Põhjala,11.5%,Porter - Imperial / Double Baltic,330ml,"€ 21,06 per litre"
Bourbon Barrel Aged Chocolate Barleywine,"€ 10,49",United States,3.99,Moody Tongue Brewing Company,13%,Barleywine - American,330ml,"€ 31,79 per litre"
Oak Barrel Aged Flanders Red Ale,"€ 9,99",United States,3.80,Moody Tongue Brewing Company,6.7%,Sour - Flanders Red Ale,330ml,"€ 30,27 per litre"
Frambozen Lambik Oogst 2019,"€ 23,40",Belgium,4.22,Brouwerij 3 Fonteinen,6.8%,Lambic - Framboise,Bottle 375ml,"€ 62,40 per litre"
Xmas Override (2021),"€ 10,50",Sweden,3.92,Nerdbrewing,11.1%,Stout - Imperial / Double Milk,330ml,"€ 31,82 per litre"
OG Armand & Gaston 18/19 Assemblage n° 56,"€ 11,23",Belgium,4.31,Brouwerij 3 Fonteinen,7.4%,Lambic - Gueuze,Bottle 375ml,"€ 29,95 per litre"
In Plenty Marshmallow Brownie,"€ 13,30",Sweden,4.12,Omnipollo,12%,Stout - Imperial / Double Pastry,330ml,"€ 40,30 per litre"
The Veil Mergence IV,"€ 39,90",United States,4.16,The Veil Brewing Co.,6%,Farmhouse Ale - Other,Bottle 750ml,"€ 53,20 per litre"
Brauerei Kemker Aoltbeer 2021-05,"€ 19,90",Germany,4.15,Kemker Kultuur (Brauerei J. Kemker),6%,Sour - Other,Bottle 750ml,"€ 26,53 per litre"
Brauerei Kemker Aoltbeer 10-2021 Dornfelder,"€ 19,90",Germany,4.14,Kemker Kultuur (Brauerei J. Kemker),7%,Sour - Fruited,Bottle 750ml,"€ 26,53 per litre"
The Veil Make you Feel Blueberry,"€ 39,90",United States,4.11,The Veil Brewing Co.,6.7%,Farmhouse Ale - Other,Bottle 750ml,"€ 53,20 per litre"
Blackberry Grisette,"€ 25,90",United States,3.90,Jester King Brewery,5.8%,Farmhouse Ale - Grisette,Bottle 750ml,"€ 34,53 per litre"
Cherry Grisette,"€ 25,90",United States,3.87,Jester King Brewery,5.3%,Farmhouse Ale - Grisette,Bottle 750ml,"€ 34,53 per litre"
Citrus Froot Direct,"€ 18,10",United States,3.84,Jester King Brewery,6.6%,IPA - Farmhouse,Bottle 750ml,"€ 24,13 per litre"
Jolly Pumpkin/North Peak Habitante Espiritu,"€ 23,30",United States,3.70,Jolly Pumpkin Artisan Ales/ North Peak Brewing Company,7.9%,IPA - White / Wheat,Bottle 750ml,"€ 31,07 per litre"
Gruut Inferno,"€ 3,40",Belgium,3.52,Gentse Gruut Stadsbrouwerij,9%,Historical Beer - Gruit / Ancient Herbed Ale,330ml,"€ 10,30 per litre"
Stille Nacht  VINTAGE 2018,"€ 7,11",Belgium,3.91,Brouwerij De Dolle Brouwers,12%,Belgian Strong Golden Ale,330ml,"€ 21,55 per litre"
WILD  15 - Bière de Soif Plum,"€ 8,29",Poland,3.97,Browar Stu Mostów,6.3%,Sour - Fruited,Bottle 375ml,"€ 22,11 per litre"
Stu Mostów / Whiplash Old School Imperial Stout,"€ 8,31",Poland,4.03,Browar Stu Mostów/ Whiplash,10%,Stout - Imperial / Double,Can 440ml,"€ 18,89 per litre"
Early Start,"€ 7,61",England,4.07,Buxton Brewery,10.5%,Stout - Imperial / Double,Can 440ml,"€ 17,30 per litre"
Oude Geuze Editie Gooikoorts (2019),"€ 22,60",Belgium,4.24,Geuzestekerij De Cam,6.8%,Lambic - Gueuze,Bottle 375ml,"€ 60,27 per litre"
Kriek Lambiek 375ml (De Cam),"€ 16,40",Belgium,4.14,Geuzestekerij De Cam,6.5%,Lambic - Kriek,Bottle 375ml,"€ 43,73 per litre"
Rabarber Lambiek,"€ 47,10",Belgium,4.06,Geuzestekerij De Cam,7.2%,Lambic - Fruit,Bottle 750ml,"€ 62,80 per litre"
Oude Geuze (De Cam),"€ 12,90",Belgium,4.05,Geuzestekerij De Cam,6%,Lambic - Gueuze,Bottle 375ml,"€ 34,40 per litre"
5 Year Old Oude Lambiek 2019,"€ 58,50",Belgium,4.21,Geuzestekerij De Cam,5%,Lambic - Traditional,Bottle 750ml,"€ 78,00 per litre"
Oude Geuze 2017 (De Cam),"€ 41,90",Belgium,4.18,Geuzestekerij De Cam,6%,Lambic - Gueuze,Bottle 750ml,"€ 55,87 per litre"
Framboos Vlier,"€ 59,70",Belgium,4.15,Geuzestekerij De Cam,6.2%,Lambic - Fruit,Bottle 750ml,"€ 79,60 per litre"
Kriek Lambiek 750ml (De Cam),"€ 35,00",Belgium,4.14,Geuzestekerij De Cam,6.5%,Lambic - Kriek,Bottle 750ml,"€ 46,67 per litre"
Malus Domestica Lambicus,"€ 21,20",Belgium,4.09,Geuzestekerij De Cam,7%,Lambic - Fruit,Bottle 375ml,"€ 56,53 per litre"
Highway Of Diamonds 2020,"€ 21,50",Denmark,3.89,Baghaven Brewing and Blending,8.8%,Wild Ale - Other,Bottle 750ml,"€ 28,67 per litre"
3 Year Unblended Lambic (De Cam),"€ 22,80",Belgium,3.69,Oud Beersel,5%,Lambic - Traditional,Bottle 750ml,"€ 30,40 per litre"
Kemker Aoltbeer 2021-11 - Plums,"€ 17,97",Germany,4.10,Kemker Kultuur (Brauerei J. Kemker),6%,Sour - Fruited,Bottle 750ml,"€ 23,96 per litre"
Svartbjörn Kanel VINTAGE 2016,"€ 17,99",Sweden,4.06,Sahtipaja,12%,Mead - Other,Bottle 250ml,"€ 71,96 per litre"
Out of the Blue VINTAGE 2016,"€ 14,99",Sweden,3.99,Sahtipaja,11%,Mead - Other,Bottle 250ml,"€ 59,96 per litre"
Red Skull Hallon Melomel VINTAGE 2016,"€ 24,74",Sweden,3.97,Sahtipaja,19.3%,Mead - Melomel,Bottle 250ml,"€ 98,96 per litre"
Sött men inte Rött VINTAGE 2016,"€ 14,99",Sweden,3.73,Sahtipaja,4.7%,Sour - Fruited Berliner Weisse,Bottle 250ml,"€ 59,96 per litre"
Domedagsmjöd 8:10-11 VINTAGE 2016,"€ 22,49",Sweden,3.37,Sahtipaja,11%,Mead - Other,Bottle 250ml,"€ 89,96 per litre"
Glou,"€ 16,21",Canada,3.95,Stillwell Brewing Company,6.3%,Farmhouse Ale - Saison,500ml,"€ 32,42 per litre"
Weizenbock,"€ 3,30",Netherlands,3.54,DAVO,8.8%,Bock - Weizenbock,330ml,"€ 10,00 per litre"
nordlund's field blend,"€ 16,00",Denmark,3.90,Mikkeller,7.3%,Wild Ale - Other,Bottle 750ml,"€ 21,33 per litre"
North,"€ 17,50",United States,3.70,Mikkeller Brewing San Diego/ Root + Branch Brewing,10%,Belgian Strong Golden Ale,Bottle 750ml,"€ 23,33 per litre"
Brew Co,"€ 18,00",England,4.05,Cloudwater Brew Co./ Oliver's Cider & Perry,6.1%,Cider - Perry / Poiré,Bottle 750ml,"€ 24,00 per litre"
Maiden 2020,"€ 13,25",England,4.19,Siren Craft Brew,11%,Barleywine - American,Bottle 375ml,"€ 35,33 per litre"
Tefnut Pompelmocello Triple Fruited Imperial Gose,"€ 8,00",Sweden,3.55,Omnipollo,10%,Sour - Fruited Gose,330ml,"€ 24,24 per litre"
Velvet Rush,"€ 4,99",United States,3.90,Founders Brewing Co.,11.1%,Brown Ale - Imperial / Double,355ml,"€ 14,06 per litre"
Más Agave Lime,"€ 6,49",United States,3.89,Founders Brewing Co.,10%,Sour - Fruited Gose,Bottle 355ml,"€ 18,28 per litre"
Más Agave Prickly Pear,"€ 6,49",United States,3.88,Founders Brewing Co.,9.7%,Sour - Fruited Gose,355ml,"€ 18,28 per litre"
Más Agave Grapefruit,"€ 6,49",United States,3.73,Founders Brewing Co.,9.7%,Sour - Fruited Gose,355ml,"€ 18,28 per litre"
Perry  Méthode Traditionnelle 2019,"€ 18,05",Estonia,3.79,Jaanihanso,9%,Cider - Perry / Poiré,Bottle 750ml,"€ 24,07 per litre"
RHEUM (Rabarberivahuvein),"€ 16,03",Estonia,3.87,Jaanihanso,10%,Cider - Dry,Bottle 750ml,"€ 21,37 per litre"
Mulled Apple Wine,"€ 9,95",Estonia,3.35,Jaanihanso,10%,Cider - Herbed / Spiced / Hopped,Bottle 750ml,"€ 13,27 per litre"
Tilquin Oude Sureau à l'Ancienne,"€ 12,99",Belgium,4.10,Gueuzerie Tilquin,6.5%,Lambic - Fruit,Bottle 375ml,"€ 34,64 per litre"
Young & Wild Fontan-Elle,"€ 12,50",Belgium,3.94,Lambiek Fabriek,5.5%,Lambic - Traditional,Bottle 750ml,"€ 16,67 per litre"
"Oude Geuze Brett-Elle - 37,5cl","€ 6,60",Belgium,3.87,Lambiek Fabriek,5.5%,Lambic - Gueuze,Bottle 375ml,"€ 17,60 per litre"
Juicy & Wild Muscar-Elle (Batch 2 - 2020),"€ 13,80",Belgium,3.84,Lambiek Fabriek,8.8%,Lambic - Fruit,Bottle 750ml,"€ 18,40 per litre"
Castle Black Bundle,"€ 27,50",United States,4.24,Mikkeller Brewing San Diego,11.3%,Stout - Imperial / Double,Bottle 375ml,"€ 73,33 per litre"
Castle Black Stout,"€ 11,40",United States,4.24,Mikkeller Brewing San Diego,11.3%,Stout - Imperial / Double,Bottle 375ml,"€ 30,40 per litre"
Three of Clubs,"€ 3,90",Denmark,3.69,Mikkeller/ Thornbridge Brewery,5.5%,Sour - Fruited,Bottle 375ml,"€ 10,40 per litre"
Hashmap,"€ 10,50",Sweden,3.80,Nerdbrewing,10.5%,Smoked Beer,330ml,"€ 31,82 per litre"
The World of Tomorrow,"€ 13,97",United States,3.67,Alewife Brewing/ L'Ermitage,5.8%,Sour - Flanders Oud Bruin,Bottle 750ml,"€ 18,63 per litre"
150,"€ 9,70",Belgium,3.75,Bières de Chimay,10%,Belgian Strong Golden Ale,Bottle 750ml,"€ 12,93 per litre"
Oude Kriekenlambik 20/21 Assemblage n° 15,"€ 20,19",Belgium,4.19,Brouwerij 3 Fonteinen,6.6%,Lambic - Kriek,Bottle 750ml,"€ 26,92 per litre"
Deya,"€ 7,50",England,3.87,DEYA Brewing Company,5.8%,Wild Ale - Other,Bottle 375ml,"€ 20,00 per litre"
Deya,"€ 16,80",England,3.82,DEYA Brewing Company,5.7%,Wild Ale - Other,Bottle 750ml,"€ 22,40 per litre"
Deya,"€ 15,00",England,3.59,DEYA Brewing Company,5.7%,Wild Ale - Other,Bottle 750ml,"€ 20,00 per litre"
Schaarbeekse Kriek Oogst 2019 19/20 Assemblage n° 74,"€ 36,71",Belgium,4.42,Brouwerij 3 Fonteinen,7.5%,Lambic - Kriek,Bottle 750ml,"€ 48,95 per litre"
Frambozenlambiek Oogst 2019 19/20 Assemblage n°33,"€ 24,31",Belgium,4.22,Brouwerij 3 Fonteinen,6.8%,Lambic - Framboise,Bottle 375ml,"€ 64,83 per litre"
Oude Geuze 18/19 Assemblage n°37,"€ 8,19",Belgium,4.31,Brouwerij 3 Fonteinen,6.9%,Lambic - Gueuze,Bottle 375ml,"€ 21,84 per litre"
Hommage Honey Oogst 2019 19/20 Assemblage n°12,"€ 43,55",Belgium,4.27,Brouwerij 3 Fonteinen,7.2%,Lambic - Framboise,Bottle 750ml,"€ 58,07 per litre"
Okay,"€ 28,50",England,4.22,Mills Brewing,6%,Wild Ale - Other,Bottle 750ml,"€ 38,00 per litre"
Three Hills / Emperor Jedi Mind Trick,"€ 13,49",England,4.03,Emperor's Brewery/ Three Hills Brewing,12.7%,Stout - Russian Imperial,330ml,"€ 40,88 per litre"
Forbidden Fruits Triple Berry Session Sour,"€ 3,20",England,3.71,Three Hills Brewing,4.5%,Sour - Fruited,Can 330ml,"€ 9,70 per litre"
Acid Junk Blackberry,"€ 2,72",Belgium,3.49,NovaBirra,4.5%,Sour - Fruited,330ml,"€ 8,24 per litre"
Oude Geuze Golden Blend 19/20 Assemblage N°37,"€ 33,97",Belgium,4.35,Brouwerij 3 Fonteinen,6.6%,Lambic - Gueuze,Bottle 750ml,"€ 45,29 per litre"
Oerbier,"€ 3,87",Belgium,3.71,Brouwerij De Dolle Brouwers,9%,Belgian Strong Dark Ale,330ml,"€ 11,73 per litre"
Hof Ten Dormaal Lente,"€ 28,97",Belgium,4.06,Brouwerij Hof ten Dormaal,6%,Lambic - Traditional,Bottle 750ml,"€ 38,63 per litre"
Brokilde Winter,"€ 4,30",Denmark,3.42,To Øl,8.5%,Belgian Tripel,Bottle 330ml,"€ 13,03 per litre"
Tricky Triple,"€ 4,50",Netherlands,3.51,Gebrouwen Door Vrouwen,7.8%,Belgian Tripel,330ml,"€ 13,64 per litre"
Idle Chatter,"€ 24,20",United States,4.02,Mikkeller Brewing San Diego,6.5%,Sour - Other,500ml,"€ 48,40 per litre"
Imperial Russian Stout,"€ 8,24",Netherlands,3.84,Brouwerij Emelisse,11%,Stout - Russian Imperial,Bottle 750ml,"€ 10,99 per litre"
Chateau,"€ 8,10",Poland,3.86,Browar Artezan,7.2%,Sour - Flanders Red Ale,Bottle 375ml,"€ 21,60 per litre"
Oo XO,"€ 10,60",Estonia,4.13,Põhjala,11.5%,Porter - Imperial / Double Baltic,330ml,"€ 32,12 per litre"
Seditious Ways,"€ 36,50",United States,4.23,The Rare Barrel,6.9%,Wild Ale - American,Bottle 750ml,"€ 48,67 per litre"
Winter Lambiek,"€ 21,49",Belgium,3.72,Oud Beersel,7.2%,Lambic - Other,Bottle 750ml,"€ 28,65 per litre"
Pohjala Belle Bulle,"€ 10,50",Estonia,3.88,Põhjala,8%,Sour - Fruited Gose,330ml,"€ 31,82 per litre"
Between Red and Blue,"€ 20,20",Denmark,3.68,Baghaven Brewing and Blending,5%,Wild Ale - Other,Bottle 750ml,"€ 26,93 per litre"
Belle Bulle (Cellar Series),"€ 5,30",Estonia,3.88,Põhjala,8%,Sour - Fruited Gose,330ml,"€ 16,06 per litre"
LeFort Tripel,"€ 2,20",Belgium,3.72,Omer Vander Ghinste,8.5%,Belgian Tripel,330ml,"€ 6,67 per litre"
Boon / Mikkeller Cuvée Oude Henri,"€ 11,49",Belgium,3.78,Brouwerij Boon/ Mikkeller,7%,Lambic - Gueuze,Bottle 375ml,"€ 30,64 per litre"
Nevel Rust,"€ 7,97",Netherlands,3.58,Nevel Wild Ales,6%,Wild Ale - Other,Bottle 375ml,"€ 21,25 per litre"
Timeless,"€ 16,70",Netherlands,3.89,Nevel Wild Ales/ White Stork Beer Co.,5.9%,Wild Ale - Other,Bottle 375ml,"€ 44,53 per litre"
Timeless,"€ 27,47",Netherlands,3.89,Nevel Wild Ales/ White Stork Beer Co.,5.9%,Wild Ale - Other,Bottle 750ml,"€ 36,63 per litre"
Mango Beer Glutenvrij,"€ 2,75",Belgium,3.25,Mongozo,3.6%,Fruit Beer,330ml,"€ 8,33 per litre"
Tilquin Gueuze 2020-2021,"€ 15,97",Belgium,4.06,Gueuzerie Tilquin,7%,Lambic - Gueuze,Bottle 750ml,"€ 21,29 per litre"
Tilquin Mûre 2020-2021,"€ 11,37",Belgium,4.20,Gueuzerie Tilquin,6%,Lambic - Fruit,Bottle 375ml,"€ 30,32 per litre"
Tilquin Quetsche 2020-2021,"€ 9,95",Belgium,4.20,Gueuzerie Tilquin,6.4%,Lambic - Fruit,Bottle 375ml,"€ 26,53 per litre"
Hof Ten Dormaal Kriek Whiskey BA 2021,"€ 28,97",Belgium,3.88,Brouwerij Hof ten Dormaal,6.5%,Sour - Fruited,Bottle 750ml,"€ 38,63 per litre"
Caractere Rouge,"€ 13,99",Belgium,4.15,Brouwerij Rodenbach,7%,Sour - Flanders Red Ale,Bottle 750ml,"€ 18,65 per litre"
Oude Geuze 18/19 Assemblage n°75,"€ 8,19",Belgium,4.17,Brouwerij 3 Fonteinen,7.2%,Lambic - Gueuze,Bottle 375ml,"€ 21,84 per litre"
Oude Geuze 2018-2019,"€ 3,87",Belgium,3.63,Brouwerij Boon,7%,Lambic - Gueuze,Bottle 250ml,"€ 15,48 per litre"
A Little Chaos,"€ 29,50",United States,4.06,18th Street Brewery/ 18th Street Distillery/ Mikkeller Brewing San Diego,7%,Farmhouse Ale - Other,Bottle 750ml,"€ 39,33 per litre"
Tripel,"€ 2,20",Belgium,3.65,Abbaye de Leffe,8.5%,Belgian Tripel,330ml,"€ 6,67 per litre"
Canon Sauvignon,"€ 20,00",Switzerland,3.90,À tue-tête,6.6%,Sour - Fruited,Bottle 750ml,"€ 26,67 per litre"
Surette Café,"€ 11,00",Switzerland,3.80,À tue-tête,6.8%,Sour - Other,Bottle 375ml,"€ 29,33 per litre"
Hopera,"€ 3,30",Belgium,3.54,Brasserie Lupulus,6%,IPA - Belgian,330ml,"€ 10,00 per litre"
Rasta Trolls,"€ 3,40",Belgium,3.14,Brasserie Dubuisson,7%,Belgian Blonde,330ml,"€ 10,30 per litre"
La Trappe Quadrupel,"€ 2,20",Netherlands,3.91,Bierbrouwerij De Koningshoeven,10%,Belgian Quadrupel,330ml,"€ 6,67 per litre"
Pecheresse,"€ 5,00",Belgium,3.57,Brouwerij Lindemans,2.5%,Lambic - Fruit,355ml,"€ 14,08 per litre"
Souropod Blood Orange,"€ 2,00",England,3.79,Staggeringly Good,6.4%,Sour - Fruited,Can 440ml,"€ 4,55 per litre"
Downhill Jam,"€ 2,00",England,3.54,Pentrich Brewing Co.,5.5%,Sour - Fruited,Can 440ml,"€ 4,55 per litre"
Stroop Kid Shake,"€ 26,60",United States,4.33,Mikkeller Brewing San Diego,13.5%,Stout - Imperial / Double,500ml,"€ 53,20 per litre"
Nevel Rust,"€ 15,89",Netherlands,3.58,Nevel Wild Ales,5.5%,Wild Ale - Other,Bottle 750ml,"€ 21,19 per litre"
Nevel Doorn,"€ 19,55",Netherlands,3.85,Nevel Wild Ales,5.7%,Wild Ale - Other,Bottle 750ml,"€ 26,07 per litre"
Nevel Dauw,"€ 19,25",Netherlands,3.73,Nevel Wild Ales,5.6%,Wild Ale - Other,Bottle 750ml,"€ 25,67 per litre"
Nevel Jubel,"€ 18,31",Netherlands,3.68,Nevel Wild Ales,5.9%,Wild Ale - Other,Bottle 750ml,"€ 24,41 per litre"
Nevel Sintel,"€ 9,97",Netherlands,3.62,Nevel Wild Ales,5.5%,Farmhouse Ale - Bière de Garde,Bottle 375ml,"€ 26,59 per litre"
Nevel Grondslag,"€ 18,22",Netherlands,3.61,Nevel Wild Ales,6%,Wild Ale - Other,Bottle 750ml,"€ 24,29 per litre"
Nevel Perry,"€ 12,31",Netherlands,3.46,Nevel Wild Ales,6%,Cider - Perry / Poiré,Bottle 750ml,"€ 16,41 per litre"
Enrico Palazzo BBA / Mean Sardine & Bluejacket,"€ 27,29",United States,4.12,Bluejacket/ Mean Sardine Brewery/ Thin Man Brewery,14.7%,Stout - Imperial / Double,500ml,"€ 54,58 per litre"
Coolship 2021,"€ 21,00",England,4.03,The Wild Beer Co,5.9%,Wild Ale - Other,Bottle 750ml,"€ 28,00 per litre"
Pressed For Time,"€ 21,00",England,3.93,The Wild Beer Co,6.5%,Grape Ale - Other,Bottle 750ml,"€ 28,00 per litre"
Ghosts in the Forest,"€ 13,99",United States,4.07,The Lost Abbey,6.1%,Wild Ale - American,Bottle 370ml,"€ 37,81 per litre"
Brew Co,"€ 18,00",England,4.10,Cloudwater Brew Co.,5.3%,Wild Ale - American,Bottle 750ml,"€ 24,00 per litre"
Adriaen Brouwer Tripel,"€ 2,40",Belgium,3.58,Brouwerij Roman,9%,Belgian Tripel,330ml,"€ 7,27 per litre"
Dekoninck Oude Geuze,"€ 5,36",Belgium,3.76,Brouwerij Boon,7%,Lambic - Gueuze,Bottle 375ml,"€ 14,29 per litre"
Tilquin / Rulles Rullquin 2019-2020,"€ 14,77",Belgium,3.86,Gueuzerie Tilquin,7%,Sour - Other,Bottle 750ml,"€ 19,69 per litre"
Tilquin Mûre 2020-2021,"€ 19,87",Belgium,4.20,Gueuzerie Tilquin,6%,Lambic - Fruit,Bottle 750ml,"€ 26,49 per litre"
Tilquin Gueuze 2020-2021,"€ 8,17",Belgium,4.06,Gueuzerie Tilquin,7%,Lambic - Gueuze,Bottle 375ml,"€ 21,79 per litre"
Faerie Tears 2020,"€ 34,72",United States,4.38,The Ale Apothecary,8.67%,Wild Ale - American,Bottle 750ml,"€ 46,29 per litre"
Fierce Turtle,"€ 32,30",United States,4.18,The Ale Apothecary,6.7%,Wild Ale - American,Bottle 750ml,"€ 43,07 per litre"
Biere De Coupage,"€ 17,14",United States,4.18,The Ale Apothecary,7.1%,Farmhouse Ale - Bière de Coupage,Bottle 375ml,"€ 45,71 per litre"
Demon King of Friday,"€ 17,14",United States,4.17,The Ale Apothecary,9.12%,Wild Ale - American,Bottle 375ml,"€ 45,71 per litre"
Faerie Tears 2019,"€ 34,94",United States,4.16,The Ale Apothecary,10.61%,Wild Ale - American,Bottle 750ml,"€ 46,59 per litre"
Pear Therapy,"€ 18,49",United States,3.89,Cascade Brewing,6.4%,Sour - Fruited,500ml,"€ 36,98 per litre"
Guldenberg,"€ 2,44",Belgium,3.61,Brouwerij De Ranke,8%,Belgian Tripel,330ml,"€ 7,39 per litre"
Rubus Of Rose Vanilje 2020,"€ 30,20",Denmark,4.04,Baghaven Brewing and Blending,6%,Wild Ale - Other,Bottle 750ml,"€ 40,27 per litre"
Gift From Demeter Blend 2,"€ 20,20",Denmark,3.87,Baghaven Brewing and Blending,5.2%,Farmhouse Ale - Saison,Bottle 750ml,"€ 26,93 per litre"
Abraxas 2020,"€ 31,55",United States,4.36,Perennial Artisan Ales,11.5%,Stout - Imperial / Double,Bottle 750ml,"€ 42,07 per litre"
Then you roast the Mallow,"€ 14,25",United States,4.05,Perennial Artisan Ales,11.5%,Stout - Imperial / Double Pastry,473ml,"€ 30,13 per litre"
Tuesday 2021 Imperial Baltic Porter,"€ 37,50",United States,4.29,Cycle Brewing Company,12%,Porter - Imperial / Double Baltic,Bottle 650ml,"€ 57,69 per litre"
Monday 2021 Barrel Aged Imperial Stout,"€ 37,50",United States,4.20,Cycle Brewing Company,12%,Stout - Imperial / Double,Bottle 650ml,"€ 57,69 per litre"
L'or Noir,"€ 2,30",Belgium,3.60,Brouwerij Kompel,8.2%,Belgian Tripel,330ml,"€ 6,97 per litre"
Mikkeller X Boon: Oude Gueze Calvados 2017,"€ 16,80",Belgium,3.99,Brouwerij Boon/ Mikkeller,6.4%,Lambic - Gueuze,Bottle 750ml,"€ 22,40 per litre"
Maduro,"€ 3,99",United States,3.76,Cigar City Brewing,5.5%,Brown Ale - English,355ml,"€ 11,24 per litre"
Hof Ten Dormaal Framboos,"€ 4,67",Belgium,3.69,Brouwerij Hof ten Dormaal,6.5%,Sour - Fruited,330ml,"€ 14,15 per litre"
Gentle Bastard,"€ 3,32",Hungary,3.66,HORIZONT Brewing,6.5%,IPA - American,330ml,"€ 10,06 per litre"
"Farmhouse Sour  5 - Moscatel, red wine & Porto BA","€ 17,55",Belgium,4.04,Brouwerij Alvinne,8%,Sour - Other,Bottle 750ml,"€ 23,40 per litre"
Shady Priest Heaven Hill Bourbon Barrel Aged,"€ 7,80",Belgium,4.00,Galea Craft Beers,12.5%,Stout - Imperial / Double Pastry,330ml,"€ 23,64 per litre"
Hot Choc,"€ 4,54",Spain,3.83,Cervesa Espiga,11.5%,Stout - Imperial / Double Pastry,330ml,"€ 13,76 per litre"
The Black Pot Cocoa Nibs Honey,"€ 5,39",Romania,4.09,Bereta Brewing Co./ Wicked Barrel,10.9%,Stout - Imperial / Double,330ml,"€ 16,33 per litre"
Alvinne A Long-Expected Party,"€ 12,07",Belgium,4.05,Brouwerij Alvinne,6%,Sour - Fruited,330ml,"€ 36,58 per litre"
Athelas,"€ 12,07",Belgium,3.89,Brouwerij Alvinne,6%,Sour - Fruited,330ml,"€ 36,58 per litre"
Equilibrium,"€ 21,60",United States,4.11,Equilibrium Brewery/ Keeping Together,6%,Farmhouse Ale - Other,Bottle 375ml,"€ 57,60 per litre"
Hommage 2018-2019 BLEND 106,"€ 24,04",Belgium,4.28,Brouwerij 3 Fonteinen,5.3%,Lambic - Framboise,Bottle 750ml,"€ 32,05 per litre"
Interboro Mixed Janker,"€ 4,00",United States,3.72,Interboro Spirits & Ales,6%,Sour - Other,Can 470ml,"€ 8,51 per litre"
Liquor Barrel Aged El Frogquistador,"€ 17,99",United States,3.72,Hoppin' Frog Brewery,8.6%,Blonde / Golden Ale - Other,Bottle 650ml,"€ 27,68 per litre"
Citra Nectarine Foudre Beer,"€ 15,70",England,3.96,Cloudwater Brew Co.,8.8%,IPA - Brett,Bottle 375ml,"€ 41,87 per litre"
Lente Lambiek,"€ 27,40",Belgium,4.06,Brouwerij Hof ten Dormaal,6%,Lambic - Traditional,Bottle 750ml,"€ 36,53 per litre"
Cider,"€ 6,00",Belgium,3.40,Brouwerij Hof ten Dormaal,7%,Cider - Traditional / Apfelwein,500ml,"€ 12,00 per litre"
Cosmic Silence,"€ 29,99",United States,4.20,Modern Times Beer,14%,Stout - Imperial / Double,Bottle 650ml,"€ 46,14 per litre"
The Bruery The Wanderer 2017,"€ 16,24",United States,4.11,The Bruery Terreux,8.3%,Wild Ale - American,Bottle 750ml,"€ 21,65 per litre"
Fated Farmer Cranberry,"€ 19,99",United States,4.10,Trillium Brewing Company,6.8%,Wild Ale - American,Bottle 750ml,"€ 26,65 per litre"
Oude Tart,"€ 15,59",United States,4.02,The Bruery Terreux,7.5%,Sour - Flanders Red Ale,Bottle 750ml,"€ 20,79 per litre"
Vindictive II,"€ 25,49",United States,4.01,The Bruery,16.1%,Stout - Imperial / Double,Bottle 750ml,"€ 33,99 per litre"
Odd Breed Spiffy Kicks - Bottled on 03-10-2019,"€ 23,99",United States,4.00,Odd Breed Wild Ales,6.3%,Wild Ale - American,Bottle 750ml,"€ 31,99 per litre"
Bourbon BA Abbey Roof,"€ 14,99",United States,3.98,Thorn Brewing Company,10.1%,Belgian Quadrupel,Bottle 650ml,"€ 23,06 per litre"
Tripel Berry Hand Pie,"€ 17,87",United States,3.96,The Bruery Terreux,11.8%,Wild Ale - American,Bottle 750ml,"€ 23,83 per litre"
Odd Breed Heavy Bandwidth,"€ 26,99",United States,3.93,Odd Breed Wild Ales,18%,Wild Ale - American,Bottle 370ml,"€ 72,95 per litre"
Valise,"€ 16,24",United States,3.79,The Bruery Terreux,10.5%,Sour - Other,Bottle 750ml,"€ 21,65 per litre"
Simple Means,"€ 14,99",United States,3.63,Jester King Brewery,5.6%,Altbier - Traditional,Bottle 750ml,"€ 19,99 per litre"
Bzart Lambiek Millésime 2018,"€ 25,99",Belgium,3.98,Oud Beersel,8%,Lambic - Traditional,Bottle 750ml,"€ 34,65 per litre"
Amerikanischer Traum,"€ 2,99",Germany,3.49,Landgang Brauerei,6.5%,IPA - American,330ml,"€ 9,06 per litre"
Mason Raven's Light,"€ 6,25",United States,3.96,Mason Ale Works,13.5%,Stout - Imperial / Double Pastry,Can 470ml,"€ 13,30 per litre"
Etain Harlan Red Wine BA,"€ 23,09",United States,4.21,The Bruery,16.3%,Old / Stock Ale,Bottle 750ml,"€ 30,79 per litre"
Chronology 18 Imperial Porter,"€ 20,99",United States,4.16,The Bruery,13.4%,Porter - Imperial / Double,Bottle 750ml,"€ 27,99 per litre"
Sourrento 2020,"€ 14,94",United States,4.13,The Bruery,7.7%,Sour - Other,Bottle 750ml,"€ 19,92 per litre"
Melange 1,"€ 23,99",United States,4.13,The Bruery,14.2%,Strong Ale - American,Bottle 750ml,"€ 31,99 per litre"
Chronology 12 Wee Heavy,"€ 19,59",United States,4.12,The Bruery,14.1%,Scotch Ale / Wee Heavy,Bottle 750ml,"€ 26,12 per litre"
Chronology 12 Imperial Porter,"€ 19,59",United States,4.11,The Bruery,12.2%,Porter - Imperial / Double,Bottle 750ml,"€ 26,12 per litre"
Sucré: Tequila,"€ 24,14",United States,4.04,The Bruery,15%,Old / Stock Ale,Bottle 750ml,"€ 32,19 per litre"
The Bruery Annuel 2019,"€ 19,59",United States,4.02,The Bruery Terreux,13.5%,Sour - Other,Bottle 750ml,"€ 26,12 per litre"
The Bruery Annuel 2020,"€ 20,64",United States,4.01,The Bruery Terreux,13.7%,Sour - Other,Bottle 750ml,"€ 27,52 per litre"
The Bruery Provisions with Chef Brooke: The Vine,"€ 18,19",United States,3.97,The Bruery Terreux,12.2%,Grape Ale - Other,Bottle 750ml,"€ 24,25 per litre"
The Bruery Annuel 2018,"€ 19,59",United States,3.96,The Bruery Terreux,11.6%,Sour - Other,Bottle 750ml,"€ 26,12 per litre"
Provisions with Chef Brooke: The Berry,"€ 15,92",United States,3.89,The Bruery,9.2%,Belgian Tripel,Bottle 750ml,"€ 21,23 per litre"
Batch No. 1731,"€ 12,99",United States,3.42,The Bruery Terreux,5.1%,Wild Ale - American,Bottle 750ml,"€ 17,32 per litre"
Smokestack Series: Saison-Brett 2016,"€ 18,74",United States,3.76,Boulevard Brewing Co.,8.5%,Farmhouse Ale - Saison,Bottle 750ml,"€ 24,99 per litre"
Smokestack Series: Tell-Tale Tart VINTAGE 2016,"€ 4,19",United States,3.65,Boulevard Brewing Co.,6.2%,Sour - Other,350ml,"€ 11,97 per litre"
Bzart Kriekenlambiek Millésime 2019,"€ 25,99",Belgium,4.15,Oud Beersel,8%,Lambic - Kriek,Bottle 750ml,"€ 34,65 per litre"
Omas Betthupferl,"€ 2,90",Germany,3.33,Braumanufaktur Hertl,6.5%,Bock - Single / Traditional,500ml,"€ 5,80 per litre"
Dubbel,"€ 6,25",Netherlands,3.63,Bierbrouwerij De Koningshoeven,7%,Belgian Dubbel,Bottle 750ml,"€ 8,33 per litre"
Siphonaptera,"€ 8,40",Scotland,3.83,Epochal Barrel Fermented Ales,3.8%,Table Beer,Bottle 375ml,"€ 22,40 per litre"
Tuesday 2021,"€ 46,91",United States,4.29,Cycle Brewing Company,12%,Porter - Imperial / Double Baltic,Bottle 750ml,"€ 62,55 per litre"
Cuvée Just Macadamia,"€ 41,55",United States,4.29,Cycle Brewing Company,11%,Stout - Imperial / Double,Bottle 650ml,"€ 63,92 per litre"
Thursday 2021,"€ 44,31",United States,4.23,Cycle Brewing Company,12%,Stout - Imperial / Double Coffee,Bottle 650ml,"€ 68,17 per litre"
Wednesday 2021,"€ 46,91",United States,4.22,Cycle Brewing Company,12%,Stout - Imperial / Double,Bottle 750ml,"€ 62,55 per litre"
Monday 2021,"€ 46,91",United States,4.20,Cycle Brewing Company,12%,Stout - Imperial / Double,Bottle 650ml,"€ 72,17 per litre"
Weiherer - Kräussen Hell,"€ 1,90",Germany,3.48,Brauerei Kundmüller,4.9%,Kellerbier / Zwickelbier,500ml,"€ 3,80 per litre"
De Cam Malus Domestica Lambicus 2019,"€ 33,21",Belgium,4.18,Geuzestekerij De Cam,7%,Lambic - Fruit,Bottle 750ml,"€ 44,28 per litre"
Spring Saison,"€ 12,80",Sweden,3.58,O/O Brewing,5.8%,Farmhouse Ale - Saison,Bottle 750ml,"€ 17,07 per litre"
Flora Speziaal,"€ 18,10",Germany,4.06,Schneeeule,3.5%,Sour - Berliner Weisse,Bottle 750ml,"€ 24,13 per litre"
Flora,"€ 18,10",Germany,3.89,Schneeeule,3.8%,Wild Ale - Other,Bottle 750ml,"€ 24,13 per litre"
Lustiger Peter,"€ 18,20",Germany,3.77,Schneeeule,4.5%,Wild Ale - Other,Bottle 750ml,"€ 24,27 per litre"
Brewing Friday 2021,"€ 37,50",United States,4.38,Cycle Brewing Company,12%,Stout - Imperial / Double,Bottle 750ml,"€ 24,27 per litre"
Brewing Thursday 2021,"€ 35,99",United States,4.23,Cycle Brewing Company,12%,Stout - Imperial / Double Coffee,Bottle 750ml,"€ 24,27 per litre"
Brewing Wednesday 2021,"€ 37,50",United States,4.22,Cycle Brewing Company,12%,Stout - Imperial / Double,Bottle 750ml,"€ 24,27 per litre"
Brewing Tuesday 2021,"€ 37,50",United States,4.29,Cycle Brewing Company,12%,Porter - Imperial / Double Baltic,Bottle 750ml,"€ 24,27 per litre"
Gueuze Mariage Parfait,"€ 10,70",Belgium,3.79,Brouwerij Boon,8%,Lambic - Gueuze,Bottle 750ml,"€ 14,27 per litre"
Brauerei Kemker Aoltbeer 06-2021 Kerner piri Nahe,"€ 24,50",Germany,4.11,Kemker Kultuur (Brauerei J. Kemker),6%,Sour - Fruited,Bottle 750ml,"€ 32,67 per litre"
DOK Blik Op Oneindig White Port BA,"€ 18,54",Belgium,3.87,Dok Brewing Company,16%,Barleywine - English,Bottle 750ml,"€ 24,72 per litre"
Timmermans Oude Kriek,"€ 6,30",Belgium,3.72,Brewery John Martin & Brewery Timmermans,5.5%,Lambic - Kriek,Bottle 375ml,"€ 16,80 per litre"
Banana,"€ 3,70",Belgium,3.05,Mongozo,3.6%,Fruit Beer,330ml,"€ 11,21 per litre"
Vitus Weizenbock,"€ 2,80",Germany,3.84,Bayerische Staatsbrauerei Weihenstephan,7.7%,Bock - Weizenbock,500ml,"€ 5,60 per litre"
鸭! (Duck!) Modern Barley Wine,"€ 9,95",England,3.97,Cloudwater Brew Co.,10.5%,Barleywine - American,Can 440ml,"€ 22,61 per litre"
Schaarbeekse Oude Kriek 2021,"€ 27,47",Belgium,4.09,Oud Beersel,7%,Lambic - Kriek,Bottle 750ml,"€ 36,63 per litre"
Black Damnation III - Black Mess,"€ 9,60",Belgium,4.08,De Struise Brouwers,13%,Stout - Russian Imperial,330ml,"€ 29,09 per litre"
Black Damnation II - Mocha Bomb,"€ 9,60",Netherlands,4.07,Brouwerij de Molen/ De Struise Brouwers,13%,Stout - Russian Imperial,330ml,"€ 29,09 per litre"
Robert the Great,"€ 8,20",Belgium,3.95,De Struise Brouwers,10.5%,Stout - Russian Imperial,330ml,"€ 24,85 per litre"
Pannepot Grand Reserva (2018),"€ 8,60",Belgium,3.92,De Struise Brouwers,10%,Belgian Strong Dark Ale,330ml,"€ 26,06 per litre"
Pannepot - Old Fisherman's Ale (Vintage 2020),"€ 6,90",Belgium,3.81,De Struise Brouwers,10%,Belgian Strong Dark Ale,330ml,"€ 20,91 per litre"
Apple,"€ 3,40",Belgium,3.49,Brouwerij Lindemans,3.5%,Lambic - Fruit,330ml,"€ 20,91 per litre"
VAST: Six,"€ 38,40",United States,4.09,The Veil Brewing Co.,9.5%,Lambic - Fruit,Bottle 750ml,"€ 51,20 per litre"
Merlot All That You Are,"€ 39,60",United States,4.07,The Veil Brewing Co.,9%,Farmhouse Ale - Saison,Bottle 750ml,"€ 52,80 per litre"
Nemesis,"€ 1,99",United States,3.84,Founders Brewing Co.,11.2%,Barleywine - American,335ml,"€ 5,94 per litre"
Cider Kriek,"€ 15,97",Belgium,3.42,Brouwerij Hof ten Dormaal,7%,Cider - Other Fruit,Bottle 750ml,"€ 21,29 per litre"
Rochefort Triple,"€ 2,85",Belgium,3.76,Abbaye Notre-Dame de Saint-Rémy,8.1%,Belgian Tripel,330ml,"€ 8,64 per litre"
Caractere Rouge,"€ 16,40",Belgium,4.15,Brouwerij Rodenbach,7%,Sour - Flanders Red Ale,Bottle 750ml,"€ 21,87 per litre"
Alexander,"€ 15,10",Belgium,3.95,Brouwerij Rodenbach,5.6%,Sour - Flanders Red Ale,Bottle 750ml,"€ 20,13 per litre"
Grand Cru,"€ 10,20",Belgium,3.65,Brouwerij Rodenbach,6%,Sour - Flanders Red Ale,Bottle 750ml,"€ 13,60 per litre"
SpontanDryhop,"€ 11,20",Denmark,3.70,Mikkeller,6.7%,Lambic - Other,Bottle 375ml,"€ 29,87 per litre"
À Tue-Tête Cidre Framboise,"€ 22,87",Switzerland,4.02,À tue-tête,6.7%,Cider - Dry,Bottle 750ml,"€ 30,49 per litre"
À Tue-Tête Surette Café,"€ 11,25",Switzerland,3.80,À tue-tête,6.8%,Sour - Other,Bottle 375ml,"€ 30,00 per litre"
Phi Zilverbes (Silverberry),"€ 17,95",Belgium,3.90,Brouwerij Alvinne,8%,Sour - Fruited,Bottle 750ml,"€ 23,93 per litre"
Art Of Decadence - Blend 4,"€ 30,20",Denmark,4.02,Baghaven Brewing and Blending,6%,Wild Ale - Other,Bottle 750ml,"€ 40,27 per litre"
Trappist Westvleteren Blond,"€ 17,60",Belgium,4.01,Brouwerij De Sint-Sixtusabdij van Westvleteren,5.8%,Belgian Blonde,330ml,"€ 53,33 per litre"
Grand Cru (2020),"€ 4,20",Belgium,3.85,Brouwerij Rodenbach,6%,Sour - Flanders Red Ale,330ml,"€ 12,73 per litre"
De Bijen,"€ 20,20",Denmark,3.81,Baghaven Brewing and Blending,6%,Wild Ale - Other,Bottle 750ml,"€ 26,93 per litre"
White Label Dark Ale Tawny Port BA 2019 Nr. 2,"€ 11,70",Netherlands,3.80,Brouwerij Emelisse,9%,Dark Ale,330ml,"€ 35,45 per litre"
Kriek Girardin 1882,"€ 11,20",Belgium,3.67,Brouwerij Girardin,5%,Lambic - Kriek,Bottle 375ml,"€ 29,87 per litre"
Gueuze Girardin 1882 White Label,"€ 10,50",Belgium,3.62,Brouwerij Girardin,5%,Lambic - Gueuze,Bottle 375ml,"€ 28,00 per litre"
Kriek Lambic,"€ 11,00",Belgium,3.50,Brouwerij Mort Subite,4%,Lambic - Kriek,Bottle 375ml,"€ 29,33 per litre"
Bigger Badder Baptista (Release #2),"€ 17,80",United States,4.18,"Epic Brewing Co. (Utah, Colorado)",11.3%,Stout - Imperial / Double,Bottle 650ml,"€ 27,38 per litre"
Shark Pants,"€ 6,90",United States,3.63,3 Floyds Brewing/ De Struise Brouwers,8.7%,IPA - Imperial / Double,330ml,"€ 20,91 per litre"
Good Evening,"€ 18,80",Canada,4.08,Revel Cider Company,7.8%,Cider - Sweet,Bottle 750ml,"€ 25,07 per litre"
Long Story,"€ 21,80",Canada,3.90,Revel Cider Company,9%,Cider - Sweet,Bottle 750ml,"€ 29,07 per litre"
Hof Ten Dormaal Stekelbees,"€ 4,67",Belgium,3.56,Brouwerij Hof ten Dormaal,6%,Sour - Fruited,330ml,"€ 14,15 per litre"
De Mederie Blackcurrant Dry Cider,"€ 9,21",Belgium,?,De Mederie - Ciders,6%,Cider - Other Fruit,500ml,"€ 18,42 per litre"
Bacchus Kriekenbier,"€ 4,40",Belgium,3.69,Kasteel Brouwerij Vanhonsebrouck,5.8%,Sour - Flanders Oud Bruin,Bottle 375ml,"€ 11,73 per litre"
Mc Chouffe,"€ 2,80",Belgium,3.64,Brasserie d'Achouffe,8%,Belgian Strong Dark Ale,330ml,"€ 8,48 per litre"
Burst,"€ 3,49",Denmark,3.50,Mikkeller,5.5%,IPA - American,330ml,"€ 10,58 per litre"
Schaarbeekse Oude Kriek 2020,"€ 28,57",Belgium,4.21,Oud Beersel,7%,Lambic - Kriek,Bottle 750ml,"€ 38,09 per litre"
De Cam Zjiem Bezen Framboise,"€ 15,87",Belgium,4.13,Geuzestekerij De Cam,5.5%,Lambic - Fruit,Bottle 375ml,"€ 42,32 per litre"
Brandy Barrel Dark Apparition (2021),"€ 18,30",United States,4.36,Jackie O's Brewery,14%,Stout - Russian Imperial,Bottle 375ml,"€ 48,80 per litre"
Bourbon Barrel Oro Negro (2021),"€ 18,30",United States,4.32,Jackie O's Brewery,12%,Stout - Imperial / Double,Bottle 375ml,"€ 48,80 per litre"
Rack & Ruin (2021),"€ 22,00",England,4.31,Buxton Brewery/ Jackie O's Brewery,13.1%,Stout - Imperial / Double,Bottle 375ml,"€ 58,67 per litre"
Vanilla & Coffee Bean Bourbon Barrel Dark Apparition,"€ 18,30",United States,4.29,Jackie O's Brewery,12.8%,Stout - Russian Imperial,Bottle 375ml,"€ 48,80 per litre"
Pawpaw Cherry Perpetum,"€ 13,20",United States,4.04,Jackie O's Brewery,6.7%,Sour - Fruited Berliner Weisse,500ml,"€ 26,40 per litre"
Bzart Kriekenlambiek Millésime 2019,"€ 23,99",Belgium,4.15,Oud Beersel,7%,Lambic - Kriek,Bottle 750ml,"€ 31,99 per litre"
Schaarbeekse Oude Kriek (2021),"€ 24,99",Belgium,4.02,Oud Beersel,7%,Lambic - Kriek,Bottle 750ml,"€ 33,32 per litre"
Bzart Lambiek Millésime 2018,"€ 22,49",Belgium,3.98,Oud Beersel,7%,Lambic - Traditional,Bottle 750ml,"€ 29,99 per litre"
Oude Kriek (Vieille),"€ 7,69",Belgium,3.79,Oud Beersel,6%,Lambic - Kriek,Bottle 375ml,"€ 20,51 per litre"
Acid Junk,"€ 2,99",Belgium,3.47,NovaBirra,4.5%,IPA - Sour,330ml,"€ 9,06 per litre"
"Come In Grape, Your Time Is Up (Muscat)","€ 13,49",United States,3.93,Beachwood Blendery,8.5%,Grape Ale - Other,473ml,"€ 28,52 per litre"
Intens Rood Magnum,"€ 76,80",Belgium,4.20,Brouwerij 3 Fonteinen,7%,Lambic - Kriek,Bottle 1500ml,"€ 51,20 per litre"
Freakcake Bourbon Barrel Aged On Zante Currants,"€ 21,49",United States,4.12,Crux Fermentation Project,10.5%,Sour - Flanders Oud Bruin,Bottle 750ml,"€ 28,65 per litre"
Keeping Memories / Keeping Together,"€ 27,99",United States,4.11,Equilibrium Brewery/ Keeping Together,6%,Farmhouse Ale - Other,Bottle 375ml,"€ 74,64 per litre"
Pesca,"€ 23,43",United States,4.08,Wolves & People Farmhouse Brewery,7.2%,Wild Ale - American,Bottle 750ml,"€ 31,24 per litre"
Logger Life,"€ 20,99",United States,4.04,FiftyFifty Brewing Co.,11.3%,Barleywine - Other,500ml,"€ 41,98 per litre"
Warsaw,"€ 19,99",United States,4.04,Black Project Spontaneous & Wild Ales,7.4%,Wild Ale - American,500ml,"€ 39,98 per litre"
Black Forest /  Freigeist,"€ 17,69",Germany,4.01,Freigeist Bierkultur/ Grimm Artisanal Ales,7.5%,Sour - Other,500ml,"€ 35,38 per litre"
Terreux LXXV / NOLA,"€ 16,99",United States,3.96,NOLA Brewing/ The Bruery Terreux,8.2%,Wild Ale - American,Bottle 750ml,"€ 22,65 per litre"
April Showers,"€ 29,99",United States,3.92,The Bruery,12.5%,Belgian Strong Golden Ale,Bottle 750ml,"€ 39,99 per litre"
Cherryland,"€ 19,99",United States,3.91,Drake's Brewing Company,7.4%,Wild Ale - American,500ml,"€ 39,98 per litre"
Whisk(e)y Barrel Noir,"€ 18,99",United States,3.67,Prairie Artisan Ales,13%,Stout - Imperial / Double,355ml,"€ 53,49 per litre"
Fat Cherry,"€ 24,99",Netherlands,3.54,Maximus Brouwerij,6%,Lambic - Kriek,Bottle 750ml,"€ 33,32 per litre"
Vanilla Bean Fathead,"€ 16,99",United States,3.97,Nebraska Brewing Company,11.5%,Barleywine - American,500ml,"€ 33,98 per litre"
Fathead,"€ 16,99",United States,3.97,Nebraska Brewing Company,12.1%,Barleywine - American,500ml,"€ 33,98 per litre"
Westmalle Dubbel,"€ 2,14",Belgium,3.69,Brouwerij der Trappisten van Westmalle,7%,Belgian Dubbel,330ml,"€ 6,48 per litre"
Bavaria Ale,"€ 5,90",Germany,3.57,Brauerei Gebr. Maisel,7.1%,Bock - Weizenbock,Bottle 750ml,"€ 7,87 per litre"
Smells Like Bean Spirit,"€ 7,50",Norway,4.09,Cervisiam,12%,Stout - Imperial / Double Coffee,330ml,"€ 22,73 per litre"
Bounty Hunter,"€ 7,70",Norway,4.01,Cervisiam,12%,Stout - Imperial / Double Pastry,330ml,"€ 23,33 per litre"
Fantasma – Gluten Free IPA,"€ 3,65",England,3.66,Magic Rock Brewing,6.5%,Gluten-Free,330ml,"€ 11,06 per litre"
Mooie Nel IPA,"€ 2,50",Netherlands,3.59,Jopen,6.5%,IPA - American,330ml,"€ 7,58 per litre"
IPA Aquila,"€ 33,58",Netherlands,3.46,Brouwerij Rodanum,7%,IPA - Belgian,12-pack,"Total price: € 33,58"
Jacobus,"€ 2,40",Netherlands,3.45,Jopen,5.5%,Pale Ale - Other,330ml,"€ 7,27 per litre"
Into The Burning Sky,"€ 4,05",Netherlands,3.17,Brouwerij Frontaal/ Fermenthings,4.7%,Lager - Amber / Red,Can 440ml,"€ 9,20 per litre"
Oude Geuze 2020,"€ 14,97",Belgium,4.07,Oud Beersel,6.5%,Lambic - Gueuze,Bottle 750ml,"€ 19,96 per litre"
Gueuze Mariage Parfait 2017,"€ 8,83",Belgium,3.85,Brouwerij Boon,8%,Lambic - Gueuze,Bottle 375ml,"€ 23,55 per litre"
Spontan Lemon,"€ 12,80",Denmark,3.91,Mikkeller,7.7%,Lambic - Fruit,Bottle 375ml,"€ 34,13 per litre"
Oude Kriek Intens Rood 19/20 Assemblage n° 78,"€ 28,33",Belgium,4.28,Brouwerij 3 Fonteinen,7%,Lambic - Kriek,Bottle 750ml,"€ 37,77 per litre"
Oude Kriek 18/19 Assemblage n° 86,"€ 11,51",Belgium,4.26,Brouwerij 3 Fonteinen,7.2%,Lambic - Kriek,Bottle 375ml,"€ 30,69 per litre"
Spontancherry Frederiksdal 2020 (Corked),"€ 17,60",Denmark,3.96,Mikkeller,7.5%,Lambic - Kriek,Bottle 375ml,"€ 46,93 per litre"
Organic - Wild - Black Belle,"€ 14,12",Belgium,3.98,Lambiek Fabriek,7%,Lambic - Fruit,Bottle 750ml,"€ 18,83 per litre"
Brenner Pass: Grand Cru,"€ 22,60",United States,3.94,The Veil Brewing Co.,4.2%,Farmhouse Ale - Saison,Bottle 750ml,"€ 30,13 per litre"
Blackberry Grisette,"€ 20,80",United States,3.90,Jester King Brewery,5.8%,Farmhouse Ale - Grisette,Bottle 750ml,"€ 27,73 per litre"
Cherry Grisette,"€ 20,80",United States,3.87,Jester King Brewery,5.3%,Farmhouse Ale - Grisette,Bottle 750ml,"€ 27,73 per litre"
Moriau Oude Geuze,"€ 5,75",Belgium,3.79,Geuzestekerij Moriau,7%,Lambic - Gueuze,Bottle 750ml,"€ 7,67 per litre"
BC Trans Am Trav,"€ 10,70",United States,3.88,Aslin Beer Company,6%,Sour - Fruited,Can 473ml,"€ 22,62 per litre"
Birramisu,"€ 10,80",Denmark,3.83,To Øl,10%,Stout - Imperial / Double Pastry,Bottle 375ml,"€ 28,80 per litre"
Petrosian,"€ 12,80",England,4.36,Buxton Brewery,16.5%,Stout - Imperial / Double,330ml,"€ 38,79 per litre"
Extremum Fato,"€ 12,50",Estonia,4.24,Pühaste Brewery,12%,Stout - Imperial / Double Coffee,330ml,"€ 37,88 per litre"
Single Barrel Rain Shadow Rye 2020,"€ 13,50",England,4.19,Buxton Brewery,12%,Stout - Imperial / Double,330ml,"€ 40,91 per litre"
Goliat Bourbon BA,"€ 16,80",Denmark,4.17,To Øl,13.7%,Stout - Imperial / Double Coffee,Bottle 375ml,"€ 44,80 per litre"
More Dots,"€ 40,30",United States,4.14,Jester King Brewery,5.8%,Wild Ale - American,Bottle 750ml,"€ 53,73 per litre"
Single Barrel Rain Shadow Scotch 2020,"€ 13,50",England,4.11,Buxton Brewery,12%,Stout - Imperial / Double,330ml,"€ 40,91 per litre"
Farmhouse Ale With Texas Summer Melons,"€ 26,90",United States,4.06,Jester King Brewery,5.8%,Farmhouse Ale - Other,Bottle 750ml,"€ 35,87 per litre"
Symbiotic Momentum,"€ 25,70",Denmark,4.03,To Øl,5.5%,Sour - Other,Bottle 750ml,"€ 34,27 per litre"
Omnipresent,"€ 17,20",Denmark,3.98,To Øl,7.4%,Sour - Fruited,Bottle 375ml,"€ 45,87 per litre"
Less Dots,"€ 26,90",United States,3.94,Jester King Brewery,5.7%,Farmhouse Ale - Saison,Bottle 750ml,"€ 35,87 per litre"
Considered Concentrations,"€ 19,50",Denmark,3.87,To Øl,3.9%,Farmhouse Ale - Other,Bottle 750ml,"€ 26,00 per litre"
Super Ultramega Hyperforce,"€ 22,20",United States,3.84,Jester King Brewery,4.5%,Farmhouse Ale - Saison,Bottle 750ml,"€ 29,60 per litre"
Utopian Tones,"€ 19,50",Denmark,3.72,To Øl,5.8%,Wild Ale - Other,Bottle 750ml,"€ 26,00 per litre"
Le Petit Prince,"€ 20,20",United States,3.51,Jester King Brewery,2.9%,Table Beer,Bottle 750ml,"€ 26,93 per litre"
Lace Elderflower Orange Marmelade,"€ 11,30",Sweden,3.45,Omnipollo,6.9%,Farmhouse Ale - Saison,Bottle 375ml,"€ 30,13 per litre"
All-Night,"€ 20,29",Canada,3.97,Indie Alehouse,11.5%,Stout - Pastry,500ml,"€ 40,58 per litre"
Kemker Appel Wien 2020-04,"€ 14,77",Germany,3.88,Kemker Kultuur (Brauerei J. Kemker),6%,Cider - Traditional / Apfelwein,Bottle 750ml,"€ 19,69 per litre"
Kemker Appel Wien 2020-05,"€ 16,97",Germany,3.81,Kemker Kultuur (Brauerei J. Kemker),7%,Cider - Dry,Bottle 750ml,"€ 22,63 per litre"
Kemker Appel Wien 2020-03,"€ 14,77",Germany,3.81,Kemker Kultuur (Brauerei J. Kemker),6%,Cider - Traditional / Apfelwein,Bottle 750ml,"€ 19,69 per litre"
Vinifera: Riesling 2020,"€ 35,50",Canada,4.31,Temporal Artisan Ales,8.5%,Grape Ale - Other,Bottle 750ml,"€ 47,33 per litre"
Vinifera: Pinot Gris 2020,"€ 35,50",Canada,4.27,Temporal Artisan Ales,7.6%,Grape Ale - Other,Bottle 750ml,"€ 47,33 per litre"
Resplendent Flux 2020,"€ 33,80",Canada,4.27,Temporal Artisan Ales,5.4%,Wild Ale - American,Bottle 750ml,"€ 45,07 per litre"
Rochefort 6,"€ 2,99",Belgium,3.71,Abbaye Notre-Dame de Saint-Rémy,7.5%,Belgian Dubbel,330ml,"€ 9,06 per litre"
Hipster For Christmas 2020 Bourbon Barrel Aged Barleywine,"€ 11,95",Norway,4.04,LERVIG,13.1%,Barleywine - Other,Can 330ml,"€ 36,21 per litre"
Druif Dornfelder,"€ 18,98",Belgium,4.22,Brouwerij 3 Fonteinen,9%,Lambic - Fruit,Bottle 750ml,"€ 25,31 per litre"
EUROBOX Slovakia - Maryensztadt/Nook DDH Desitka,"€ 1,80",Poland,3.22,Browar NOOK/ Maryensztadt,4.4%,Pilsner - Czech / Bohemian,500ml,"€ 3,60 per litre"
Storm Shadow,"€ 6,12",England,3.87,Buxton Brewery,8.5%,Stout - Imperial / Double,Can 440ml,"€ 13,91 per litre"
Alexander 2016,"€ 28,20",Belgium,4.29,Brouwerij Rodenbach,5.6%,Sour - Flanders Red Ale,Bottle 750ml,"€ 37,60 per litre"
Blanc De Blancs,"€ 25,80",United States,4.29,Side Project Brewing,10%,Bière de Champagne / Bière Brut,Bottle 375ml,"€ 68,80 per litre"
Rubus of Rose 2020,"€ 21,50",Denmark,4.22,Baghaven Brewing and Blending,6%,Sour - Fruited,Bottle 750ml,"€ 28,67 per litre"
A la Table,"€ 19,90",United States,4.10,Side Project Brewing,2.5%,Table Beer,Bottle 750ml,"€ 26,53 per litre"
Le Saisonnier,"€ 25,80",United States,4.09,Side Project Brewing,4%,Farmhouse Ale - Saison,Bottle 750ml,"€ 34,40 per litre"
Refsæsøen Blend 2,"€ 20,20",Denmark,4.06,Baghaven Brewing and Blending,5.8%,Farmhouse Ale - Saison,Bottle 750ml,"€ 26,93 per litre"
Marietta Ave,"€ 20,40",United States,3.97,Side Project Brewing,6%,Farmhouse Ale - Saison,Bottle 750ml,"€ 27,20 per litre"
Riwaka Foudre Beer,"€ 14,10",England,3.78,Cloudwater Brew Co.,9.2%,IPA - Brett,Bottle 375ml,"€ 37,60 per litre"
Intense Red Oude Kriek VAT 2018-2019 BLEND 118,"€ 8,51",Belgium,4.32,Brouwerij 3 Fonteinen,6.6%,Lambic - Kriek,Bottle 370ml,"€ 23,00 per litre"
Hommage Oogst 2019 2019-2020 BLEND 71,"€ 18,99",Belgium,4.25,Brouwerij 3 Fonteinen,5.5%,Lambic - Framboise,Bottle 370ml,"€ 51,32 per litre"
Framboos Oogst 2019 2019-2020 BLEND 11,"€ 12,54",Belgium,4.24,Brouwerij 3 Fonteinen,6.2%,Lambic - Framboise,Bottle 370ml,"€ 33,89 per litre"
DOK Amy Farmhouse,"€ 17,47",Belgium,3.67,Dok Brewing Company,6%,Farmhouse Ale - Saison,Bottle 750ml,"€ 23,29 per litre"
DOK Brettney Spears,"€ 17,47",Belgium,3.57,Dok Brewing Company,6%,Wild Ale - Other,Bottle 750ml,"€ 23,29 per litre"
Bush Amber Caractere,"€ 10,10",Belgium,3.62,Brasserie Dubuisson,12%,Belgian Strong Golden Ale,Bottle 750ml,"€ 13,47 per litre"
Framboos Oogst 2019 2019-2020 BLEND 3,"€ 24,04",Belgium,4.37,Brouwerij 3 Fonteinen,6%,Lambic - Framboise,Bottle 750ml,"€ 32,05 per litre"
Hommage BIO 2018-2019 BLEND 42,"€ 24,04",Belgium,4.32,Brouwerij 3 Fonteinen,5.8%,Lambic - Framboise,Bottle 750ml,"€ 32,05 per litre"
Oude Kriek 2018-2019 BLEND 86,"€ 7,64",Belgium,4.26,Brouwerij 3 Fonteinen,7.2%,Lambic - Kriek,Bottle 370ml,"€ 20,65 per litre"
Holy Cowl,"€ 2,39",Germany,3.31,Craftwerk Brewing,9%,Belgian Tripel,330ml,"€ 7,24 per litre"
Grandma's Boy - Shiro Plums,"€ 15,91",Canada,4.11,Bellwoods Brewery,7.7%,Wild Ale - American,500ml,"€ 31,82 per litre"
Grandma's Boy - Prune Plums,"€ 15,91",Canada,4.06,Bellwoods Brewery,7.7%,Wild Ale - Other,500ml,"€ 31,82 per litre"
Barn Owl  22 - Apricot,"€ 15,91",Canada,3.99,Bellwoods Brewery,6.1%,Wild Ale - American,500ml,"€ 31,82 per litre"
Barn Owl  23 - Peaches,"€ 15,91",Canada,3.95,Bellwoods Brewery,6.8%,Wild Ale - American,500ml,"€ 31,82 per litre"
Donkey Venom,"€ 15,91",Canada,3.88,Bellwoods Brewery,8.5%,Sour - Other,500ml,"€ 31,82 per litre"
Grandma's Boy: Shiro Plums,"€ 18,50",Canada,4.11,Bellwoods Brewery,7.7%,Wild Ale - American,500ml,"€ 37,00 per litre"
Farmageddon Norfolk Montmorency Cherry,"€ 18,50",Canada,4.07,Bellwoods Brewery,6.1%,Wild Ale - American,500ml,"€ 37,00 per litre"
Grandma's Boy: Prune Plums 2021,"€ 18,50",Canada,4.05,Bellwoods Brewery,7.7%,Wild Ale - American,500ml,"€ 37,00 per litre"
Farmageddon Batch 15,"€ 16,50",Canada,4.02,Bellwoods Brewery,6.3%,Wild Ale - American,500ml,"€ 33,00 per litre"
Barn Owl No.23 Peach,"€ 18,50",Canada,3.95,Bellwoods Brewery,6.8%,Wild Ale - American,500ml,"€ 37,00 per litre"
Donkey Venom,"€ 18,50",Canada,3.88,Bellwoods Brewery,8.5%,Sour - Other,500ml,"€ 37,00 per litre"
Malediction,"€ 22,19",United States,4.00,Pretentious Barrel House,6.6%,Sour - Other,500ml,"€ 44,38 per litre"
We Did Another Thing,"€ 22,19",United States,4.00,Crooked Handle Brewing Co./ Pretentious Barrel House,5.8%,Sour - Fruited,500ml,"€ 44,38 per litre"
We Did A Thing,"€ 22,19",United States,3.96,Crooked Handle Brewing Co./ Pretentious Barrel House,5.8%,Sour - Fruited,500ml,"€ 44,38 per litre"
Anniversary,"€ 22,19",United States,3.93,Pretentious Barrel House,5.8%,Sour - Other,500ml,"€ 44,38 per litre"
Cosmic Boysenberry,"€ 7,69",United States,3.83,OverWorks USA,6%,Sour - Fruited,Bottle 375ml,"€ 20,51 per litre"
Cosmic Raspberry,"€ 7,69",United States,3.83,OverWorks USA,6%,Sour - Fruited,Bottle 375ml,"€ 20,51 per litre"
Cosmic Cherry,"€ 7,69",United States,3.78,OverWorks USA,6%,Sour - Fruited,Bottle 375ml,"€ 20,51 per litre"
Prenzlauer Berg,"€ 3,99",Estonia,3.58,Põhjala,4.5%,Sour - Fruited Berliner Weisse,330ml,"€ 12,09 per litre"
Saison 75cl,"€ 14,10",Belgium,3.87,Brasserie Fantôme,8%,Farmhouse Ale - Saison,Bottle 750ml,"€ 18,80 per litre"
St. Feuillien Grand Cru,"€ 2,85",Belgium,3.71,Brasserie St-Feuillien,9.5%,Belgian Strong Golden Ale,330ml,"€ 8,64 per litre"
Traditional Blond,"€ 2,20",Belgium,2.73,Force Majeure,0.4%,Non-Alcoholic - Other,330ml,"€ 6,67 per litre"
Terrazzo,"€ 7,00",Netherlands,3.97,Poolside Brewing,8.5%,IPA - Imperial / Double New England / Hazy,Can 440ml,"€ 15,91 per litre"
LEFT BEHIND,"€ 6,25",Norway,3.98,Cervisiam,7.5%,IPA - Imperial / Double New England / Hazy,330ml,"€ 18,94 per litre"
George BA (375ml),"€ 16,00",Denmark,4.23,Mikkeller,13.8%,Stout - Imperial / Double Oatmeal,Bottle 375ml,"€ 42,67 per litre"
3 Fonteinen - Framboos oogst 2017,"€ 45,00",Belgium,4.46,Brouwerij 3 Fonteinen,5.3%,Lambic - Framboise,Bottle 750ml,"€ 60,00 per litre"
Hawaiian speedway stout,"€ 45,00",United States,4.25,AleSmith Brewing Company,12%,Stout - Imperial / Double Coffee,Bottle 750ml,"€ 60,00 per litre"
Saule (2017),"€ 32,00",United States,4.24,The Bruery,16.1%,Old / Stock Ale,Bottle 750ml,"€ 42,67 per litre"
Rubus of Rose,"€ 20,00",Denmark,4.22,Baghaven Brewing and Blending,7.2%,Sour - Fruited,Bottle 375ml,"€ 53,33 per litre"
Oude Schaerbeekse Kriek,"€ 17,70",Belgium,4.21,Hanssens Artisanaal,6%,Lambic - Kriek,Bottle 750ml,"€ 23,60 per litre"
Lickable Staves,"€ 13,00",United States,4.19,Council Brewing Company,7.8%,Sour - Flanders Red Ale,Bottle 375ml,"€ 34,67 per litre"
SpontanCherry Frederiksdal 2018,"€ 16,00",Denmark,4.18,Mikkeller,7.2%,Lambic - Kriek,Bottle 375ml,"€ 42,67 per litre"
Eclipse 2016 - red wax - tart cherry,"€ 37,00",United States,4.15,FiftyFifty Brewing Co.,11%,Stout - Imperial / Double,Bottle 650ml,"€ 56,92 per litre"
Fireside,"€ 11,60",England,4.15,Siren Craft Brew,12.7%,Stout - Imperial / Double,Bottle 375ml,"€ 30,93 per litre"
Chronology:6 - Wee Heavy (2016),"€ 28,30",United States,4.13,The Bruery,13.7%,Scotch Ale / Wee Heavy,Bottle 750ml,"€ 37,73 per litre"
Favorite Gun,"€ 15,70",Denmark,4.13,WarPigs Brewpub,12.5%,Stout - Imperial / Double,Bottle 375ml,"€ 41,87 per litre"
Aurrera Stanitsa,"€ 5,50",Spain,4.13,Laugar Brewery,11.2%,Stout - Russian Imperial,330ml,"€ 16,67 per litre"
Capablanca - voorbij THT/ past BBE,"€ 9,50",England,4.11,Buxton Brewery,11%,Porter - Imperial / Double,330ml,"€ 28,79 per litre"
Granadilla,"€ 20,00",Denmark,4.10,Baghaven Brewing and Blending,7.4%,Sour - Fruited,Bottle 375ml,"€ 53,33 per litre"
Malus Domestica Lambicus,"€ 25,00",Belgium,4.09,Geuzestekerij De Cam,7%,Lambic - Fruit,Bottle 750ml,"€ 33,33 per litre"
Rudenko -  voorbij THT/ past BBE,"€ 9,50",England,4.07,Buxton Brewery,12.5%,Barleywine - English,330ml,"€ 28,79 per litre"
Black Heaven Dreams,"€ 7,20",Belgium,4.07,Galea Craft Beers,13.5%,Stout - Imperial / Double Pastry,330ml,"€ 21,82 per litre"
Or Del Temps,"€ 6,00",Russia,4.06,Double A Brewing/ La Calavera,8.4%,Sour - Other,Bottle 375ml,"€ 16,00 per litre"
Ebon Hedges,"€ 20,00",Denmark,4.05,Baghaven Brewing and Blending,7.4%,Wild Ale - Other,Bottle 375ml,"€ 53,33 per litre"
Muscar-Elle (batch 1 - 2020),"€ 13,60",Belgium,4.05,Lambiek Fabriek,6.8%,Lambic - Fruit,Bottle 750ml,"€ 18,13 per litre"
Spätale 2018,"€ 17,50",Denmark,4.05,Baghaven Brewing and Blending,8.8%,Sour - Fruited,Bottle 375ml,"€ 46,67 per litre"
Havnesæson Blend 1,"€ 26,00",Denmark,4.04,Baghaven Brewing and Blending,7%,Farmhouse Ale - Saison,Bottle 750ml,"€ 34,67 per litre"
Refsæsøen Abrikos,"€ 20,00",Denmark,4.04,Baghaven Brewing and Blending,6.5%,Farmhouse Ale - Other,Bottle 750ml,"€ 26,67 per litre"
Arbre Dark Wheatwine - Alligator Char (2017),"€ 22,60",United States,4.04,The Bruery,10.8%,Wheat Beer - Wheat Wine,Bottle 750ml,"€ 30,13 per litre"
Juicy & Wild Muri-Elle (2020),"€ 13,30",Belgium,4.03,Lambiek Fabriek,7%,Lambic - Fruit,Bottle 750ml,"€ 17,73 per litre"
Pe-Kan,"€ 8,80",United States,4.02,Prairie Artisan Ales,11.5%,Stout - Imperial / Double,355ml,"€ 24,79 per litre"
Arbre Dark Wheatwine - Medium Toast (2017),"€ 22,60",United States,4.01,The Bruery,10.8%,Wheat Beer - Wheat Wine,Bottle 750ml,"€ 30,13 per litre"
Wild West Blackthorn Edition 2016,"€ 6,10",Belgium,4.00,Brouwerij Alvinne,6%,Sour - Fruited,330ml,"€ 18,48 per litre"
Arbre Dark Wheatwine - Light Toast (2017),"€ 22,60",United States,3.96,The Bruery,10.8%,Wheat Beer - Wheat Wine,Bottle 750ml,"€ 30,13 per litre"
Cuvée Anna,"€ 5,20",Belgium,3.95,Brouwerij Alvinne,6.5%,Sour - Other,330ml,"€ 15,76 per litre"
"Oude Kriek Jart-Elle (2020) - 37,5cl","€ 7,00",Belgium,3.93,Lambiek Fabriek,6%,Lambic - Kriek,Bottle 375ml,"€ 18,67 per litre"
SpontanLingonberry,"€ 9,70",Denmark,3.92,Mikkeller,7.7%,Lambic - Fruit,Bottle 375ml,"€ 25,87 per litre"
The frog abides,"€ 18,50",United States,3.91,Hoppin' Frog Brewery,10%,Stout - Imperial / Double White / Golden,Bottle 650ml,"€ 28,46 per litre"
We Are Stardust,"€ 9,50",England,3.83,Siren Craft Brew/ Wiper And True,10.5%,Brett Beer,Bottle 375ml,"€ 25,33 per litre"
SpontanApricot,"€ 9,70",Denmark,3.83,Mikkeller,7.7%,Lambic - Fruit,Bottle 375ml,"€ 25,87 per litre"
Beluga,"€ 4,10",Netherlands,3.82,De Kromme Haring,10.5%,Stout - Russian Imperial,330ml,"€ 12,42 per litre"
SpontanBeetroot,"€ 11,00",Denmark,3.79,Mikkeller,7.7%,Lambic - Fruit,Bottle 375ml,"€ 29,33 per litre"
Imperial Russian Stout Kilchoman BA (15th Anniversary),"€ 7,30",Netherlands,3.76,Brouwerij Emelisse,15%,Stout - Russian Imperial,330ml,"€ 22,12 per litre"
Meeske,"€ 18,10",Netherlands,3.76,Nevel Wild Ales/ Schneeeule,3.8%,Wild Ale - Other,Bottle 750ml,"€ 24,13 per litre"
Beer Geek Breakfast Brunch - BIG BLEND,"€ 8,30",Denmark,3.74,Mikkeller,8%,Stout - Oatmeal,330ml,"€ 25,15 per litre"
Sigma,"€ 2,00",Belgium,3.74,Brouwerij Alvinne,8%,Sour - Other,330ml,"€ 6,06 per litre"
More Complicated Than Your Girlfriend Stout,"€ 4,00",Finland,3.66,The Flying Dutchman Nomad Brewing Company,8%,Stout - Imperial / Double,330ml,"€ 12,12 per litre"
The Black Pope Amapola Tarrazu Coffee & Madagascar Bourbon Vanilla 1 year Bourbon & Whiskey Double Barrel Aged,"€ 7,80",Belgium,3.64,Galea Craft Beers,11.5%,Stout - Imperial / Double Coffee,330ml,"€ 23,64 per litre"
Old Skull Fellas,"€ 6,20",Spain,3.55,La Calavera/ La Pirata Brewing,13%,Barleywine - Other,330ml,"€ 18,79 per litre"
Legatus,"€ 16,20",Belgium,3.46,Brouwerij At Tack,9%,Bière de Champagne / Bière Brut,Bottle 750ml,"€ 21,60 per litre"
Tilquin Gueuze 2019-2020,"€ 9,37",Belgium,4.08,Gueuzerie Tilquin,7%,Lambic - Gueuze,Bottle 375ml,"€ 24,99 per litre"
Nelson Sauvin Brut Mango & Passionfruit,"€ 22,70",Denmark,3.93,Mikkeller,9%,Bière de Champagne / Bière Brut,Bottle 750ml,"€ 30,27 per litre"
Tilquin Mûre 2019-2020,"€ 11,87",Belgium,4.20,Gueuzerie Tilquin,6%,Lambic - Fruit,Bottle 375ml,"€ 31,65 per litre"
De Cam Malus Domestica Lambicus 2019,"€ 15,87",Belgium,4.18,Geuzestekerij De Cam,7%,Lambic - Fruit,Bottle 375ml,"€ 42,32 per litre"
Virmalised,"€ 4,49",Estonia,3.67,Põhjala,6.5%,IPA - American,Can 330ml,"€ 13,61 per litre"
Laager,"€ 3,79",Estonia,3.37,Põhjala,4.7%,Pilsner - German,Can 440ml,"€ 8,61 per litre"
Ivy,"€ 25,40",United States,4.10,de Garde Brewing,6%,Wild Ale - American,Bottle 750ml,"€ 33,87 per litre"
Duvel,"€ 2,50",Belgium,3.72,Duvel Moortgat,8.5%,Belgian Strong Golden Ale,330ml,"€ 7,58 per litre"
St. Bernardus Prior 8,"€ 2,90",Belgium,3.70,Brouwerij St.Bernardus,8%,Belgian Dubbel,330ml,"€ 8,79 per litre"
Keeping Memories Batch 1,"€ 19,50",United States,4.11,Equilibrium Brewery/ Keeping Together,6%,Farmhouse Ale - Other,Bottle 370ml,"€ 52,70 per litre"
Black Project Esquire 2020,"€ 28,90",United States,3.78,Black Project Spontaneous & Wild Ales,7.1%,Sour - Fruited,Bottle 750ml,"€ 38,53 per litre"
Origin of Culture B2,"€ 20,20",Denmark,3.83,Baghaven Brewing and Blending,6%,Farmhouse Ale - Saison,Bottle 750ml,"€ 26,93 per litre"
Feast of Solitude 2020,"€ 21,50",Denmark,3.83,Baghaven Brewing and Blending,6%,Wild Ale - Other,Bottle 750ml,"€ 28,67 per litre"
De Oude Cam: Lambiek 2019,"€ 8,45",Belgium,4.03,Geuzestekerij De Cam,5%,Lambic - Traditional,Bottle 375ml,"€ 22,53 per litre"
Kriek,"€ 10,09",Belgium,3.93,Brouwerij De Ranke,7%,Sour - Fruited,Bottle 750ml,"€ 13,45 per litre"
Aslin / Black Project Amaroo,"€ 12,55",United States,4.12,Aslin Beer Company/ Black Project Spontaneous & Wild Ales,10%,Stout - Imperial / Double,473ml,"€ 26,53 per litre"
DDVD Korenaar Parfum de Printemps,"€ 19,86",Belgium,3.70,Brouwerij De Dochter van de Korenaar,9.5%,Spiced / Herbed Beer,Bottle 750ml,"€ 26,48 per litre"
The Maison,"€ 23,95",United States,4.14,de Garde Brewing,5.5%,Wild Ale - American,Bottle 750ml,"€ 31,93 per litre"
Seawise,"€ 2,85",Netherlands,3.14,Dutch Bargain,4.3%,Wheat Beer - Fruited,330ml,"€ 8,64 per litre"
Grisette Blond Biologisch Glutenvrij,"€ 1,85",Belgium,3.06,Brasserie St-Feuillien,5.5%,Gluten-Free,Bottle 250ml,"€ 7,40 per litre"
Ondergronds,"€ 2,00",Belgium,3.32,Brouwerij Kompel,6%,Brown Ale - Belgian,330ml,"€ 6,06 per litre"
Günther Kellerbier,"€ 1,90",Germany,3.46,Günther-Bräu,5%,Kellerbier / Zwickelbier,500ml,"€ 3,80 per litre"
Weiherer Lager,"€ 1,90",Germany,3.39,Brauerei Kundmüller,4.7%,Lager - Helles,500ml,"€ 3,80 per litre"
Weissenoher Klostersud,"€ 2,00",Germany,3.36,Klosterbrauerei Weissenohe,5.4%,Lager - Vienna,500ml,"€ 4,00 per litre"
Stu Mostów / Funky Fluid Imp. Pastry Stout - Dark Chocolate Caramelized Almonds,"€ 6,25",Poland,4.12,Browar Stu Mostów/ Funky Fluid,10.5%,Stout - Imperial / Double Pastry,330ml,"€ 18,94 per litre"
WILD -11 - Bière de Garde,"€ 10,29",Poland,3.97,Browar Stu Mostów,6%,Farmhouse Ale - Bière de Garde,Bottle 375ml,"€ 27,44 per litre"
Kriek,"€ 2,30",Belgium,3.13,Force Majeure,0.4%,Non-Alcoholic - Other,330ml,"€ 6,97 per litre"
Chouffe Houblon,"€ 2,90",Belgium,3.67,Brasserie d'Achouffe,9%,IPA - Belgian,330ml,"€ 8,79 per litre"
Black IPA,"€ 4,00",Netherlands,3.52,Hooglander Bier,7.1%,IPA - Black / Cascadian Dark Ale,330ml,"€ 12,12 per litre"
Helles,"€ 2,00",Germany,3.45,Manns Bräu,4.8%,Lager - Helles,500ml,"€ 4,00 per litre"
Barrel Aged Sweet Barleywine,"€ 31,90",United States,4.14,Untitled Art,9.5%,Barleywine - Other,Bottle 650ml,"€ 49,08 per litre"
Framboos Oogst 2019 (season 19|20) Blend #11 37.5cl,"€ 26,70",Belgium,4.24,Brouwerij 3 Fonteinen,6.2%,Lambic - Framboise,Bottle 375ml,"€ 71,20 per litre"
Druif Muscat Bleu (season 19|20) Blend #47 75cl,"€ 41,50",Belgium,4.23,Brouwerij 3 Fonteinen,8%,Lambic - Fruit,Bottle 750ml,"€ 55,33 per litre"
Druif Dornfelder (season 19|20) Blend #30 75cl,"€ 41,50",Belgium,4.22,Brouwerij 3 Fonteinen,9%,Lambic - Fruit,Bottle 750ml,"€ 55,33 per litre"
Fontan-Elle (Young - Wild),"€ 12,95",Belgium,3.94,Lambiek Fabriek,5.5%,Lambic - Traditional,Bottle 750ml,"€ 17,27 per litre"
Bagsæson,"€ 20,20",Denmark,3.89,Baghaven Brewing and Blending,6.8%,Farmhouse Ale - Other,Bottle 750ml,"€ 26,93 per litre"
Biere de Carbaret B3,"€ 20,20",Denmark,3.80,Baghaven Brewing and Blending,4%,Farmhouse Ale - Saison,Bottle 750ml,"€ 26,93 per litre"
Casey Funky Blender: Grape,"€ 33,90",United States,3.97,Casey Brewing & Blending,7%,Sour - Fruited,Bottle 750ml,"€ 45,20 per litre"
Gravel,"€ 9,65",Spain,3.75,Cyclic Beer Farm,4.6%,Farmhouse Ale - Saison,Bottle 750ml,"€ 12,87 per litre"
Cyclic Beer Farm / Dry River Brewing Matinada,"€ 9,33",Spain,3.73,Cyclic Beer Farm/ Dry River Brewing,5.6%,Sour - Other,Bottle 750ml,"€ 12,44 per litre"
Destihl Dosvidanya - Rye Whiskey Ba,"€ 18,50",United States,4.27,DESTIHL Brewery,13.6%,Stout - Russian Imperial,Bottle 750ml,"€ 12,44 per litre"
Destihl Dosvidanya - Bourbon Ba,"€ 18,50",United States,4.18,DESTIHL Brewery,14.7%,Stout - Russian Imperial,Bottle 750ml,"€ 12,44 per litre"
Le Détour Russian Imperial Stout,"€ 3,73",France,3.76,Brasserie le Détour !,8%,Stout - Russian Imperial,330ml,"€ 11,30 per litre"
Kasteel Barista,"€ 2,80",Belgium,3.77,Kasteel Brouwerij Vanhonsebrouck,11%,Belgian Quadrupel,330ml,"€ 8,48 per litre"
Abre Medium Toast 2017,"€ 16,50",United States,4.01,The Bruery,10.8%,Wheat Beer - Wheat Wine,Bottle 750ml,"€ 22,00 per litre"
Abre Light Toast 2017,"€ 16,50",United States,3.96,The Bruery,10.8%,Wheat Beer - Wheat Wine,Bottle 750ml,"€ 22,00 per litre"
Stille Nacht 2020,"€ 10,10",Belgium,4.14,Brouwerij De Dolle Brouwers,12%,Belgian Strong Golden Ale,330ml,"€ 30,61 per litre"
Brauerei Kemker Summer,"€ 18,50",Germany,3.99,Kemker Kultuur (Brauerei J. Kemker),5.5%,Sour - Fruited,Bottle 750ml,"€ 24,67 per litre"
Brauerei Kemker Hiärfst,"€ 18,50",Germany,3.90,Kemker Kultuur (Brauerei J. Kemker),6%,Historical Beer - Gruit / Ancient Herbed Ale,Bottle 750ml,"€ 24,67 per litre"
Brauerei Kemker Frojaor,"€ 18,50",Germany,3.86,Kemker Kultuur (Brauerei J. Kemker),6%,Historical Beer - Gruit / Ancient Herbed Ale,Bottle 750ml,"€ 24,67 per litre"
Greif Bräu - Schlöbberla,"€ 1,90",Germany,3.45,Brauerei Josef Greif,5%,Lager - Amber / Red,500ml,"€ 3,80 per litre"
Champion Ground Bourbon BA,"€ 21,55",United States,4.30,Jackie O's Brewery,12.6%,Stout - Imperial / Double Coffee,Bottle 375ml,"€ 57,47 per litre"
Dark Apparition Vanilla - Coffee Bean Bourbon BA,"€ 21,55",United States,4.29,Jackie O's Brewery,12.8%,Stout - Russian Imperial,Bottle 375ml,"€ 57,47 per litre"
Black Mask Bourbon BA,"€ 21,55",United States,4.26,Jackie O's Brewery,12.6%,Stout - Imperial / Double Coffee,Bottle 375ml,"€ 57,47 per litre"
Stille Nacht 2019,"€ 10,10",Belgium,4.09,Brouwerij De Dolle Brouwers,12%,Belgian Strong Golden Ale,330ml,"€ 30,61 per litre"
Dubbel,"€ 1,95",Belgium,3.54,Abbaye de Leffe,6.5%,Brown Ale - Belgian,300ml,"€ 6,50 per litre"
Tilquin: Gueuze à l'Ancienne,"€ 10,80",Belgium,4.00,Gueuzerie Tilquin,7%,Lambic - Gueuze,Bottle 375ml,"€ 28,80 per litre"
Jackie O's / Off Color Altered Altar,"€ 22,75",United States,4.31,Jackie O's Brewery/ Off Color Brewing,11.3%,Stout - Imperial / Double,Bottle 375ml,"€ 60,67 per litre"
Bourbon Barrel Black Maple,"€ 21,55",United States,4.29,Jackie O's Brewery,13.1%,Porter - Imperial / Double,Bottle 375ml,"€ 57,47 per litre"
"Mountains Walking / Imagine Nation Dessert Cart - Hazelnut, Vanilla and Coffee","€ 12,55",United States,4.16,Imagine Nation Brewing Co./ Mountains Walking Brewery,10.5%,Stout - Imperial / Double Pastry,473ml,"€ 26,53 per litre"
Alvinne's Fellowship 2020 -5 - Goldberry,"€ 28,95",Belgium,4.13,Brouwerij Alvinne,7%,Sour - Fruited,Bottle 750ml,"€ 38,60 per litre"
Alvinne's Fellowship 2020 -1 - Laurelin 2019,"€ 29,95",Belgium,4.20,Brouwerij Alvinne,7%,Sour - Fruited,Bottle 750ml,"€ 39,93 per litre"
Alvinne's Fellowship 2020  4 - Miruvor,"€ 31,00",Belgium,4.19,Brouwerij Alvinne,9%,Sour - Other,Bottle 750ml,"€ 41,33 per litre"
SloePhi,"€ 17,95",Belgium,4.14,Brouwerij Alvinne,8%,Sour - Fruited,Bottle 750ml,"€ 23,93 per litre"
Alvinne's Fellowship 2020 -6 - Palantir,"€ 28,95",Belgium,4.10,Brouwerij Alvinne,7%,Farmhouse Ale - Other,Bottle 750ml,"€ 38,60 per litre"
Framboos Oogst 2019,"€ 23,40",Belgium,4.46,Brouwerij 3 Fonteinen,6.3%,Lambic - Framboise,Bottle 375ml,"€ 62,40 per litre"
Hommage Oogst 2019 Magnum,"€ 89,40",Belgium,4.29,Brouwerij 3 Fonteinen,6.8%,Lambic - Framboise,Bottle 1500ml,"€ 59,60 per litre"
Oude Kriek 2019 Magnum,"€ 57,00",Belgium,4.18,Brouwerij 3 Fonteinen,7.2%,Lambic - Kriek,Bottle 1500ml,"€ 38,00 per litre"
Dulle Griet,"€ 1,90",Belgium,3.29,Scheldebrouwerij,6.5%,Belgian Dubbel,330ml,"€ 5,76 per litre"
Donker Sur Lie – Ben Nevis BA,"€ 6,25",Netherlands,3.77,Brouwerij In De Nacht,9.2%,Belgian Quadrupel,500ml,"€ 12,50 per litre"
Chocoholic,"€ 3,45",Netherlands,3.32,Brouwerij In De Nacht,12%,Stout - Imperial / Double Milk,330ml,"€ 10,45 per litre"
GTI-mperial,"€ 3,05",Netherlands,3.56,De Brouwschuur,10.5%,Stout - Russian Imperial,330ml,"€ 9,24 per litre"
Zwam,"€ 8,75",Netherlands,3.58,Brouwerij de Natte Gijt/ Nevel Wild Ales,5.8%,Wild Ale - Other,Bottle 375ml,"€ 23,33 per litre"
Waerse Brut,"€ 2,75",Netherlands,3.44,Brouwerij de Natte Gijt/ De Brouwschuur,10%,Bière de Champagne / Bière Brut,330ml,"€ 8,33 per litre"
Dark Goat – Dark Sour Barrelblend,"€ 10,95",Netherlands,3.33,Brouwerij de Natte Gijt,10.8%,Sour - Other,Bottle 750ml,"€ 14,60 per litre"
De Molen Hamer & Sikkel,"€ 3,50",Netherlands,3.42,Brouwerij de Molen,5.2%,Porter - English,330ml,"€ 10,61 per litre"
Rare Dos (Aged Over One Year),"€ 43,51",United States,4.35,Cycle Brewing Company,11%,Stout - Imperial / Double,Bottle 650ml,"€ 66,94 per litre"
Rare Dos (Aged Over Two Years),"€ 44,71",United States,4.17,Cycle Brewing Company,11%,Stout - Imperial / Double,Bottle 650ml,"€ 68,78 per litre"
The Dark Woods 2016,"€ 11,69",United States,3.82,Cigar City Brewing,7.3%,Brown Ale - Imperial / Double,Bottle 650ml,"€ 17,98 per litre"
Framboos Oogst 2018-2019 30th BLEND,"€ 29,99",Belgium,4.40,Brouwerij 3 Fonteinen,5.8%,Lambic - Framboise,Bottle 750ml,"€ 39,99 per litre"
Hommage 2018-2019 9th BLEND,"€ 22,74",Belgium,4.33,Brouwerij 3 Fonteinen,6%,Lambic - Fruit,Bottle 750ml,"€ 30,32 per litre"
A Tue Tête: Vendange Rouge 2020,"€ 22,45",Switzerland,4.27,À tue-tête,8%,Sour - Fruited,Bottle 750ml,"€ 29,93 per litre"
Tilquin: Oude Quetsche 2020,"€ 19,50",Belgium,4.15,Gueuzerie Tilquin,6.4%,Lambic - Fruit,Bottle 750ml,"€ 26,00 per litre"
Oud Beersel: Green Walnut 2018,"€ 18,95",Belgium,4.03,Oud Beersel,6.5%,Lambic - Traditional,Bottle 750ml,"€ 25,27 per litre"
Tilquin: Rullquin 2017,"€ 19,95",Belgium,3.93,Brasserie Artisanale de Rulles/ Gueuzerie Tilquin,7%,Stout - Belgian,Bottle 750ml,"€ 26,60 per litre"
Tilquin: Rullquin 2018,"€ 18,75",Belgium,3.80,Brasserie Artisanale de Rulles/ Gueuzerie Tilquin,7%,Sour - Other,Bottle 750ml,"€ 25,00 per litre"
De Koninck Kriek,"€ 4,92",Belgium,3.74,Brouwerij Boon,5.2%,Lambic - Kriek,Bottle 375ml,"€ 13,12 per litre"
Dosvidanya Orange Chocolate Rye 2020,"€ 17,99",United States,4.17,DESTIHL Brewery,13.6%,Stout - Russian Imperial,473ml,"€ 38,03 per litre"
Oude Gueuze Vandervelden 137,"€ 10,91",Belgium,4.05,Oud Beersel,6.5%,Lambic - Gueuze,Bottle 375ml,"€ 29,09 per litre"
200,"€ 6,17",Russia,3.84,AF Brew,11%,Barleywine - American,330ml,"€ 18,70 per litre"
Self-Reliance (Centennial),"€ 26,70",United States,4.22,Hill Farmstead Brewery,6.2%,IPA - Farmhouse,Bottle 750ml,"€ 35,60 per litre"
Fume Blanc,"€ 22,80",United States,4.15,Homage Brewing/ Mikkeller/ Mikkeller Brewing San Diego,6.8%,Sour - Other,Bottle 375ml,"€ 60,80 per litre"
Out In The Open B.A.,"€ 7,15",Netherlands,4.01,Brouwerij Frontaal,11%,Stout - Imperial / Double,330ml,"€ 21,67 per litre"
Oude Geuze 2018-2019,"€ 9,17",Belgium,3.63,Brouwerij Boon,7%,Lambic - Gueuze,Bottle 750ml,"€ 12,23 per litre"
Fifty Fifty Eclipse 2019 Rye Cuvée,"€ 29,00",United States,4.29,FiftyFifty Brewing Co.,11.3%,Stout - Imperial / Double,500ml,"€ 58,00 per litre"
Barrel Aged 10th Anniversary Stout 2019,"€ 41,99",United States,4.47,Fremont Brewing,11.1%,Stout - Imperial / Double,Bottle 650ml,"€ 64,60 per litre"
Bourbon Barrel Aged Dark Star: Spice Wars (2020),"€ 33,99",United States,4.30,Fremont Brewing,12.7%,Stout - Imperial / Double Oatmeal,Bottle 650ml,"€ 64,60 per litre"
Bordelet Cormé 2020,"€ 45,33",France,4.07,Eric Bordelet,8.5%,Cider - Dry,500ml,"€ 90,66 per litre"
Mirakel,"€ 11,17",Belgium,3.80,Brouwerij De Ranke,5.5%,Lambic - Gueuze,Bottle 750ml,"€ 14,89 per litre"
Vindictive II,"€ 31,50",United States,4.01,The Bruery,16.1%,Stout - Imperial / Double,Bottle 750ml,"€ 42,00 per litre"
Unlikely Foragers Foeder Aged,"€ 31,99",United States,4.14,Equilibrium Brewery,6%,Farmhouse Ale - Saison,Bottle 750ml,"€ 42,65 per litre"
Friends Of Prey,"€ 29,50",United States,4.38,Horus Aged Ales/ Mikkeller Brewing San Diego,17.2%,Wheat Beer - Wheat Wine,500ml,"€ 59,00 per litre"
Pun kxng Shake,"€ 29,50",United States,4.25,Mikkeller Brewing San Diego,13.5%,Stout - Imperial / Double,500ml,"€ 59,00 per litre"
The Joy Of Shaking IT,"€ 26,60",United States,4.18,Mikkeller Brewing San Diego,13.5%,Stout - Imperial / Double,500ml,"€ 53,20 per litre"
Obsidian,"€ 20,80",United States,4.17,Mikkeller Brewing San Diego,6.5%,Sour - Flanders Red Ale,500ml,"€ 41,60 per litre"
The Bruery Meringue My Bell,"€ 17,50",United States,3.94,The Bruery Terreux,8.4%,Wild Ale - American,Bottle 370ml,"€ 47,30 per litre"
Tilquin Quetsche 2019-2020,"€ 10,45",Belgium,4.15,Gueuzerie Tilquin,6.4%,Lambic - Fruit,Bottle 375ml,"€ 27,87 per litre"
Toasties Shake,"€ 29,50",United States,4.35,Mikkeller Brewing San Diego,13.5%,Stout - Imperial / Double,500ml,"€ 59,00 per litre"
Saison Jane 5.5,"€ 33,58",Netherlands,3.35,Brouwerij Rodanum,5.5%,Farmhouse Ale - Saison,12-pack,"Total price: € 33,58"
Kemker Aoltbeer 2021-02 - Mirabelle,"€ 39,63",Germany,4.15,Kemker Kultuur (Brauerei J. Kemker),6%,Sour - Fruited,Bottle 1500ml,"€ 26,42 per litre"
"Kemker Aoltbeer 2021-01 - Cherry, Sloe - Cassis","€ 39,63",Germany,3.90,Kemker Kultuur (Brauerei J. Kemker),6%,Sour - Other,Bottle 1500ml,"€ 26,42 per litre"
Experimead -6 - Cinnamon Whisky BA,"€ 28,75",Belgium,3.85,De Mederie,15%,Mead - Traditional,510ml,"€ 56,37 per litre"
Experimead -5 - Whisky BA,"€ 28,75",Belgium,3.83,De Mederie,15%,Mead - Traditional,510ml,"€ 56,37 per litre"
Experimead -7 - Blackcurrant - Vanilla Red Wine BA,"€ 28,75",Belgium,3.78,De Mederie,15%,Mead - Melomel,510ml,"€ 56,37 per litre"
Experimead -4 - European Blueberry (Bilberry),"€ 28,75",Belgium,3.76,De Mederie,14%,Mead - Melomel,510ml,"€ 56,37 per litre"
Odd Side The Nightman Leaveth,"€ 9,99",United States,4.21,Odd Side Ales,11%,Stout - Imperial / Double Milk,510ml,"€ 56,37 per litre"
Odd Side Vino Of Darkness,"€ 8,99",United States,3.87,Odd Side Ales,11%,Stout - Imperial / Double,510ml,"€ 56,37 per litre"
Chocolate Peanut Butter,"€ 35,99",United States,4.16,Wild Leap Brew Co.,13%,Porter - Imperial / Double,Bottle 750ml,"€ 47,99 per litre"
Havnesæson - Blend #3,"€ 20,20",Denmark,4.07,Baghaven Brewing and Blending,6%,Farmhouse Ale - Brett,Bottle 750ml,"€ 26,93 per litre"
Ruud Peesch 2020,"€ 21,50",Denmark,4.00,Baghaven Brewing and Blending,6%,Wild Ale - Other,Bottle 750ml,"€ 28,67 per litre"
Hommage Magnum,"€ 84,95",Belgium,4.43,Brouwerij 3 Fonteinen,6%,Lambic - Framboise,Bottle 1500ml,"€ 56,63 per litre"
Oude Geuze Cuvee Armand & Gaston Honing,"€ 21,95",Belgium,4.32,Brouwerij 3 Fonteinen,7%,Lambic - Gueuze,Bottle 750ml,"€ 29,27 per litre"
Oude Geuze Devillé,"€ 6,70",Belgium,4.02,Den Herberg,6%,Lambic - Gueuze,Bottle 370ml,"€ 18,11 per litre"
Bourista BA,"€ 18,10",Denmark,4.15,To Øl,13.1%,Stout - Imperial / Double Coffee,Bottle 375ml,"€ 48,27 per litre"
F.A.I (Formerly An Interesting Lager) 750 ml,"€ 31,70",United States,4.03,de Garde Brewing,5.5%,Lager - American,Bottle 375ml,"€ 48,27 per litre"
Bommen & Granaten Barleywine,"€ 3,10",Netherlands,3.82,Brouwerij de Molen,11%,Barleywine - Other,330ml,"€ 9,39 per litre"
Fizzy Lemon,"€ 3,30",Scotland,3.90,BrewDog/ Morgondagens Bryggeri,4.7%,Sour - Fruited Berliner Weisse,Can 330ml,"€ 10,00 per litre"
Dead Head,"€ 2,90",Sweden,3.80,Morgondagens Bryggeri,4.5%,Sour - Fruited Berliner Weisse,Can 330ml,"€ 8,79 per litre"
Bappelsin,"€ 2,03",Sweden,3.33,Morgondagens Bryggeri,5.5%,Sour - Fruited Berliner Weisse,Can 330ml,"€ 6,15 per litre"
B.O.R.I.S.,"€ 3,95",Netherlands,3.57,Baxbier,10.5%,Stout - Russian Imperial,330ml,"€ 11,97 per litre"
For The Love Of Guava,"€ 20,80",United States,3.94,Beachwood Blendery,6.2%,Lambic - Fruit,Bottle 500ml,"€ 41,60 per litre"
Helle Aufregung,"€ 2,79",Germany,3.41,Landgang Brauerei,5%,Lager - Helles,330ml,"€ 8,45 per litre"
Kehrwieder Prototyp,"€ 3,49",Germany,3.64,Kehrwieder Kreativbrauerei,5.9%,Lager - IPL (India Pale Lager),330ml,"€ 10,58 per litre"
Steinitz,"€ 12,95",England,4.19,Buxton Brewery,14%,Porter - Imperial / Double,330ml,"€ 39,24 per litre"
Rain Shadow 2021,"€ 5,91",England,4.04,Buxton Brewery,10%,Stout - Imperial / Double,330ml,"€ 17,91 per litre"
Morphy,"€ 11,69",England,3.79,Buxton Brewery,9.3%,Scotch Ale / Wee Heavy,330ml,"€ 35,42 per litre"
Capablanca,"€ 11,69",England,4.11,Buxton Brewery,11%,Porter - Imperial / Double,330ml,"€ 35,42 per litre"
WRCLW Imperial Pastry Stout - French Toast Nitro,"€ 6,25",Poland,4.09,Browar Stu Mostów,10%,Stout - Imperial / Double Pastry,330ml,"€ 18,94 per litre"
WRCLW Baltic Porter - Salted Caramel Nitro,"€ 5,55",Poland,3.91,Browar Stu Mostów,9.1%,Porter - Imperial / Double Baltic,330ml,"€ 16,82 per litre"
Kwaremont Blond,"€ 2,35",Belgium,3.49,Brouwerij De Brabandere,6.6%,Belgian Blonde,330ml,"€ 7,12 per litre"
Oenobier: Semillon,"€ 10,13",United States,4.05,Trillium Brewing Company,10.8%,Wild Ale - American,330ml,"€ 30,70 per litre"
California IPA,"€ 3,19",United States,3.47,Sierra Nevada Brewing Co.,4.2%,IPA - Session,355ml,"€ 8,99 per litre"
Long Life: Apricot,"€ 10,13",United States,4.10,Trillium Brewing Company,8.5%,Wild Ale - American,330ml,"€ 30,70 per litre"
Fated Farmer Cranberry,"€ 22,13",United States,4.10,Trillium Brewing Company,6.8%,Wild Ale - American,Bottle 750ml,"€ 29,51 per litre"
Nana's Famous Pain Perdu,"€ 14,85",United States,4.07,The Bruery,9.7%,Stout - Imperial / Double Pastry,475ml,"€ 31,26 per litre"
American Anthem,"€ 17,78",United States,4.06,The Bruery,14.2%,Brown Ale - Imperial / Double,475ml,"€ 37,43 per litre"
Sweet Liberty,"€ 14,85",United States,3.91,The Bruery,9.2%,Stout - Imperial / Double Pastry,475ml,"€ 31,26 per litre"
Pistachio Mustachio,"€ 14,85",United States,4.00,The Bruery,10.3%,Stout - Imperial / Double,475ml,"€ 31,26 per litre"
Marzipandemonium,"€ 39,99",United States,4.14,The Bruery,16.7%,Stout - Imperial / Double,Bottle 750ml,"€ 53,32 per litre"
Cuvee de Zrisa,"€ 10,10",Italy,4.02,Ca' del Brado,7.8%,Sour - Fruited,Bottle 375ml,"€ 26,93 per litre"
OG Armand & Gaston 17/18 Assemblage n° 26,"€ 12,23",Belgium,4.38,Brouwerij 3 Fonteinen,6.7%,Lambic - Gueuze,Bottle 375ml,"€ 32,61 per litre"
Hommage BIO 18/19 Assemblage n°110,"€ 43,55",Belgium,4.27,Brouwerij 3 Fonteinen,8.8%,Lambic - Framboise,Bottle 750ml,"€ 58,07 per litre"
Opal 2020,"€ 21,50",Denmark,3.96,Baghaven Brewing and Blending,6%,Wild Ale - Other,Bottle 750ml,"€ 28,67 per litre"
The Ocho,"€ 29,50",United States,3.88,Almanac Beer Company/ Arizona Wilderness Brewing Co./ Firestone Walker Brewing Company/ Gigantic Brewing Company/ + 4 breweries,13%,Stout - Imperial / Double,500ml,"€ 59,00 per litre"
Nuit Noire – Buffalo Trace BA,"€ 5,95",Netherlands,3.84,100 Watt Brewery,10%,Winter Ale,330ml,"€ 18,03 per litre"
Surette Reserva Palisade Peach (2017),"€ 27,64",United States,4.27,Crooked Stave Artisan Beer Project,6.2%,Sour - Fruited,Bottle 750ml,"€ 36,85 per litre"
Surette Reserva Palisade Peach (2018),"€ 27,64",United States,4.24,Crooked Stave Artisan Beer Project,6.2%,Sour - Other,Bottle 750ml,"€ 36,85 per litre"
Mama Bears Sour Cherry Pie (2018),"€ 27,64",United States,4.17,Crooked Stave Artisan Beer Project,6.6%,Sour - Fruited,Bottle 750ml,"€ 36,85 per litre"
Heart's Beat,"€ 12,08",United States,4.13,Upright Brewing Company,6.8%,Wild Ale - American,Bottle 375ml,"€ 32,21 per litre"
Pathways,"€ 12,08",United States,4.07,Upright Brewing Company,8%,Farmhouse Ale - Saison,Bottle 375ml,"€ 32,21 per litre"
Ghosts In The Forest,"€ 24,83",United States,4.07,The Lost Abbey,6%,Wild Ale - American,Bottle 375ml,"€ 66,21 per litre"
Ives Blend Four,"€ 12,08",United States,4.04,Upright Brewing Company,6.5%,Wild Ale - American,Bottle 375ml,"€ 32,21 per litre"
Señor Cybies Cherries And Berries,"€ 24,39",United States,4.02,Crooked Stave Artisan Beer Project,8.4%,Sour - Fruited,Bottle 750ml,"€ 32,52 per litre"
Expansions,"€ 12,08",United States,4.00,Upright Brewing Company,6%,Farmhouse Ale - Saison,Bottle 375ml,"€ 32,21 per litre"
Bauernhaus Ensemble,"€ 8,79",United States,3.87,Upright Brewing Company,6%,Wild Ale - American,Bottle 375ml,"€ 23,44 per litre"
Kopstootje,"€ 12,08",United States,3.69,Upright Brewing Company,5.8%,Farmhouse Ale - Bière de Garde,Bottle 375ml,"€ 32,21 per litre"
My Bloody Valentine,"€ 5,95",Netherlands,3.55,100 Watt Brewery/ Berghoeve Brouwerij,8.5%,Sour - Traditional Gose,330ml,"€ 18,03 per litre"
Eeuwig Bijzonder,"€ 6,15",Netherlands,3.45,Brouwerij Eeuwig Zonde,10%,Belgian Tripel,330ml,"€ 18,64 per litre"
ROTT. Kaapse,"€ 3,15",Netherlands,3.25,Kaapse Brouwers/ ROTT. Brouwers,4.7%,Lager - Dark,330ml,"€ 9,55 per litre"
De Baron 75CL,"€ 7,50",Netherlands,3.20,Eiber Bier,6.8%,Brown Ale - Other,Bottle 750ml,"€ 10,00 per litre"
Galea The Black Pope Amapola Tarrazu Coffee - Vaniilla Double BA,"€ 9,75",Belgium,3.64,Galea Craft Beers,11.5%,Stout - Imperial / Double Coffee,330ml,"€ 29,55 per litre"
Delirium Argentum,"€ 2,75",Belgium,3.60,Delirium - Huyghe Brewery,7%,IPA - Belgian,330ml,"€ 8,33 per litre"
Günther Schwarzbier,"€ 1,90",Germany,3.51,Günther-Bräu,5.2%,Schwarzbier,500ml,"€ 3,80 per litre"
Terreux Sans Pagaie,"€ 26,90",United States,4.39,The Bruery Terreux,6.5%,Sour - Ale,Bottle 750ml,"€ 35,87 per litre"
Bois,"€ 33,20",United States,4.30,The Bruery,15%,Old / Stock Ale,Bottle 750ml,"€ 44,27 per litre"
Wee So Heavy,"€ 33,00",United States,4.29,The Bruery,13%,Scotch Ale / Wee Heavy,Bottle 750ml,"€ 44,00 per litre"
Three's Company,"€ 14,10",United States,4.28,Mikerphone Brewing/ Moksa Brewing Co/ The Bruery,11.3%,Stout - Imperial / Double Pastry,473ml,"€ 29,81 per litre"
Sucre 2014,"€ 33,40",United States,4.25,The Bruery,16.9%,Old / Stock Ale,Bottle 750ml,"€ 44,53 per litre"
Train To Beersel 2020,"€ 23,90",United States,4.03,The Bruery Terreux,8.4%,Wild Ale - American,Bottle 750ml,"€ 31,87 per litre"
Joy Ride,"€ 33,20",New Zealand,4.00,Panhead Custom Ales,15%,Pilsner - Imperial / Double,Bottle 750ml,"€ 44,27 per litre"
White Chocolate 2020,"€ 27,40",United States,3.99,The Bruery,14.8%,Wheat Beer - Wheat Wine,Bottle 750ml,"€ 36,53 per litre"
Sweet Liberty,"€ 14,00",United States,3.91,The Bruery,9.2%,Stout - Imperial / Double Pastry,473ml,"€ 29,60 per litre"
Oude Kriek 2019,"€ 6,51",Belgium,3.80,Brouwerij Boon,6.5%,Lambic - Kriek,Bottle 375ml,"€ 17,36 per litre"
Oude Geuze 2018-2019,"€ 6,99",Belgium,3.63,Brouwerij Boon,7%,Lambic - Gueuze,Bottle 375ml,"€ 18,64 per litre"
The Bruery / NOLA - LXXV 2019,"€ 16,24",United States,3.96,NOLA Brewing/ The Bruery Terreux,8.2%,Wild Ale - American,Bottle 750ml,"€ 21,65 per litre"
Tripel,"€ 3,05",Belgium,3.81,Brouwerij der Trappisten van Westmalle,9.5%,Belgian Tripel,330ml,"€ 9,24 per litre"
DDVD Korenaar La Renaissance Grand Cru n° II,"€ 20,84",Belgium,3.81,Brouwerij De Dochter van de Korenaar,7%,IPA - English,Bottle 750ml,"€ 27,79 per litre"
Hof Ten Dormaal Sloe,"€ 4,67",Belgium,3.66,Brouwerij Hof ten Dormaal,6.2%,Sour - Fruited,330ml,"€ 14,15 per litre"
Kofi - Colombian Coffee,"€ 4,82",Belgium,3.81,Brasserie Atrium,8%,Stout - Coffee,330ml,"€ 14,61 per litre"
'Verno 20,"€ 4,87",Belgium,3.61,Brasserie Atrium,10.5%,Winter Ale,330ml,"€ 14,76 per litre"
Barrel Project 20.07,"€ 4,77",Netherlands,3.77,Brouwerij Kees,9.8%,Porter - Imperial / Double,330ml,"€ 14,45 per litre"
St Feuillien Triple,"€ 3,10",Belgium,3.66,Brasserie St-Feuillien,8.5%,Belgian Tripel,330ml,"€ 9,39 per litre"
Winterwarmer Cognac Barrel Aged,"€ 6,50",Netherlands,3.71,Brouwerij Hommeles,10%,Belgian Quadrupel,330ml,"€ 19,70 per litre"
Green Walnut Lambic 2019,"€ 22,86",Belgium,3.85,Oud Beersel,6.5%,Lambic - Other,Bottle 750ml,"€ 30,48 per litre"
Verzet Oud Bruin Raspberry 2019,"€ 4,42",Belgium,3.84,Brouwerij 't Verzet,6%,Sour - Flanders Oud Bruin,330ml,"€ 13,39 per litre"
Verzet Oud Bruin Cherry 2019,"€ 4,19",Belgium,3.74,Brouwerij 't Verzet,6%,Sour - Flanders Oud Bruin,330ml,"€ 12,70 per litre"
Acedrinks X Dutch Bargain Quadrupel Makes Me Nuts!,"€ 2,99",Netherlands,3.72,Dutch Bargain,10%,Belgian Quadrupel,330ml,"€ 9,06 per litre"
Orange Muscat Lineage Rye,"€ 11,80",United States,4.21,Trillium Brewing Company,10.1%,Wild Ale - American,330ml,"€ 35,76 per litre"
Fated Farmer Series - Plum,"€ 24,30",United States,4.17,Trillium Brewing Company,6.9%,Wild Ale - American,Bottle 750ml,"€ 32,40 per litre"
Wild Sinister Kid - Sherry Cask,"€ 33,20",United States,4.15,Trillium Brewing Company,11%,Wild Ale - American,Bottle 750ml,"€ 44,27 per litre"
Fated Farmer Series - Red Currant,"€ 24,30",United States,4.14,Trillium Brewing Company,6.7%,Wild Ale - American,Bottle 750ml,"€ 32,40 per litre"
Double Apricot Stonington,"€ 11,80",United States,4.13,Trillium Brewing Company,6.7%,Wild Ale - American,330ml,"€ 35,76 per litre"
Long Life - Apricot,"€ 11,80",United States,4.10,Trillium Brewing Company,8.8%,Wild Ale - American,330ml,"€ 35,76 per litre"
Fated Farmer Series - Peach,"€ 24,30",United States,4.10,Trillium Brewing Company,6.1%,Wild Ale - American,Bottle 750ml,"€ 32,40 per litre"
Fated Farmer Series - Cranberry,"€ 24,30",United States,4.10,Trillium Brewing Company,6.8%,Wild Ale - American,Bottle 750ml,"€ 32,40 per litre"
Fated Farmer Series - Concord Grape,"€ 10,50",United States,4.07,Trillium Brewing Company,7.1%,Wild Ale - American,330ml,"€ 31,82 per litre"
SEHT,"€ 19,20",United States,4.06,Tired Hands Brewing Company,7%,Farmhouse Ale - Saison,Bottle 750ml,"€ 25,60 per litre"
Oenobier Semillon,"€ 11,80",United States,4.05,Trillium Brewing Company,10.8%,Wild Ale - American,330ml,"€ 35,76 per litre"
Fated Farmer Series - Apricot,"€ 10,50",United States,4.05,Trillium Brewing Company,6.7%,Wild Ale - American,330ml,"€ 31,82 per litre"
Brimming Bin,"€ 10,50",United States,3.93,Carton Brewing Company/ Trillium Brewing Company,10.9%,Wild Ale - American,330ml,"€ 31,82 per litre"
Black Malts & Body Salts 2.0,"€ 8,80",Denmark,3.97,To Øl,9.9%,IPA - Imperial / Double Black,Bottle 330ml,"€ 26,67 per litre"
Double Raspberry Lineage Wheat,"€ 10,12",United States,4.26,Trillium Brewing Company,6.7%,Wild Ale - American,330ml,"€ 30,67 per litre"
Crunkle Sam 2020 Ba,"€ 16,99",United States,3.94,Clown Shoes,10%,Barleywine - American,570ml,"€ 29,81 per litre"
Vuur & Vlam IPA,"€ 2,75",Netherlands,3.58,Brouwerij de Molen,6.2%,IPA - American,330ml,"€ 8,33 per litre"
Rubus of Rose (Blend 3),"€ 24,00",Denmark,3.77,Baghaven Brewing and Blending,6.5%,Wild Ale - Other,Bottle 750ml,"€ 32,00 per litre"
Chouffe Mc,"€ 2,55",Belgium,3.64,Brasserie d'Achouffe,8%,Belgian Strong Dark Ale,330ml,"€ 7,73 per litre"
Beer Geek Vanilla Maple Cocoa,"€ 15,90",Denmark,4.15,Mikkeller,13%,Stout - Imperial / Double Oatmeal,330ml,"€ 48,18 per litre"
ÜberQuell Pillepalle Alkoholfreies Ale,"€ 2,89",Germany,3.48,ÜberQuell Brauwerkstätten,0.4%,Non-Alcoholic - Pale Ale,330ml,"€ 8,76 per litre"
Siren Haunted House,"€ 12,39",England,4.34,Siren Craft Brew,13.5%,Stout - Imperial / Double Milk,Bottle 375ml,"€ 33,04 per litre"
De Cam Oude Lambiek 2018,"€ 23,87",Belgium,4.05,Geuzestekerij De Cam,5%,Lambic - Traditional,Bottle 750ml,"€ 31,83 per litre"
Spontancassis,"€ 13,70",Denmark,3.78,Mikkeller,7.7%,Lambic - Fruit,Bottle 375ml,"€ 36,53 per litre"
Spontanpassionfruit,"€ 13,70",Denmark,3.97,Mikkeller,7.7%,Lambic - Fruit,Bottle 375ml,"€ 36,53 per litre"
Spontanapricot,"€ 13,70",Denmark,3.83,Mikkeller,7.7%,Lambic - Fruit,Bottle 375ml,"€ 36,53 per litre"
Oregon Fruit Series: Spontan    Plum,"€ 16,40",Denmark,3.83,Mikkeller,6.3%,Sour - Fruited,Bottle 375ml,"€ 43,73 per litre"
Spontanblackberry,"€ 13,70",Denmark,3.82,Mikkeller,7.7%,Sour - Fruited,Bottle 375ml,"€ 36,53 per litre"
Mikkeller Baghaven: Refsaesoen Abrikos,"€ 26,70",Denmark,4.04,Baghaven Brewing and Blending,6.5%,Farmhouse Ale - Other,Bottle 750ml,"€ 35,60 per litre"
Spontanlemon,"€ 13,70",Denmark,3.91,Mikkeller,7.7%,Lambic - Fruit,Bottle 375ml,"€ 36,53 per litre"
Spontantripplecherry 2020,"€ 21,60",Denmark,3.90,Mikkeller,10%,Lambic - Kriek,Bottle 375ml,"€ 57,60 per litre"
Spontandoublecassis,"€ 17,40",Denmark,3.88,Mikkeller,7.7%,Lambic - Fruit,Bottle 375ml,"€ 46,40 per litre"
Oregon Fruit Series:    Spontanblueberry,"€ 16,40",Denmark,3.83,Mikkeller,7.7%,Sour - Fruited,Bottle 375ml,"€ 43,73 per litre"
Cherry Frederiksdal    Trippelbock 2019,"€ 11,90",Denmark,3.48,Mikkeller,12.9%,Bock - Doppelbock,Bottle 375ml,"€ 31,73 per litre"
Cherry Frederiksdal    Doublebock 2019,"€ 9,00",Denmark,3.41,Mikkeller,9%,Bock - Doppelbock,Bottle 375ml,"€ 24,00 per litre"
Satisfied?,"€ 9,60",United States,4.06,Listermann Brewing Company,7%,Stout - Milk / Sweet,355ml,"€ 27,04 per litre"
Triple Digit Series: Chickow!,"€ 7,28",United States,4.06,Listermann Brewing Company,10%,Brown Ale - Imperial / Double,355ml,"€ 20,51 per litre"
Epic Brewing Big Bad Baptist Pecan Pie,"€ 19,99",United States,4.17,"Epic Brewing Co. (Utah, Colorado)",11.5%,Stout - Imperial / Double,Bottle 650ml,"€ 30,75 per litre"
Hof Ten Dormaal Zure van Tildonk - Kriek 2020,"€ 4,11",Belgium,3.74,Brouwerij Hof ten Dormaal,6.5%,Sour - Fruited,Bottle 330ml,"€ 12,45 per litre"
Rochefort 6,"€ 2,25",Belgium,3.71,Abbaye Notre-Dame de Saint-Rémy,7.5%,Belgian Dubbel,330ml,"€ 6,82 per litre"
Geuze Vandervelden 137,"€ 10,10",Belgium,4.05,Oud Beersel,6.5%,Lambic - Gueuze,Bottle 375ml,"€ 26,93 per litre"
Siren Waltzer,"€ 12,39",England,4.40,Siren Craft Brew,13.5%,Stout - Imperial / Double Milk,Bottle 375ml,"€ 33,04 per litre"
Siren Fireside,"€ 11,91",England,4.15,Siren Craft Brew,12.7%,Stout - Imperial / Double,Bottle 375ml,"€ 31,76 per litre"
Lervig Hipster for Christmas,"€ 13,43",Norway,3.81,LERVIG,13.1%,Barleywine - English,330ml,"€ 40,70 per litre"
Oude Gueuze Barrel Seclection Oude Pijpen 2020,"€ 11,49",Belgium,4.05,Oud Beersel,6.5%,Lambic - Gueuze,Bottle 375ml,"€ 30,64 per litre"
Imperial Mexican Biscotti Cake Break,"€ 17,99",United States,4.17,Evil Twin Brewing/ Westbrook Brewing Co.,10.5%,Stout - Imperial / Double Pastry,Bottle 650ml,"€ 27,68 per litre"
Thurel Poire Cru Des Loges 2018,"€ 19,75",France,3.81,Domaine Julien Thurel,6%,Cider - Perry / Poiré,Bottle 750ml,"€ 26,33 per litre"
Moût de Raison,"€ 4,53",Belgium,3.36,Brasserie Atrium,8%,Grape Ale - Other,330ml,"€ 13,73 per litre"
Rosalinda,"€ 4,44",Belgium,3.20,Brasserie Atrium,7%,Grape Ale - Other,330ml,"€ 13,45 per litre"
Ter Dolen tripel,"€ 2,00",Belgium,3.43,Brouwerij Mort Subite,6.5%,Lambic - Kriek,Bottle 375ml,"€ 5,33 per litre"
Oude Mûre À l'ancienne (2019-2020),"€ 22,15",Belgium,4.14,Gueuzerie Tilquin,6%,Lambic - Fruit,Bottle 750ml,"€ 29,53 per litre"
Big Bad Baptist Chocolate Raspberry,"€ 17,49",United States,4.08,"Epic Brewing Co. (Utah, Colorado)",10.5%,Stout - Imperial / Double,Bottle 650ml,"€ 26,91 per litre"
La Trappe Dubbel,"€ 2,59",Netherlands,3.63,Bierbrouwerij De Koningshoeven,7%,Belgian Dubbel,330ml,"€ 7,85 per litre"
Huyghe Delirium Tremens,"€ 3,69",Belgium,3.85,Delirium - Huyghe Brewery,8.5%,Belgian Strong Golden Ale,330ml,"€ 11,18 per litre"
Bruin,"€ 2,35",Belgium,3.72,Bières de Chimay,7%,Belgian Dubbel,330ml,"€ 7,12 per litre"
Petrosian,"€ 13,69",England,4.36,Buxton Brewery,16.5%,Stout - Imperial / Double,330ml,"€ 41,48 per litre"
