Beer_name,Price_euro,Origin,Rating,Brewery,Percentage,Beer_type,Countenance,Volume_ml,Price_per_litter,Beer_type_general,ba_abv,ba_avg,ba_avg_computed,ba_avg_matched_valid_ratings,ba_ba_score,ba_beer_id,ba_beer_name,ba_beer_wout_brewery_name,ba_brewery_id,ba_brewery_name,ba_bros_score,ba_nbr_matched_valid_ratings,ba_nbr_ratings,ba_nbr_reviews,ba_style,ba_zscore,rb_abv,rb_avg,rb_avg_computed,rb_avg_matched_valid_ratings,rb_beer_id,rb_beer_name,rb_beer_wout_brewery_name,rb_brewery_id,rb_brewery_name,rb_nbr_matched_valid_ratings,rb_nbr_ratings,rb_overall_score,rb_style,rb_style_score,rb_zscore,scores_diff,scores_sim
Hammerland DIPA,7.69,United States,3.98,El Segundo Brewing Company,8.6,IPA - Imperial / Double,30000ml,30000,0.26,IPA,8.6,4.16,4.181165919282512,4.226923076923076,91.0,154563,Hammerland DIPA,DIPA Hammerland,25920,El Segundo Brewing Company,,39,223,29,American Double / Imperial IPA,0.4352135940443752,8.6,3.75,3.78,3.78,311142,El Segundo Hammerland DIPA,DIPA Hammerland,12939,El Segundo Brewing Company,60,60,98.0,Imperial IPA,92.0,0.6316368407334901,0.6409366314207734,1.0
Erdinger Weissbier,1.69,Germany,3.65,Erdinger Weissbräu,5.3,Wheat Beer - Hefeweizen,500ml,500,3.38,Wheat Beer,7.3,3.85,3.8654655870445342,3.852394366197183,86.0,2646,Erdinger Weissbier Pikantus,Pikantus Weissbier,703,Erdinger Weissbräu,89.0,284,494,275,Weizenbock,-0.0038287346293889,7.3,3.45,3.4573500967117985,3.4568247821878018,2445,Erdinger Pikantus,Pikantus,425,Erdinger Weissbräu,1033,1034,83.0,Weizen Bock,85.0,0.161536306642336,0.8837858945683565,0.8837858945683565
24731 Tripel Kanunnik,2.65,Belgium,3.67,Brouwerij Wilderen,8.2,Belgian Tripel,Bottle 750ml,750,3.53,Belgian Tripel,8.2,3.58,3.743555555555555,3.4981818181818185,82.0,81573,Tripel Kanunnik,Kanunnik Tripel,26614,Brouwerij Wilderen,,11,45,10,Tripel,-0.3331029928301716,8.2,3.33,3.375862068965517,3.375862068965517,150012,Wilderen Tripel Kanunnik,Kanunnik Tripel,13155,Brouwerij Wilderen,232,232,69.0,Abbey Tripel,64.0,-0.073119116345445,1.0000000000000002,1.0000000000000002
Tegernseer Hell,1.83,Germany,3.63,Herzoglich Bayerisches Brauhaus Tegernsee,4.8,Lager - Helles,500ml,500,3.66,Lager,4.8,3.77,3.887625,3.823928571428572,85.0,6575,Tegernsee Hell,Hell,1796,Herzoglich Bayerisches Brauhaus Tegernsee,,28,80,27,Munich Helles Lager,-0.0389849828971316,4.8,2.99,3.0166064981949456,3.0166064981949456,17116,Tegernseer Hell,Tegernseer Hell,2843,Herzoglich Bayerisches Brauhaus Tegernsee,277,277,35.0,Dortmunder/Helles,80.0,-0.6486090732774977,0.9379472242864773,0.9379472242864773
Arend Tripel,2.8,Belgium,3.6,Brouwerij De Ryck,8.0,Belgian Tripel,Bottle 750ml,750,3.73,Belgian Tripel,8.0,3.87,3.91895238095238,3.843695652173913,86.0,46541,Arend Tripel,Arend Tripel,3465,Brouwerij De Ryck,90.0,46,105,45,Tripel,0.0360714772983089,8.0,3.41,3.425,3.425,77890,De Ryck Arend Tripel,Arend Tripel,3093,Brouwerij De Ryck,300,300,79.0,Abbey Tripel,81.0,0.0825885378318638,0.7239857660099087,1.0
Weiherer Zwickerla Hell,1.9,Germany,3.49,Brauerei Kundmüller,4.9,Kellerbier / Zwickelbier,500ml,500,3.8,Kellerbier / Zwickelbier,4.9,3.62,3.623333333333333,3.623333333333333,,272698,Weiherer Zwickerla Hell,Zwickerla Hell Weiherer,5928,Brauerei Gasthof Kundmüller,,3,3,3,Kellerbier / Zwickelbier,-0.8402461184903053,4.9,3.06,3.0894736842105264,3.0894736842105264,432511,Weiherer Zwickerla Hell,Zwickerla Hell Weiherer,1822,Brauerei-Gasthof Kundmüller,19,19,40.0,Zwickel/Keller/Landbier,63.0,-0.7802847240740113,0.6243415853261025,1.0
Edel-Pils,1.9,Germany,3.42,Brauerei Ott,4.9,Pilsner - German,500ml,500,3.8,Pilsner,4.9,4.25,4.25,4.25,,48277,Ott Edel-Pils,EdelPils,5949,Brauerei Ott,,3,3,3,German Pilsener,0.6435561153330899,4.9,3.12,3.1375000000000006,3.1375000000000006,10287,Ott Edel-Pils,EdelPils,1877,Brauerei Gasthof Ott,48,48,44.0,Pilsener,85.0,-0.4071002544635131,1.0,1.0
Weiherer Lager,1.9,Germany,3.39,Brauerei Kundmüller,4.7,Lager - Helles,500ml,500,3.8,Lager,4.7,3.62,3.615,3.615,,243217,Weiherer Landbier,Landbier Weiherer,5928,Brauerei Gasthof Kundmüller,,2,2,2,Kellerbier / Zwickelbier,-0.8075543007875717,4.7,3.18,3.2000000000000006,3.2000000000000006,210822,Weiherer Landbier,Landbier Weiherer,1822,Brauerei-Gasthof Kundmüller,38,38,48.0,Zwickel/Keller/Landbier,85.0,-0.4075254996205348,0.912556295323109,1.0000000000000002
Störtebeker BIO Baltik Lager,1.97,Germany,3.33,Störtebeker Braumanufaktur,5.5,Märzen,500ml,500,3.94,Märzen,5.5,3.21,3.2900000000000005,3.1533333333333333,,216602,Störtebeker Baltik-Lager,BaltikLager,12511,Störtebeker Braumanufaktur,,3,6,3,Vienna Lager,-1.5327227395416267,5.5,3.0,3.016666666666666,3.016666666666666,397923,Störtebeker Baltik-Lager,BaltikLager,951,Störtebeker Braumanufaktur,36,36,36.0,Zwickel/Keller/Landbier,48.0,-0.916072630162176,1.0,1.0
Störtebeker Schwarzbier,2.09,Germany,3.3,Störtebeker Braumanufaktur,5.0,Schwarzbier,500ml,500,4.18,Schwarzbier,7.5,3.83,3.888571428571428,3.79,84.0,38337,Störtebeker Stark-bier,Starkbier,12511,Störtebeker Braumanufaktur,,7,14,7,Doppelbock,-0.0218617768619355,7.5,3.45,3.4649253731343284,3.4649253731343284,54787,Störtebeker Stark-Bier,StarkBier,951,Störtebeker Braumanufaktur,134,134,83.0,Baltic Porter,49.0,0.1027905732782037,1.0,1.0
Papegaei,3.14,Belgium,3.6,Brouwerij Verstraete,8.0,Belgian Strong Golden Ale,Bottle 750ml,750,4.19,Belgian Strong Golden Ale,8.0,3.88,3.8647058823529417,3.917499999999999,85.0,51076,Papegaei,Papegaei,20509,Brouwerij Verstraete,,12,34,11,Belgian Strong Pale Ale,-0.0775610345377781,8.0,3.35,3.3802325581395354,3.3802325581395354,105495,Papegaei,Papegaei,15384,Brouwerij Verstraete,172,172,72.0,Belgian Strong Ale,56.0,-0.0234613653616927,1.0,1.0
Weiherer Rauch,2.1,Germany,3.39,Brauerei Kundmüller,5.3,Rauchbier,500ml,500,4.2,Rauchbier,5.3,3.52,3.5068,3.5622222222222213,82.0,33055,Weiherer Rauch,Rauch Weiherer,5928,Brauerei Gasthof Kundmüller,,18,25,17,Rauchbier,-0.6385046578370465,5.3,3.34,3.345320197044335,3.345320197044335,36062,Weiherer Rauch,Rauch Weiherer,1822,Brauerei-Gasthof Kundmüller,203,203,70.0,Smoked,57.0,-0.0522803937371127,0.912556295323109,1.0000000000000002
Weiherer Keller,2.1,Germany,3.46,Brauerei Kundmüller,4.9,Kellerbier / Zwickelbier,500ml,500,4.2,Kellerbier / Zwickelbier,4.9,3.94,3.946923076923076,3.935,85.0,54103,Weiherer Keller,Keller Weiherer,5928,Brauerei Gasthof Kundmüller,,6,13,6,Kellerbier / Zwickelbier,0.0354874120796342,4.9,3.3,3.3103773584905665,3.3103773584905665,91056,Weiherer Keller,Keller Weiherer,1822,Brauerei-Gasthof Kundmüller,106,106,64.0,Zwickel/Keller/Landbier,94.0,-0.1704407994236046,0.912556295323109,1.0000000000000002
Festbier,2.1,Germany,3.37,Brauerei Ott,5.7,Festbier,500ml,500,4.2,Festbier,5.8,3.85,3.85,3.85,,122472,Festbier,Festbier,5949,Brauerei Ott,,1,1,1,Märzen / Oktoberfest,-0.214492523187887,5.8,3.09,3.175,3.175,54112,Ott Festbier,Festbier,1877,Brauerei Gasthof Ott,8,8,,Oktoberfest/Märzen,,-0.3551464603880229,1.0,1.0
Weiherer Pils,2.1,Germany,3.37,Brauerei Kundmüller,4.7,Pilsner - German,500ml,500,4.2,Pilsner,4.7,3.76,3.8242857142857134,3.6975,,33080,Weiherer Pils,Pils Weiherer,5928,Brauerei Gasthof Kundmüller,,4,7,4,German Pilsener,-0.139597844311085,4.7,3.25,3.27,3.27,36063,Weiherer Pils,Pils Weiherer,1822,Brauerei-Gasthof Kundmüller,50,50,56.0,Pilsener,93.0,-0.1828573110652935,0.912556295323109,1.0000000000000002
Helleketel,3.25,Belgium,3.32,Brouwerij De Bie,7.0,Belgian Strong Golden Ale,Bottle 750ml,750,4.33,Belgian Strong Golden Ale,7.0,3.6,3.6288888888888895,3.751333333333333,83.0,2579,Helleketelbier,Helleketelbier,827,Brouwerij De Bie,88.0,30,36,30,Belgian Strong Pale Ale,-0.3989483961784537,7.0,3.24,3.2411016949152542,3.2411016949152542,9412,De Bie Helleketelbier,Helleketelbier De,1226,Brouwerij de Bie,236,236,55.0,Belgian Ale,73.0,-0.1843226700810134,0.935047196677601,0.935047196677601
Störtebeker Hanse-Porter,2.19,Germany,3.11,Störtebeker Braumanufaktur,4.0,Porter - Other,500ml,500,4.38,Porter,4.0,2.81,2.876666666666667,2.7207692307692306,76.0,38396,Störtebeker Hanse-Porter,HansePorter,12511,Störtebeker Braumanufaktur,,13,36,13,English Porter,-1.9077087577021656,4.0,2.45,2.436821705426357,2.436821705426357,56569,Störtebeker Hanse-Porter,HansePorter,951,Störtebeker Braumanufaktur,258,258,9.0,Porter,1.0,-1.69327603244733,1.0,1.0
Störtebeker BIO Starkbier,2.19,Germany,3.36,Störtebeker Braumanufaktur,7.5,Bock - Doppelbock,500ml,500,4.38,Bock,7.5,3.83,3.888571428571428,3.79,84.0,38337,Störtebeker Stark-bier,Starkbier,12511,Störtebeker Braumanufaktur,,7,14,7,Doppelbock,-0.0218617768619355,7.5,3.45,3.4649253731343284,3.4649253731343284,54787,Störtebeker Stark-Bier,StarkBier,951,Störtebeker Braumanufaktur,134,134,83.0,Baltic Porter,49.0,0.1027905732782037,1.0,1.0
Störtebeker Atlantik Ale,2.19,Germany,3.49,Störtebeker Braumanufaktur,5.1,Pale Ale - American,500ml,500,4.38,Pale Ale,5.1,3.73,3.6784615384615376,3.815,84.0,82736,Störtebeker Atlantik-Ale,AtlantikAle,12511,Störtebeker Braumanufaktur,,10,26,10,American Pale Ale (APA),-0.4749538501375808,5.1,3.39,3.430543933054393,3.430543933054393,166614,Störtebeker Atlantik-Ale,AtlantikAle,951,Störtebeker Braumanufaktur,239,239,77.0,American Pale Ale,78.0,0.011537663057656,1.0,1.0
Arcobräu Mooser Liesl Helles,2.19,Germany,3.48,Arcobräu Gräfliches Brauhaus,5.3,Lager - Helles,500ml,500,4.38,Lager,5.3,2.71,2.7416666666666667,2.686666666666666,,198460,Arcobräu Mooser Liesl,Liesl Mooser,5709,Arcobräu Gräfliches Brauhaus,,3,6,3,Munich Helles Lager,-2.679877666582968,5.3,2.79,2.7875,2.7875,361843,Arcobräu Mooser Liesl,Liesl Mooser,2691,Arcobräu Gräfliches Brauhaus,64,64,21.0,Dortmunder/Helles,43.0,-1.3105062382694124,1.0000000000000002,1.0000000000000002
Helles Vollbier,2.2,Germany,3.29,Löwenbräu Buttenheim,5.0,Lager - Helles,500ml,500,4.4,Lager,5.0,3.89,3.921666666666667,3.87,,50314,Vollbier Hell,Hell Vollbier,15368,Löwenbräu Buttenheim,,2,6,2,Munich Helles Lager,-0.0107819460537046,5.0,3.05,3.0604651162790697,3.0604651162790697,48308,Löwenbräu Buttenheim Vollbier Hell,Hell Vollbier,2996,Löwenbräu Buttenheim,43,43,40.0,Dortmunder/Helles,87.0,-0.5020424148190897,1.0000000000000002,1.0000000000000002
Lagerbier ungespundet,2.2,Germany,3.34,Löwenbräu Buttenheim,4.8,Kellerbier / Zwickelbier,500ml,500,4.4,Kellerbier / Zwickelbier,4.8,4.07,4.0295000000000005,4.098333333333334,86.0,43887,Ungespundetes Lagerbier,Lagerbier Ungespundetes,15368,Löwenbräu Buttenheim,,12,20,12,Kellerbier / Zwickelbier,0.2938885856685645,4.8,3.3,3.315873015873016,3.315873015873016,28618,Löwenbräu Buttenheim Ungespundetes Lagerbier,Lagerbier Ungespundetes,2996,Löwenbräu Buttenheim,126,126,65.0,Zwickel/Keller/Landbier,94.0,-0.0459028836830659,1.0000000000000002,1.0000000000000002
Störtebeker Glüh-Bierpunsch,2.29,Germany,3.18,Störtebeker Braumanufaktur,5.0,Spiced / Herbed Beer,500ml,500,4.58,Spiced / Herbed Beer,5.0,3.11,3.315,3.03,,102931,Störtebeker Glüh-Bier,GlühBier,12511,Störtebeker Braumanufaktur,,1,4,1,Fruit / Vegetable Beer,-1.1359462532790592,5.0,2.49,2.4830769230769234,2.4830769230769234,158572,Störtebeker Glüh-Bier,GlühBier,951,Störtebeker Braumanufaktur,65,65,10.0,Spice/Herb/Vegetable,12.0,-1.5892924911935653,1.0,1.0
Störtebeker Baltik-Lager,2.29,Germany,3.33,Störtebeker Braumanufaktur,5.5,Märzen,500ml,500,4.58,Märzen,5.5,3.21,3.2900000000000005,3.1533333333333333,,216602,Störtebeker Baltik-Lager,BaltikLager,12511,Störtebeker Braumanufaktur,,3,6,3,Vienna Lager,-1.5327227395416267,5.5,3.0,3.016666666666666,3.016666666666666,397923,Störtebeker Baltik-Lager,BaltikLager,951,Störtebeker Braumanufaktur,36,36,36.0,Zwickel/Keller/Landbier,48.0,-0.916072630162176,1.0,1.0
Gaffel Kölsch,2.29,Germany,3.35,Privatbrauerei Gaffel Becker,4.8,Kölsch,500ml,500,4.58,Kölsch,4.8,3.65,3.6670484061393154,3.6551162790697673,83.0,4137,Gaffel Kölsch,Kölsch,1536,Privatbrauerei Gaffel Becker & Co.,,387,847,378,Kölsch,-0.371304403551042,4.8,2.93,2.9378802747791952,2.9378802747791952,1692,Gaffel Kölsch,Kölsch,301,Privatbrauerei Gaffel Becker & Co.,1019,1019,30.0,Kölsch,44.0,-0.7203363195521605,0.5064052158109147,1.0
Schönramer Hell,2.29,Germany,3.58,Private Landbrauerei Schönram,5.0,Lager - Helles,500ml,500,4.58,Lager,5.0,3.74,3.794,3.911666666666666,84.0,62170,Schönramer Hell,Hell Schönramer,5855,Private Landbrauerei Schönram,,6,10,4,Munich Helles Lager,-0.3113993507764468,5.0,2.94,2.96063829787234,2.96063829787234,17985,Schönramer Hell,Hell Schönramer,2818,Private Landbrauerei Schönram,94,94,31.0,Dortmunder/Helles,72.0,-0.7558537661732613,0.9217139281689166,1.0
Weihenstephaner Hefeweissbier,2.3,Germany,3.78,Bayerische Staatsbrauerei Weihenstephan,5.4,Wheat Beer - Hefeweizen,500ml,500,4.6,Wheat Beer,5.8,3.7,3.7354815772462815,3.695513428120064,84.0,6861,Weihenstephaner Festbier,Festbier Weihenstephaner,252,Bayerische Staatsbrauerei Weihenstephan,,633,1547,620,Märzen / Oktoberfest,-0.2613336676458288,5.8,3.05,3.053412073490813,3.053412073490813,7679,Weihenstephaner Festbier,Festbier Weihenstephaner,282,Bayerische Staatsbrauerei Weihenstephan,762,762,40.0,Oktoberfest/Märzen,66.0,-0.5179897337653838,0.9068233674297018,1.0000000000000002
Brauerei Spezial - Rauchbier Märzen,2.3,Germany,3.71,Brauerei Spezial,5.3,Rauchbier,500ml,500,4.6,Rauchbier,5.3,4.07,4.039791666666667,4.096521739130435,88.0,6604,Spezial Rauchbier Märzen,Märzen Rauchbier,913,Brauerei Spezial,,23,48,23,Rauchbier,0.3256728058580147,5.3,3.63,3.64688796680498,3.64688796680498,13159,Spezial Rauchbier Märzen,Märzen Rauchbier,2040,Brauerei Spezial,241,241,94.0,Smoked,96.0,0.483793086973393,0.6759970070686865,1.0000000000000002
Weiherer Weizenbock,2.3,Germany,3.63,Brauerei Kundmüller,6.8,Bock - Weizenbock,500ml,500,4.6,Bock,6.8,4.07,4.095,4.27,,158469,Weiherer Weizenbock,Weizenbock Weiherer,5928,Brauerei Gasthof Kundmüller,,2,6,2,Weizenbock,0.2559404047430565,6.8,3.27,3.2888888888888896,3.2888888888888896,262960,Weiherer Weizenbock,Weizenbock Weiherer,1822,Brauerei-Gasthof Kundmüller,63,63,59.0,Weizen Bock,47.0,-0.2554842520188199,0.4493249313457453,1.0
Landskron Winterhopfen Festbier,2.39,Germany,3.24,Landskron Brauerei Görlitz,5.3,Festbier,500ml,500,4.78,Festbier,5.3,3.22,3.1633333333333336,3.25,,38132,Landskron Winterhopfen,Winterhopfen,7606,Landskron Brauerei,,1,3,1,German Pilsener,-1.4695463428870112,5.3,2.89,2.8849056603773584,2.8849056603773584,22810,Landskron Winterhopfen,Winterhopfen,1823,Landskron Brauerei,53,53,27.0,Oktoberfest/Märzen,37.0,-0.9016634572628048,1.0,1.0
Schönramer Pils,2.39,Germany,3.48,Private Landbrauerei Schönram,5.0,Pilsner - German,500ml,500,4.78,Pilsner,5.0,3.74,3.794,3.911666666666666,84.0,62170,Schönramer Hell,Hell Schönramer,5855,Private Landbrauerei Schönram,,6,10,4,Munich Helles Lager,-0.3113993507764468,5.0,2.94,2.96063829787234,2.96063829787234,17985,Schönramer Hell,Hell Schönramer,2818,Private Landbrauerei Schönram,94,94,31.0,Dortmunder/Helles,72.0,-0.7558537661732613,0.9217139281689166,1.0
Weltenburger Kloster Winter-Traum Märzen,2.39,Germany,3.29,Klosterbrauerei Weltenburg,5.4,Märzen,500ml,500,4.78,Märzen,5.2,3.67,3.6735185185185184,3.6611627906976736,83.0,7167,Weltenburger Kloster Winter-Traum,WinterTraum Kloster Weltenburger,1315,Klosterbrauerei Weltenburg,,86,108,85,Märzen / Oktoberfest,-0.2706366483566998,5.2,3.19,3.1923841059602647,3.19468438538206,13279,Weltenburger Kloster Winter-Traum,WinterTraum Kloster Weltenburger,689,Klosterbrauerei Weltenburg,301,302,49.0,Amber Lager/Vienna,94.0,-0.263994538771953,0.7346805767794691,1.0
Weltenburger Kloster Anno 1050 Märzen,2.39,Germany,3.51,Klosterbrauerei Weltenburg,5.5,Märzen,500ml,500,4.78,Märzen,5.5,3.71,3.7246308724832216,3.6855952380952384,84.0,5537,Weltenburger Kloster Anno 1050,Kloster Weltenburger 1050 Anno,1315,Klosterbrauerei Weltenburg,,84,149,79,Märzen / Oktoberfest,-0.295922407682515,5.5,3.15,3.153743315508022,3.153743315508022,6213,Weltenburger Kloster Anno 1050,Kloster Weltenburger 1050 Anno,689,Klosterbrauerei Weltenburg,374,374,46.0,Amber Lager/Vienna,92.0,-0.3577133448509312,0.7985537038874789,1.0000000000000002
Weihenstephaner Hefe Weissbier,2.4,Germany,3.78,Bayerische Staatsbrauerei Weihenstephan,5.4,Wheat Beer - Hefeweizen,500ml,500,4.8,Wheat Beer,6.4,3.67,3.88,3.5933333333333337,84.0,185547,Weihenstephaner Comet Weisse,Comet Weihenstephaner Weisse,252,Bayerische Staatsbrauerei Weihenstephan,,3,13,3,Hefeweizen,-0.1645140829013484,6.4,3.38,3.45,3.45,349892,Weihenstephaner Comet Weisse,Comet Weihenstephaner Weisse,282,Bayerische Staatsbrauerei Weihenstephan,24,24,77.0,German Hefeweizen,97.0,0.017245119192747,0.9329682158552144,1.0000000000000002
Märzen,2.45,Germany,3.44,Camba Bavaria,5.8,Märzen,500ml,500,4.9,Märzen,5.6,4.05,3.831666666666667,4.1400000000000015,,98968,Märzen,Märzen,29511,Camba Bavaria,,2,6,2,Märzen / Oktoberfest,-0.2231201070908028,5.6,3.06,3.06875,3.06875,128480,Camba Bavaria Truchtlinger Märzen,Märzen Truchtlinger,9989,Camba Bavaria,48,48,41.0,Oktoberfest/Märzen,68.0,-0.5907804163640145,0.8673151290881559,0.8673151290881559
Weihenstephaner Pils,2.45,Germany,3.57,Bayerische Staatsbrauerei Weihenstephan,5.1,Pilsner - German,500ml,500,4.9,Pilsner,7.7,4.26,4.275830439814815,4.257967346938775,95.0,35625,Weihenstephaner Vitus,Vitus Weihenstephaner,252,Bayerische Staatsbrauerei Weihenstephan,91.0,1225,3456,1197,Weizenbock,0.7014341647899327,7.7,3.76,3.7773504273504273,3.7773504273504273,70791,Weihenstephaner Vitus,Vitus Weihenstephaner,282,Bayerische Staatsbrauerei Weihenstephan,1872,1872,98.0,Weizen Bock,99.0,0.6962262600276231,0.9068233674297018,1.0000000000000002
Weihenstephaner Weissbier Hell,2.49,Germany,3.78,Bayerische Staatsbrauerei Weihenstephan,5.4,Wheat Beer - Hefeweizen,500ml,500,4.98,Wheat Beer,6.4,3.67,3.88,3.5933333333333337,84.0,185547,Weihenstephaner Comet Weisse,Comet Weihenstephaner Weisse,252,Bayerische Staatsbrauerei Weihenstephan,,3,13,3,Hefeweizen,-0.1645140829013484,6.4,3.38,3.45,3.45,349892,Weihenstephaner Comet Weisse,Comet Weihenstephaner Weisse,282,Bayerische Staatsbrauerei Weihenstephan,24,24,77.0,German Hefeweizen,97.0,0.017245119192747,0.9329682158552144,1.0000000000000002
Weltenburger Kloster Barock Dunkel,2.49,Germany,3.52,Klosterbrauerei Weltenburg,4.7,Lager - Munich Dunkel,500ml,500,4.98,Lager,4.7,3.9,3.922327868852459,3.899294871794872,87.0,4920,Weltenburger Kloster Barock Dunkel,Kloster Dunkel Barock Weltenburger,1315,Klosterbrauerei Weltenburg,,156,305,152,Munich Dunkel Lager,0.0568676161029069,4.7,3.46,3.470548862115128,3.470548862115128,4024,Weltenburger Kloster Barock Dunkel,Kloster Dunkel Barock Weltenburger,689,Klosterbrauerei Weltenburg,747,747,84.0,Dunkel/Tmavý,99.0,0.1882166918383038,0.5092252505490904,1.0000000000000002
Bayreuther Bock,2.5,Germany,3.51,Bayreuther Bierbrauerei,6.8,Bock - Single / Traditional,500ml,500,5.0,Bock,6.8,3.74,3.74,3.74,,182714,Bayreuther Bock Bier,Bier Bock,16829,Bayreuther Bierbrauerei,,1,1,1,Bock,-0.5816171330194775,6.8,3.21,3.333333333333333,3.333333333333333,194277,Bayreuther Bock Bier,Bier Bock,3742,Bayreuther Bierbrauerei,9,9,,Dunkler Bock,,-0.2939125608703388,1.0000000000000002,1.0000000000000002
Weihenstephaner Kellerbier,2.5,Germany,3.66,Bayerische Staatsbrauerei Weihenstephan,5.6,Kellerbier / Zwickelbier,500ml,500,5.0,Kellerbier / Zwickelbier,5.6,4.05,4.050714285714286,4.080432098765432,90.0,215147,Weihenstephaner 1516 Kellerbier,Kellerbier 1516 Weihenstephaner,252,Bayerische Staatsbrauerei Weihenstephan,90.0,162,392,155,Kellerbier / Zwickelbier,0.1470050252285292,5.6,3.45,3.452881355932204,3.452881355932204,399122,Weihenstephaner 1516 Kellerbier,Kellerbier 1516 Weihenstephaner,282,Bayerische Staatsbrauerei Weihenstephan,295,295,83.0,Zwickel/Keller/Landbier,98.0,-0.0478586322841253,0.9329682158552144,1.0000000000000002
Schönramer Lager Hell,2.69,Germany,3.58,Private Landbrauerei Schönram,5.0,Lager - Helles,500ml,500,5.38,Lager,5.0,3.74,3.794,3.911666666666666,84.0,62170,Schönramer Hell,Hell Schönramer,5855,Private Landbrauerei Schönram,,6,10,4,Munich Helles Lager,-0.3113993507764468,5.0,2.94,2.96063829787234,2.96063829787234,17985,Schönramer Hell,Hell Schönramer,2818,Private Landbrauerei Schönram,94,94,31.0,Dortmunder/Helles,72.0,-0.7558537661732613,0.9217139281689166,1.0
"Rothaus | Hefeweizen | 5,4%",2.7,Germany,3.59,Badische Staatsbrauerei Rothaus,5.4,Wheat Beer - Hefeweizen,500ml,500,5.4,Wheat Beer,5.4,3.98,3.974776119402984,3.9877777777777776,87.0,16811,Rothaus Hefeweizen,Hefeweizen,464,Badische Staatsbrauerei Rothaus AG,,36,67,35,Hefeweizen,0.1367431670889666,5.4,3.29,3.2875,3.2863468634686352,9284,Rothaus Hefeweizen,Hefeweizen,1602,Badische Staatsbrauerei Rothaus,271,272,63.0,German Hefeweizen,94.0,-0.1416483837694606,1.0,1.0
Rothaus Hefeweizen,2.8,Germany,3.59,Badische Staatsbrauerei Rothaus,5.4,Wheat Beer - Hefeweizen,500ml,500,5.6,Wheat Beer,5.4,3.98,3.974776119402984,3.9877777777777776,87.0,16811,Rothaus Hefeweizen,Hefeweizen,464,Badische Staatsbrauerei Rothaus AG,,36,67,35,Hefeweizen,0.1367431670889666,5.4,3.29,3.2875,3.2863468634686352,9284,Rothaus Hefeweizen,Hefeweizen,1602,Badische Staatsbrauerei Rothaus,271,272,63.0,German Hefeweizen,94.0,-0.1416483837694606,1.0,1.0
Andechser Weissbier Hell,2.85,Germany,3.71,Klosterbrauerei Andechs,5.5,Wheat Beer - Hefeweizen,500ml,500,5.7,Wheat Beer,4.8,4.03,4.0260425531914885,4.069090909090908,89.0,105785,Andechser Vollbier Hell,Andechser Hell Vollbier,911,Klosterbrauerei Andechs,,66,235,63,Munich Helles Lager,0.1674363952772365,4.8,3.17,3.1867187499999994,3.1867187499999994,6279,Andechser Vollbier Hell,Andechser Hell Vollbier,190,Klosterbrauerei Andechs,384,384,48.0,Dortmunder/Helles,95.0,-0.3424598525238834,0.4141122922781055,1.0000000000000002
Dulle Griet,1.9,Belgium,3.29,Scheldebrouwerij,6.5,Belgian Dubbel,330ml,330,5.76,Belgian Dubbel,6.5,3.59,3.596551724137931,3.5899999999999994,83.0,24441,Dulle Griet,Griet Dulle,552,Scheldebrouwerij,,11,29,11,Dubbel,-0.5024339469005965,6.5,3.34,3.35125,3.35125,6940,Scheldebrouwerij Dulle Griet,Griet Dulle,1172,Scheldebrouwerij,240,240,71.0,Abbey Dubbel,80.0,-0.0543159673507608,1.0000000000000002,1.0000000000000002
Lamme Goedzak,1.9,Belgium,3.56,Scheldebrouwerij,7.0,Belgian Blonde,330ml,330,5.76,Belgian Blonde,7.0,3.83,3.829318181818181,3.856363636363637,85.0,15572,Lamme Goedzak,Goedzak Lamme,552,Scheldebrouwerij,,22,44,19,Belgian Strong Pale Ale,-0.0979603959992712,7.0,3.33,3.3410596026490067,3.3410596026490067,6932,Scheldebrouwerij Lamme Goedzak,Goedzak Lamme,1172,Scheldebrouwerij,302,302,69.0,Belgian Ale,87.0,-0.035609705668589,1.0000000000000002,1.0000000000000002
Störtebeker Nordik Porter,2.89,Germany,3.56,Störtebeker Braumanufaktur,9.1,Bock - Eisbock,500ml,500,5.78,Bock,9.1,4.17,3.826666666666666,4.32,,280662,Störtebeker Nordik Porter,Nordik Porter,12511,Störtebeker Braumanufaktur,,1,3,1,Eisbock,-0.3894927438125772,9.1,3.64,3.75,3.75,462577,Störtebeker Nordik Porter,Nordik Porter,951,Störtebeker Braumanufaktur,24,24,94.0,Eisbock,88.0,0.4643586001615565,1.0000000000000002,1.0000000000000002
Störtebeker Pazifik-Ale,2.89,Germany,3.62,Störtebeker Braumanufaktur,6.5,IPA - American,500ml,500,5.78,IPA,5.1,3.73,3.6784615384615376,3.815,84.0,82736,Störtebeker Atlantik-Ale,AtlantikAle,12511,Störtebeker Braumanufaktur,,10,26,10,American Pale Ale (APA),-0.4749538501375808,5.1,3.39,3.430543933054393,3.430543933054393,166614,Störtebeker Atlantik-Ale,AtlantikAle,951,Störtebeker Braumanufaktur,239,239,77.0,American Pale Ale,78.0,0.011537663057656,1.0,1.0
Weihenstephaner Festbier (2024),2.9,Germany,3.72,Bayerische Staatsbrauerei Weihenstephan,5.8,Märzen,500ml,500,5.8,Märzen,5.8,3.7,3.7354815772462815,3.695513428120064,84.0,6861,Weihenstephaner Festbier,Festbier Weihenstephaner,252,Bayerische Staatsbrauerei Weihenstephan,,633,1547,620,Märzen / Oktoberfest,-0.2613336676458288,5.8,3.05,3.053412073490813,3.053412073490813,7679,Weihenstephaner Festbier,Festbier Weihenstephaner,282,Bayerische Staatsbrauerei Weihenstephan,762,762,40.0,Oktoberfest/Märzen,66.0,-0.5179897337653838,0.9068233674297018,1.0000000000000002
Full Sail,2.55,Ireland,3.55,Galway Bay Brewery,5.8,IPA - American,Can 440ml,440,5.8,IPA,5.8,4.02,3.9064864864864863,4.086666666666667,87.0,104771,Full Sail,Full Sail,22861,Galway Bay Brewery,,6,37,6,American IPA,-0.0989596100074005,5.8,3.5,3.570588235294118,3.570588235294118,192031,Galway Bay Full Sail,Full Sail,12518,Galway Bay Brewery,85,85,87.0,India Pale Ale (IPA),78.0,0.2375255251827406,1.0000000000000002,1.0000000000000002
Althea,2.55,Ireland,3.56,Galway Bay Brewery,4.8,IPA - Session,Can 440ml,440,5.8,IPA,4.8,4.34,3.8125,4.53,,228115,Althea,Althea,22861,Galway Bay Brewery,,1,4,1,American Pale Ale (APA),-0.4208976920483209,4.8,3.48,3.573913043478261,3.573913043478261,417783,Galway Bay Althea,Althea,12518,Galway Bay Brewery,23,23,86.0,Session IPA,87.0,0.1379591818102764,1.0,1.0
Weihenstephaner Korbinian,2.95,Germany,3.78,Bayerische Staatsbrauerei Weihenstephan,7.4,Bock - Doppelbock,500ml,500,5.9,Bock,7.4,4.2,4.199002250562641,4.200768,93.0,779,Weihenstephaner Korbinian,Korbinian Weihenstephaner,252,Bayerische Staatsbrauerei Weihenstephan,91.0,1250,2666,1236,Doppelbock,0.579514144206062,7.4,3.77,3.777296664716208,3.777296664716208,7823,Weihenstephaner Korbinian,Korbinian Weihenstephaner,282,Bayerische Staatsbrauerei Weihenstephan,1709,1709,98.0,Doppelbock,99.0,0.7044396684252344,0.9068233674297018,1.0000000000000002
Weihenstephaner Vitus,2.95,Germany,3.84,Bayerische Staatsbrauerei Weihenstephan,7.7,Bock - Weizenbock,500ml,500,5.9,Bock,7.7,4.26,4.275830439814815,4.257967346938775,95.0,35625,Weihenstephaner Vitus,Vitus Weihenstephaner,252,Bayerische Staatsbrauerei Weihenstephan,91.0,1225,3456,1197,Weizenbock,0.7014341647899327,7.7,3.76,3.7773504273504273,3.7773504273504273,70791,Weihenstephaner Vitus,Vitus Weihenstephaner,282,Bayerische Staatsbrauerei Weihenstephan,1872,1872,98.0,Weizen Bock,99.0,0.6962262600276231,0.9068233674297018,1.0000000000000002
Labirytm,3.1,Poland,3.5,Browar Nepomucen,4.8,Pale Ale - American,Bottle 500ml,500,6.2,Pale Ale,4.4,3.74,3.73,3.75,,217941,Labirytm,Labirytm,44540,Browar Nepomucen,,1,3,1,American Pale Ale (APA),-0.5296665738133203,4.4,3.53,3.5716666666666663,3.5716666666666663,364907,Nepomucen Labirytm,Labirytm,22575,Browar Nepomucen,60,60,90.0,American Pale Ale,93.0,0.173948129559243,1.0,1.0
IJwit,2.06,Netherlands,3.68,Brouwerij 't IJ,6.5,Wheat Beer - Witbier / Blanche,330ml,330,6.24,Wheat Beer,6.5,3.84,3.867872340425531,3.8110810810810807,86.0,12479,IJwit,IJwit,489,Brouwerij 't IJ,93.0,37,94,35,Witbier,-0.0717385152872399,6.5,3.43,3.4298850574712643,3.430184331797235,15411,t IJ IJwit,IJwit,1082,Brouwerij t IJ,434,435,81.0,Witbier,96.0,0.0914100030721901,0.4582329918397568,1.0
Texels Skuumkoppe,1.9,Netherlands,3.62,Texelse Bierbrouwerij,6.0,Wheat Beer - Dunkelweizen,Bottle 300ml,300,6.33,Wheat Beer,6.0,3.66,3.5936507936507938,3.5829166666666667,83.0,22191,Texels Skuumkoppe,Skuumkoppe Texels,526,Texelse Bierbrouwerij,,24,63,21,Dunkelweizen,-0.6207333227661296,6.0,3.12,3.138636363636364,3.138636363636364,23569,Texels Skuumkoppe,Skuumkoppe Texels,1995,Texelse Bierbrouwerij,264,264,44.0,Dunkelweizen,64.0,-0.4292250556278051,0.8919596816640276,1.0
Witheer,2.1,Belgium,3.36,Scheldebrouwerij,5.0,Wheat Beer - Witbier / Blanche,330ml,330,6.36,Wheat Beer,5.0,3.64,3.5490909090909097,3.68,83.0,69692,Witheer,Witheer,552,Scheldebrouwerij,,3,11,3,Witbier,-0.5810020761450961,5.0,3.08,3.0842519685039376,3.0842519685039376,6938,Scheldebrouwerij Witheer,Witheer,1172,Scheldebrouwerij,127,127,42.0,Witbier,53.0,-0.4938567389280949,1.0,1.0
Mannenliefde,2.16,Netherlands,3.46,Oedipus Brewing,6.0,Farmhouse Ale - Saison,330ml,330,6.55,Farmhouse Ale,6.0,4.02,3.9773913043478255,4.0285714285714285,86.0,134405,Mannenliefde,Mannenliefde,35209,Oedipus Brewing,,7,23,6,Saison / Farmhouse Ale,0.0349490637643336,6.0,3.44,3.448648648648648,3.448648648648648,187141,Oedipus Mannenliefde,Mannenliefde,13883,Oedipus,222,222,82.0,Saison,67.0,0.0152305506423088,1.0,1.0
Der Weizen,3.29,Germany,3.6,Tilmans Biere,6.0,Wheat Beer - Hefeweizen,500ml,500,6.58,Wheat Beer,6.0,3.75,3.75,3.75,,253442,Der Weizen,Der Weizen,43728,Tilmans Biere,,1,1,1,Hefeweizen,-0.4873453102589691,6.0,3.44,3.52,3.52,455632,Tilmans Der Weizen ,Der Weizen,20690,Tilmans Biere,25,25,82.0,German Hefeweizen,98.0,0.0431188106443456,1.0000000000000002,1.0000000000000002
"Budels Witte Parel 0,0%",2.0,Netherlands,2.69,Budelse Brouwerij,2.2,Non-Alcoholic - Wheat,300ml,300,6.67,Non-Alcoholic,5.0,3.2,3.395454545454545,3.3233333333333337,82.0,48795,Budels Parel Witte,Parel Budels Witte,532,Budelse Brouwerij B.V.,,6,11,5,Witbier,-0.935492080035668,5.0,3.04,3.0445544554455446,3.0445544554455446,60744,Budels Witte Parel,Witte Budels Parel,1684,Budelse Brouwerij,101,101,39.0,Witbier,47.0,-0.5504432019705341,0.9278570301099252,1.0
Val-Dieu Blonde,2.2,Belgium,3.45,Brasserie de l'Abbaye du Val-Dieu,6.0,Belgian Blonde,330ml,330,6.67,Belgian Blonde,8.0,4.02,4.020889679715303,4.017921348314607,89.0,2575,Val-Dieu Brune,Brune,826,Brasserie de l'Abbaye du Val-Dieu,94.0,178,281,178,Dubbel,0.2978773428807565,8.0,3.48,3.4859531772575267,3.4859531772575267,8762,Val-Dieu Brune,Brune,1496,Brasserie de lAbbaye du Val-Dieu,598,598,86.0,Abbey Dubbel,94.0,0.2220401921067151,0.4875812519742347,1.0
Toetëlèr Amber Tripel,2.2,Belgium,3.41,Brouwerij Den Toetëlèr,8.5,Belgian Tripel,330ml,330,6.67,Belgian Tripel,8.5,3.78,3.78,,,197253,Toetëlèr Amber Tripel,Amber Tripel,40868,Brouwerij Den Toetëlèr,,0,1,0,Tripel,-0.3530567045961221,8.5,3.11,3.1305555555555564,3.1305555555555564,169526,Toetëlèr Amber Tripel,Amber Tripel,12610,Brouwerij Den Toetëlèr,36,36,45.0,Abbey Tripel,30.0,-0.4980445682229619,0.606691802134063,1.0
Kempisch Vuur Tripel,2.2,Belgium,3.42,Brouwerij Pirlot,7.5,Belgian Tripel,330ml,330,6.67,Belgian Tripel,7.5,2.68,2.68,,,162553,Kempisch Vuur Tripel,Vuur Tripel Kempisch,29813,Brouwerij Pirlot,,0,1,0,Tripel,-2.75153291041675,7.5,3.37,3.3796610169491523,3.3796610169491523,19149,Kempisch Vuur Tripel (Pirlot),Vuur Tripel Kempisch,14263,Pirlot,118,118,74.0,Abbey Tripel,72.0,0.0513557929184151,0.5685578634452764,1.0000000000000002
Embrasse,2.21,Belgium,3.69,Brouwerij De Dochter van de Korenaar,9.0,Belgian Strong Dark Ale,330ml,330,6.7,Belgian Strong Dark Ale,9.0,4.15,4.204114832535885,4.143809523809524,91.0,50699,Embrasse,Embrasse,16790,Brouwerij De Dochter van de Korenaar,100.0,84,209,82,Belgian Strong Dark Ale,0.5532263555138611,9.0,3.72,3.7324489795918367,3.7324489795918367,96577,De Dochter van de Korenaar Embrasse,Embrasse,8907,De Dochter van de Korenaar,490,490,97.0,Belgian Strong Ale,96.0,0.5985748575982085,0.4937449910872517,1.0
Witkap Pater Special,2.25,Belgium,3.33,Brouwerij Slaghmuylder,5.5,Pale Ale - Belgian,330ml,330,6.82,Pale Ale,7.5,3.86,3.870490797546012,3.8418181818181822,86.0,1809,Witkap Pater Tripel,Pater Witkap Tripel,6,Brouwerij Slaghmuylder,88.0,110,163,109,Tripel,0.0643968056357439,7.5,3.41,3.4114219114219115,3.4114219114219115,5397,Witkap Pater Tripel,Pater Witkap Tripel,797,Brouwerij Slaghmuylder,429,429,79.0,Abbey Tripel,80.0,0.1067773129121793,0.4693698231681284,1.0
Winter Bie,2.3,Belgium,3.34,Brouwerij De Bie,8.0,Winter Warmer,330ml,330,6.97,Winter Warmer,8.0,3.58,3.58,,,221578,Winter Bie,Winter,827,Brouwerij De Bie,,0,1,0,Belgian Strong Dark Ale,-0.847076050470953,8.0,3.32,3.4133333333333336,3.4133333333333336,383184,De Bie Winter Bie,De Winter,1226,Brouwerij de Bie,15,15,66.0,Belgian Strong Ale,50.0,-0.1326929540578478,0.935047196677601,0.935047196677601
Cuvee Clarisse,2.3,Belgium,3.6,Brouwerij Wilderen,9.2,Belgian Strong Dark Ale,330ml,330,6.97,Belgian Strong Dark Ale,9.2,3.1,3.4033333333333338,3.0,,161148,Cuvée Clarisse,Cuvée Clarisse,26614,Brouwerij Wilderen,,1,6,1,Belgian Strong Pale Ale,-1.1879436550035611,9.2,3.42,3.4449438202247205,3.4449438202247205,238289,Wilderen Cuvée Clarisse,Cuvée Clarisse,13155,Brouwerij Wilderen,89,89,80.0,Belgian Strong Ale,70.0,-0.0186666602353794,1.0000000000000002,1.0000000000000002
Cuvée Devillé,2.3,Belgium,3.32,Den Herberg,6.2,Brett Beer,330ml,330,6.97,Brett Beer,6.2,3.77,3.625,3.87,,157158,Cuvée Devillé,Cuvée Devillé,22798,Den Herberg,,1,2,1,Belgian IPA,-0.7191412880690089,6.2,3.5,3.5689655172413794,3.5689655172413794,262508,Den Herberg Cuvée Devillé,Cuvée Devillé,9293,Den Herberg,29,29,87.0,Belgian Ale,95.0,0.2222763528485941,1.0000000000000002,1.0000000000000002
Budels Goudblond,2.1,Netherlands,3.16,Budelse Brouwerij,6.0,Blonde / Golden Ale - Other,300ml,300,7.0,Blonde / Golden Ale,6.0,3.4,3.52,3.3325,83.0,64834,Budels Goudblond,Goudblond Budels,532,Budelse Brouwerij B.V.,,4,10,4,Belgian Pale Ale,-0.6851744782788243,6.0,2.75,2.739869281045752,2.739869281045752,115535,Budels Goudblond,Goudblond Budels,1684,Budelse Brouwerij,153,153,19.0,Golden Ale/Blond Ale,22.0,-0.965987366819736,0.9002944368350838,1.0000000000000002
Crime Passionel,2.32,Belgium,3.64,Brouwerij De Dochter van de Korenaar,7.5,IPA - White / Wheat,330ml,330,7.03,IPA,7.5,4.01,3.9821568627450974,4.016249999999999,87.0,124158,Crime Passionnel,Crime Passionnel,16790,Brouwerij De Dochter van de Korenaar,,8,51,8,Belgian IPA,0.0493144058610539,7.5,3.71,3.723717948717949,3.723717948717949,260575,De Dochter van de Korenaar Crime Passionnel,Crime Passionnel,8907,De Dochter van de Korenaar,312,312,97.0,India Pale Ale (IPA),97.0,0.5312735865323336,1.0000000000000002,1.0000000000000002
Oesterstout,2.35,Belgium,3.49,Scheldebrouwerij,8.5,Stout - Oyster,330ml,330,7.12,Stout,8.5,3.62,3.7246913580246894,3.605,83.0,24996,Oesterstout,Oesterstout,552,Scheldebrouwerij,,34,81,34,Foreign / Export Stout,-0.2792200320568491,8.5,3.49,3.4909890109890105,3.4909890109890105,16920,Scheldebrouwerij Oesterstout,Oesterstout,1172,Scheldebrouwerij,455,455,86.0,Imperial Stout,31.0,0.1950743030192719,1.0,1.0
Val-Dieu Brune,2.35,Belgium,3.5,Brasserie de l'Abbaye du Val-Dieu,8.0,Belgian Dubbel,330ml,330,7.12,Belgian Dubbel,8.0,4.02,4.020889679715303,4.017921348314607,89.0,2575,Val-Dieu Brune,Brune,826,Brasserie de l'Abbaye du Val-Dieu,94.0,178,281,178,Dubbel,0.2978773428807565,8.0,3.48,3.4859531772575267,3.4859531772575267,8762,Val-Dieu Brune,Brune,1496,Brasserie de lAbbaye du Val-Dieu,598,598,86.0,Abbey Dubbel,94.0,0.2220401921067151,0.4875812519742347,1.0
Das Helle!,2.39,Germany,3.49,Wolfscraft,4.9,Lager - Helles,330ml,330,7.24,Lager,4.9,4.29,4.29,4.29,,288814,Das Helle,Das Helle,49467,Wolfscraft,,1,1,1,Munich Helles Lager,0.6376337984858516,4.9,3.36,3.4473684210526314,3.4473684210526314,450691,Wolfscraft Das Helle,Das Helle,28715,Wolfscraft GmbH,19,19,73.0,Dortmunder/Helles,99.0,-0.1102337924563814,1.0000000000000002,1.0000000000000002
Tegernseer Pils,2.39,Germany,3.41,Herzoglich Bayerisches Brauhaus Tegernsee,5.0,Pilsner - German,330ml,330,7.24,Pilsner,5.0,3.65,3.3457142857142856,3.4800000000000004,,145337,Tegernseer Pils,Tegernseer Pils,1796,Herzoglich Bayerisches Brauhaus Tegernsee,,3,7,2,German Pilsener,-1.2338746384147898,5.0,2.99,3.0042553191489367,3.0042553191489367,86452,Tegernseer Pils,Tegernseer Pils,2843,Herzoglich Bayerisches Brauhaus Tegernsee,47,47,35.0,Pilsener,70.0,-0.6467077552848856,0.8797449955467067,1.0
Cuvée Clarisse,2.44,Belgium,3.6,Brouwerij Wilderen,9.2,Belgian Strong Dark Ale,330ml,330,7.39,Belgian Strong Dark Ale,9.2,3.1,3.4033333333333338,3.0,,161148,Cuvée Clarisse,Cuvée Clarisse,26614,Brouwerij Wilderen,,1,6,1,Belgian Strong Pale Ale,-1.1879436550035611,9.2,3.42,3.4449438202247205,3.4449438202247205,238289,Wilderen Cuvée Clarisse,Cuvée Clarisse,13155,Brouwerij Wilderen,89,89,80.0,Belgian Strong Ale,70.0,-0.0186666602353794,1.0000000000000002,1.0000000000000002
Val-Dieu Tripel,2.45,Belgium,3.67,Brasserie de l'Abbaye du Val-Dieu,9.0,Belgian Tripel,Bottle 330ml,330,7.42,Belgian Tripel,9.0,4.13,4.153185654008438,4.1083203125,91.0,2576,Val-Dieu Triple,Triple,826,Brasserie de l'Abbaye du Val-Dieu,100.0,256,474,255,Tripel,0.5112492313745335,9.0,3.53,3.542312925170068,3.542312925170068,8761,Val-Dieu Triple,Triple,1496,Brasserie de lAbbaye du Val-Dieu,735,735,90.0,Abbey Tripel,93.0,0.3100455701879758,1.0,1.0
The Teather,3.75,Poland,3.3,Brokreacja,4.8,Pilsner - Czech / Bohemian,500ml,500,7.5,Pilsner,4.8,3.75,3.75,3.75,,225393,The Teacher,The Teacher,44727,Brokreacja,,1,1,1,Czech Pilsener,-0.4873453102589691,4.8,3.22,3.2423076923076923,3.2423076923076923,372822,Brokreacja The Teacher,The Teacher,23551,Brokreacja,52,52,51.0,Czech Pilsner (Světlý),88.0,-0.4620353557397453,0.8062231415050773,1.0
The Nurse,3.75,Poland,3.43,Brokreacja,5.2,Wheat Beer - Hefeweizen,500ml,500,7.5,Wheat Beer,4.9,3.91,3.91,3.91,,220467,The Nurse,The Nurse,44727,Brokreacja,,1,1,1,Hefeweizen,-0.1487752018241604,4.9,3.4,3.4285714285714284,3.4285714285714284,401724,Brokreacja The Nurse,The Nurse,23551,Brokreacja,56,56,78.0,German Hefeweizen,97.0,-0.1138944033244662,0.8062231415050773,1.0
Pater Lieven Wit,2.49,Belgium,3.33,Brouwerij Van Den Bossche,4.5,Wheat Beer - Witbier / Blanche,330ml,330,7.55,Wheat Beer,8.0,3.75,3.7283760683760687,3.785866666666668,84.0,3248,Pater Lieven Tripel,Pater Lieven Tripel,893,Brouwerij Van den Bossche,89.0,75,117,74,Tripel,-0.2036531506607751,8.0,3.36,3.362228260869565,3.362228260869565,8670,Pater Lieven Tripel,Pater Lieven Tripel,1476,Van Den Bossche,368,368,72.0,Abbey Tripel,71.0,0.0108654613121742,0.4286841442687248,1.0
Dolden Dark,2.5,Germany,3.41,Riedenburger Brauhaus,6.9,Porter - Other,330ml,330,7.58,Porter,6.9,3.5,3.515625,3.411666666666666,83.0,170162,Dolden Dark,Dark Dolden,2472,Riedenburger Brauhaus,,6,16,5,English Porter,-0.9805498624668164,6.9,3.27,3.2870129870129867,3.2870129870129867,315474,Riedenburger Dolden Dark,Dark Dolden,2036,Riedenburger Brauhaus,154,154,60.0,Porter,45.0,-0.3164781016902892,0.6598303212640152,1.0
Dolden Sud IPA,2.5,Germany,3.5,Riedenburger Brauhaus,6.5,IPA - Other,330ml,330,7.58,IPA,6.5,3.77,3.819285714285715,3.759285714285714,84.0,93600,Dolden Sud IPA,Sud Dolden IPA,2472,Riedenburger Brauhaus,,14,42,13,American IPA,-0.2211200091046422,6.5,3.44,3.4580110497237566,3.4580110497237566,203486,Riedenburger Dolden Sud IPA,Sud Dolden IPA,2036,Riedenburger Brauhaus,362,362,82.0,India Pale Ale (IPA),66.0,0.0567119615935127,0.4215717907712185,1.0
Toetëlèr Speculaas,2.51,Belgium,3.09,Brouwerij Den Toetëlèr,8.5,Spiced / Herbed Beer,330ml,330,7.61,Spiced / Herbed Beer,8.5,,,,,197255,Toetëlèr Speculaas,Speculaas,40868,Brouwerij Den Toetëlèr,,0,0,0,Herbed / Spiced Beer,,8.5,3.01,3.02258064516129,3.02258064516129,193872,Toetëlèr Speculaas,Speculaas,12610,Brouwerij Den Toetëlèr,31,31,37.0,Spice/Herb/Vegetable,44.0,-0.7188630584598509,1.0,1.0
Of Foam And Fury,3.39,Ireland,3.76,Galway Bay Brewery,8.5,IPA - Imperial / Double,Can 440ml,440,7.7,IPA,8.5,4.11,4.245245901639343,4.266666666666668,88.0,105751,Of Foam And Fury,Foam Fury And Of,22861,Galway Bay Brewery,,9,61,7,American Double / Imperial IPA,0.5797901197277819,8.5,3.87,3.926573426573426,3.926573426573426,237467,Galway Bay Of Foam and Fury,Fury Foam Of and,12518,Galway Bay Brewery,143,143,99.0,Imperial IPA,97.0,0.893869965482109,0.7721393987817146,1.0
Stoute Bie,2.55,Belgium,2.97,Brouwerij De Bie,5.5,Stout - Belgian,330ml,330,7.73,Stout,5.5,2.83,2.756666666666667,2.66,,31014,Stoute Bie,Stoute,827,Brouwerij De Bie,,8,9,8,Milk / Sweet Stout,-1.93036266917958,5.5,2.76,2.756666666666667,2.756666666666667,42020,De Bie Stoute Bie,Stoute De,1226,Brouwerij de Bie,120,120,19.0,Sweet Stout,4.0,-0.9809303908399042,0.935047196677601,0.935047196677601
Saison De Dottignies,2.55,Belgium,3.42,Brouwerij De Ranke,5.5,Farmhouse Ale - Saison,330ml,330,7.73,Farmhouse Ale,5.5,3.89,3.851307692307692,3.910471698113208,87.0,58235,Saison De Dottignies,Saison Dottignies,739,Brouwerij De Ranke,,106,260,105,Saison / Farmhouse Ale,-0.0870831975441677,5.5,3.6,3.6102941176470575,3.6102941176470575,117573,De Ranke Saison De Dottignies,Saison Dottignies,6167,Brouwerij De Ranke,612,612,93.0,Saison,90.0,0.3710455163839685,0.5571122021760176,1.0
IJbok,2.55,Netherlands,3.39,Brouwerij 't IJ,6.5,Bock - Single / Traditional,330ml,330,7.73,Bock,6.5,3.74,3.700454545454546,3.715714285714285,84.0,1408,IJBok,IJBok,489,Brouwerij 't IJ,,7,22,6,Bock,-0.4527239120353068,6.5,3.3,3.3096899224806204,3.3096899224806204,133335,t IJ IJbok,IJbok,1082,Brouwerij t IJ,258,258,65.0,Dunkler Bock,90.0,-0.1074867253614514,1.0,1.0
Witkap Pater Tripel,2.55,Belgium,3.48,Brouwerij Slaghmuylder,7.5,Belgian Tripel,330ml,330,7.73,Belgian Tripel,7.5,3.86,3.870490797546012,3.8418181818181822,86.0,1809,Witkap Pater Tripel,Pater Witkap Tripel,6,Brouwerij Slaghmuylder,88.0,110,163,109,Tripel,0.0643968056357439,7.5,3.41,3.4114219114219115,3.4114219114219115,5397,Witkap Pater Tripel,Pater Witkap Tripel,797,Brouwerij Slaghmuylder,429,429,79.0,Abbey Tripel,80.0,0.1067773129121793,0.4693698231681284,1.0
Dolden Dark BIO,2.59,Germany,3.41,Riedenburger Brauhaus,6.9,Porter - Other,330ml,330,7.85,Porter,6.9,3.5,3.515625,3.411666666666666,83.0,170162,Dolden Dark,Dark Dolden,2472,Riedenburger Brauhaus,,6,16,5,English Porter,-0.9805498624668164,6.9,3.27,3.2870129870129867,3.2870129870129867,315474,Riedenburger Dolden Dark,Dark Dolden,2036,Riedenburger Brauhaus,154,154,60.0,Porter,45.0,-0.3164781016902892,0.6598303212640152,1.0
Val-Dieu Grand Cru,2.6,Belgium,3.78,Brasserie de l'Abbaye du Val-Dieu,10.5,Belgian Quadrupel,330ml,330,7.88,Belgian Quadrupel,10.5,4.17,4.158213333333333,4.174285714285714,92.0,34084,Val-Dieu Grand Cru,Cru Grand,826,Brasserie de l'Abbaye du Val-Dieu,,161,375,160,Quadrupel (Quad),0.4950798794134804,10.5,3.75,3.767313915857605,3.767313915857605,59715,Val-Dieu Grand Cru,Cru Grand,1496,Brasserie de lAbbaye du Val-Dieu,618,618,97.0,Belgian Strong Ale,97.0,0.6824188236774594,1.0000000000000002,1.0000000000000002
Val-Dieu Fruitée,2.6,Belgium,3.31,Brasserie de l'Abbaye du Val-Dieu,8.0,Fruit Beer,330ml,330,7.88,Fruit Beer,8.0,4.02,4.020889679715303,4.017921348314607,89.0,2575,Val-Dieu Brune,Brune,826,Brasserie de l'Abbaye du Val-Dieu,94.0,178,281,178,Dubbel,0.2978773428807565,8.0,3.48,3.4859531772575267,3.4859531772575267,8762,Val-Dieu Brune,Brune,1496,Brasserie de lAbbaye du Val-Dieu,598,598,86.0,Abbey Dubbel,94.0,0.2220401921067151,0.4875812519742347,1.0
Zatte,2.6,Netherlands,3.61,Brouwerij 't IJ,8.0,Belgian Tripel,330ml,330,7.88,Belgian Tripel,8.0,3.76,3.780685714285714,3.787,85.0,1406,Zatte,Zatte,489,Brouwerij 't IJ,,80,175,76,Tripel,-0.1875398608865083,8.0,3.43,3.4345058626465663,3.4345058626465663,6058,t IJ Zatte,Zatte,1082,Brouwerij t IJ,597,597,81.0,Abbey Tripel,84.0,0.1063382269745966,1.0,1.0
Tripel Kanunnik,2.6,Belgium,3.67,Brouwerij Wilderen,8.2,Belgian Tripel,330ml,330,7.88,Belgian Tripel,8.2,3.58,3.743555555555555,3.4981818181818185,82.0,81573,Tripel Kanunnik,Kanunnik Tripel,26614,Brouwerij Wilderen,,11,45,10,Tripel,-0.3331029928301716,8.2,3.33,3.375862068965517,3.375862068965517,150012,Wilderen Tripel Kanunnik,Kanunnik Tripel,13155,Brouwerij Wilderen,232,232,69.0,Abbey Tripel,64.0,-0.073119116345445,1.0000000000000002,1.0000000000000002
Vicaris Quinto,2.62,Belgium,3.29,Brouwerij Dilewyns,5.0,Belgian Blonde,330ml,330,7.94,Belgian Blonde,5.0,3.7,3.764827586206896,3.6750000000000007,84.0,85665,Vicaris Quinto,Quinto Vicaris,21734,Brouwerij Dilewyns,,6,29,6,Belgian Pale Ale,-0.3012884431422482,5.0,3.25,3.266666666666667,3.266666666666667,145365,Vicaris Quinto,Quinto Vicaris,12880,Dilewyns,147,147,56.0,Belgian Ale,75.0,-0.284674110094113,0.6845776757537354,1.0000000000000002
Juicebag,3.5,Romania,3.82,Bereta Brewing Co.,6.0,IPA - New England / Hazy,Can 440ml,440,7.95,IPA,6.0,3.98,4.11375,3.94,,258331,Juicebag,Juicebag,46027,Bereta Brewing Co.,,1,8,1,American IPA,0.2712029915286932,6.0,3.74,3.869565217391305,3.869565217391305,468041,Bereta Juicebag,Juicebag,27505,Bereta Brewing Co.,23,23,97.0,India Pale Ale (IPA),98.0,0.7227324002673315,0.5344025445163331,1.0
Steenuilke,2.65,Belgium,3.46,Brouwerij De Ryck,6.5,Spiced / Herbed Beer,Bottle 330ml,330,8.03,Spiced / Herbed Beer,6.5,3.59,3.4840000000000004,3.625,83.0,96446,Steenuilke,Steenuilke,3465,Brouwerij De Ryck,,2,15,2,Belgian Pale Ale,-0.8461087606236505,6.5,3.17,3.178977272727273,3.178977272727273,109682,De Ryck Steenuilke,Steenuilke,3093,Brouwerij De Ryck,176,176,48.0,Belgian Ale,60.0,-0.3923804693176143,1.0,1.0
Dolden Sommer Sud BIO,2.69,Germany,3.55,Riedenburger Brauhaus,3.8,IPA - Session,330ml,330,8.15,IPA,4.2,3.79,3.741666666666666,3.8166666666666655,,142353,Dolden Sommer Sud,Sommer Dolden Sud,2472,Riedenburger Brauhaus,,3,6,3,American Blonde Ale,-0.4074507768350192,4.2,3.16,3.171428571428572,3.171428571428572,267826,Riedenburger Dolden Sommer Sud,Sommer Dolden Sud,2036,Riedenburger Brauhaus,84,84,47.0,Golden Ale/Blond Ale,82.0,-0.4704680313830424,0.4215717907712188,1.0000000000000002
Camba Mastrobator Doppelbock,3.59,Germany,3.5,Camba Bavaria,8.5,Bock - Doppelbock,Can 440ml,440,8.16,Bock,8.5,3.97,3.8825,4.0,,193628,Mastrobator Doppelbock,Doppelbock Mastrobator,29511,Camba Bavaria,,1,4,1,Doppelbock,-0.2009271815011437,8.5,3.27,3.2864197530864194,3.2864197530864194,128481,Camba Bavaria Truchtlinger Doppelbock Mastrobator,Doppelbock Truchtlinger Mastrobator,9989,Camba Bavaria,81,81,60.0,Doppelbock,54.0,-0.2007965673650146,0.4991326559126226,0.9175881524575792
Prearis Quadrupel,2.7,Belgium,3.74,Vliegende Paard Brouwers,10.0,Belgian Quadrupel,330ml,330,8.18,Belgian Quadrupel,10.0,3.84,3.949315068493152,3.81725,86.0,73849,Préaris Quadrupel,Préaris Quadrupel,38152,Vliegende Paard Brouwers,,40,146,35,Quadrupel (Quad),0.043947955265081,10.0,3.61,3.6206434316353886,3.6206434316353886,153574,Préaris Quadrupel,Préaris Quadrupel,14710,Vliegende Paard Brouwers,373,373,94.0,Abt/Quadrupel,73.0,0.3595409770112631,0.943016873668648,1.0
Double Bie,2.75,Belgium,3.09,Brouwerij De Bie,6.0,Belgian Dubbel,330ml,330,8.33,Belgian Dubbel,6.0,3.62,3.66,3.59,,114381,Double Bie,Double,827,Brouwerij De Bie,,1,2,1,Belgian Dark Ale,-0.4945431303242282,6.0,2.96,2.966666666666667,2.966666666666667,70845,De Bie Double Bie,De Double,1226,Brouwerij de Bie,57,57,33.0,Sweet Stout,11.0,-0.6503601897985808,0.935047196677601,0.935047196677601
Val-Dieu Triple,2.75,Belgium,3.67,Brasserie de l'Abbaye du Val-Dieu,9.0,Belgian Tripel,330ml,330,8.33,Belgian Tripel,9.0,4.13,4.153185654008438,4.1083203125,91.0,2576,Val-Dieu Triple,Triple,826,Brasserie de l'Abbaye du Val-Dieu,100.0,256,474,255,Tripel,0.5112492313745335,9.0,3.53,3.542312925170068,3.542312925170068,8761,Val-Dieu Triple,Triple,1496,Brasserie de lAbbaye du Val-Dieu,735,735,90.0,Abbey Tripel,93.0,0.3100455701879758,1.0,1.0
Val-dieu Tripel,2.75,Belgium,3.67,Brasserie de l'Abbaye du Val-Dieu,9.0,Belgian Tripel,330ml,330,8.33,Belgian Tripel,9.0,4.13,4.153185654008438,4.1083203125,91.0,2576,Val-Dieu Triple,Triple,826,Brasserie de l'Abbaye du Val-Dieu,100.0,256,474,255,Tripel,0.5112492313745335,9.0,3.53,3.542312925170068,3.542312925170068,8761,Val-Dieu Triple,Triple,1496,Brasserie de lAbbaye du Val-Dieu,735,735,90.0,Abbey Tripel,93.0,0.3100455701879758,1.0,1.0
Houtenkop,2.09,Belgium,3.14,Brouwerij Strubbe,5.0,Pale Ale - Belgian,Bottle 250ml,250,8.36,Pale Ale,6.5,3.68,3.5750000000000006,3.7618181818181817,84.0,10260,Houten Kop,Houten Kop,2299,Brouwerij Strubbe,,11,20,11,Belgian Pale Ale,-0.519048751316262,6.5,3.05,3.0569444444444445,3.0569444444444445,7051,Houten Kop,Houten Kop,1188,Brouwerij Strubbe,144,144,40.0,Spice/Herb/Vegetable,47.0,-0.4882515717631263,1.0000000000000002,1.0000000000000002
White Thai,3.99,United States,3.59,Westbrook Brewing Co.,5.0,Wheat Beer - Witbier / Blanche,Can 473ml,473,8.44,Wheat Beer,5.0,3.82,3.741321353065538,3.862962962962962,86.0,65020,White Thai,White Thai,24134,Westbrook Brewing Co.,,162,946,151,Witbier,-0.3041647469541031,5.0,3.35,3.3545842217484005,3.3545842217484005,147307,Westbrook White Thai,White Thai,12402,Westbrook Brewing,469,469,71.0,Witbier,93.0,-0.1123032213388315,0.5192877840041796,1.0000000000000002
Pater Lieven Blond,2.79,Belgium,3.37,Brouwerij Van Den Bossche,6.5,Belgian Blonde,330ml,330,8.45,Belgian Blonde,6.5,3.6,3.656428571428572,3.606153846153845,83.0,2836,Pater Lieven Blond,Blond Pater Lieven,893,Brouwerij Van den Bossche,81.0,13,28,12,Belgian Pale Ale,-0.429327113444284,6.5,3.13,3.127184466019417,3.127184466019417,9414,Pater Lieven Blond,Blond Pater Lieven,1476,Van Den Bossche,206,206,45.0,Belgian Ale,50.0,-0.3979832133128169,0.428684144268725,1.0000000000000002
Saison de Dottignies,2.79,Belgium,3.42,Brouwerij De Ranke,5.5,Farmhouse Ale - Saison,330ml,330,8.45,Farmhouse Ale,5.5,3.89,3.851307692307692,3.910471698113208,87.0,58235,Saison De Dottignies,Saison Dottignies,739,Brouwerij De Ranke,,106,260,105,Saison / Farmhouse Ale,-0.0870831975441677,5.5,3.6,3.6102941176470575,3.6102941176470575,117573,De Ranke Saison De Dottignies,Saison Dottignies,6167,Brouwerij De Ranke,612,612,93.0,Saison,90.0,0.3710455163839685,0.5571122021760176,1.0
Heart & Soul,2.8,England,3.61,Vocation Brewery,4.4,IPA - Session,330ml,330,8.48,IPA,4.4,3.75,3.80625,3.784285714285714,84.0,161637,Heart And Soul,Soul And Heart,39383,Vocation Brewery,,7,16,6,American IPA,-0.363246812436818,4.4,3.62,3.635220125786164,3.635220125786164,319145,Vocation Heart & Soul,Soul Heart,22359,Vocation Brewery,159,159,94.0,Session IPA,97.0,0.3060517131762456,0.5278214463329132,0.8164965809277259
Texels Goudkoppe,2.55,Netherlands,3.5,Texelse Bierbrouwerij,6.0,Belgian Blonde,300ml,300,8.5,Belgian Blonde,6.0,3.8,3.687058823529412,3.8542857142857145,84.0,51859,Texels Goudkoppe,Goudkoppe Texels,526,Texelse Bierbrouwerij,,7,17,7,Belgian IPA,-0.4249689352986904,6.0,3.1,3.1060606060606064,3.1060606060606064,87265,Texels Goudkoppe,Goudkoppe Texels,1995,Texelse Bierbrouwerij,132,132,43.0,Belgian Ale,47.0,-0.474052183457998,0.8919596816640276,1.0
Andechs Vollbier Hell,4.3,Germany,3.56,Klosterbrauerei Andechs,4.8,Lager - Helles,500ml,500,8.6,Lager,4.8,4.03,4.0260425531914885,4.069090909090908,89.0,105785,Andechser Vollbier Hell,Andechser Hell Vollbier,911,Klosterbrauerei Andechs,,66,235,63,Munich Helles Lager,0.1674363952772365,4.8,3.17,3.1867187499999994,3.1867187499999994,6279,Andechser Vollbier Hell,Andechser Hell Vollbier,190,Klosterbrauerei Andechs,384,384,48.0,Dortmunder/Helles,95.0,-0.3424598525238834,0.4141122922781055,1.0000000000000002
Pompelmocello,3.79,England,3.63,Siren Craft Brew,6.0,IPA - Sour,Can 440ml,440,8.61,IPA,6.0,3.97,3.9476,3.9725,86.0,198231,Pompelmocello IPA,Pompelmocello IPA,31221,Siren Craft Brew,,8,25,8,American IPA,-0.0835218468008209,6.0,3.62,3.6256410256410256,3.6256410256410256,373520,Siren Pompelmocello ,Pompelmocello,16289,Siren,195,195,94.0,India Pale Ale (IPA),92.0,0.2835202851881542,0.4938441180793641,0.8205469011282274
Prearis Quadrocinno,2.84,Belgium,3.69,Vliegende Paard Brouwers,10.0,Belgian Quadrupel,330ml,330,8.61,Belgian Quadrupel,10.0,3.95,3.9714084507042258,3.898888888888889,87.0,112737,Préaris Quadrocinno,Préaris Quadrocinno,38152,Vliegende Paard Brouwers,,18,71,15,Belgian Strong Dark Ale,0.0138758681993064,10.0,3.57,3.5844,3.5844,247383,Préaris Quadrocinno,Préaris Quadrocinno,14710,Vliegende Paard Brouwers,250,250,92.0,Abt/Quadrupel,65.0,0.2578312539616202,0.943016873668648,1.0
Schelde Strandgaper,2.85,Belgium,3.48,Scheldebrouwerij,6.2,Blonde / Golden Ale - Other,330ml,330,8.64,Blonde / Golden Ale,6.2,3.57,3.5581818181818177,3.568888888888889,83.0,12964,Scheldebrouwerij Strandgaper,Strandgaper,552,Scheldebrouwerij,,9,22,9,Belgian Pale Ale,-0.5624007744288396,6.2,3.19,3.1887850467289724,3.1887850467289724,6935,Scheldebrouwerij Strandgaper ,Strandgaper,1172,Scheldebrouwerij,214,214,48.0,Belgian Ale,62.0,-0.3178046967647627,1.0,1.0
IJWit,2.85,Netherlands,3.68,Brouwerij 't IJ,6.5,Wheat Beer - Witbier / Blanche,330ml,330,8.64,Wheat Beer,6.5,3.84,3.867872340425531,3.8110810810810807,86.0,12479,IJwit,IJwit,489,Brouwerij 't IJ,93.0,37,94,35,Witbier,-0.0717385152872399,6.5,3.43,3.4298850574712643,3.430184331797235,15411,t IJ IJwit,IJwit,1082,Brouwerij t IJ,434,435,81.0,Witbier,96.0,0.0914100030721901,0.4582329918397568,1.0
German IPA,2.89,Germany,3.44,BRLO,7.0,IPA - Other,330ml,330,8.76,IPA,7.0,3.3,3.465,3.25,,237050,German IPA,German IPA,40395,BRLO,,1,6,1,American IPA,-1.134609196793097,7.0,3.17,3.1761904761904765,3.1761904761904765,430024,BRLO German IPA,German IPA,21188,BRLO,84,84,47.0,India Pale Ale (IPA),26.0,-0.6099325797259953,0.5717184026589694,1.0
Cuvée Deville,2.89,Belgium,3.32,Den Herberg,6.2,Brett Beer,330ml,330,8.76,Brett Beer,6.2,3.77,3.625,3.87,,157158,Cuvée Devillé,Cuvée Devillé,22798,Den Herberg,,1,2,1,Belgian IPA,-0.7191412880690089,6.2,3.5,3.5689655172413794,3.5689655172413794,262508,Den Herberg Cuvée Devillé,Cuvée Devillé,9293,Den Herberg,29,29,87.0,Belgian Ale,95.0,0.2222763528485941,1.0000000000000002,1.0000000000000002
Lamme Goedzak Blond,2.9,Belgium,3.56,Scheldebrouwerij,7.0,Belgian Blonde,330ml,330,8.79,Belgian Blonde,7.0,3.83,3.829318181818181,3.856363636363637,85.0,15572,Lamme Goedzak,Goedzak Lamme,552,Scheldebrouwerij,,22,44,19,Belgian Strong Pale Ale,-0.0979603959992712,7.0,3.33,3.3410596026490067,3.3410596026490067,6932,Scheldebrouwerij Lamme Goedzak,Goedzak Lamme,1172,Scheldebrouwerij,302,302,69.0,Belgian Ale,87.0,-0.035609705668589,1.0000000000000002,1.0000000000000002
Zatte Bie,2.9,Belgium,3.33,Brouwerij De Bie,9.0,Belgian Strong Dark Ale,330ml,330,8.79,Belgian Strong Dark Ale,9.0,3.71,3.7035714285714287,3.729491525423728,84.0,2580,Zatte Bie,Zatte,827,Brouwerij De Bie,91.0,59,70,59,Belgian Strong Dark Ale,-0.2127371377590168,9.0,3.47,3.476363636363636,3.476363636363636,7271,De Bie Zatte Bie,Zatte De,1226,Brouwerij de Bie,330,330,85.0,Belgian Strong Ale,78.0,0.2126786259151743,0.935047196677601,0.935047196677601
Tegernseer Helles,4.4,Germany,3.63,Herzoglich Bayerisches Brauhaus Tegernsee,4.8,Lager - Helles,500ml,500,8.8,Lager,4.8,3.77,3.887625,3.823928571428572,85.0,6575,Tegernsee Hell,Hell,1796,Herzoglich Bayerisches Brauhaus Tegernsee,,28,80,27,Munich Helles Lager,-0.0389849828971316,4.8,2.99,3.0166064981949456,3.0166064981949456,17116,Tegernseer Hell,Tegernseer Hell,2843,Herzoglich Bayerisches Brauhaus Tegernsee,277,277,35.0,Dortmunder/Helles,80.0,-0.6486090732774977,0.9379472242864773,0.9379472242864773
Charbon,2.95,Belgium,3.5,Brouwerij De Dochter van de Korenaar,7.0,Smoked Beer,330ml,330,8.94,Smoked Beer,7.0,3.82,3.726744186046512,3.8621428571428567,85.0,80905,Charbon,Charbon,16790,Brouwerij De Dochter van de Korenaar,,28,86,28,Milk / Sweet Stout,-0.3284345906330401,7.0,3.69,3.7020527859237538,3.7020527859237538,167236,De Dochter van de Korenaar Charbon,Charbon,8907,De Dochter van de Korenaar,341,341,96.0,Foreign Stout,94.0,0.5037402456348795,0.4372534911465056,1.0
White Mamba,2.95,Netherlands,3.43,Two Chefs Brewing,5.0,Wheat Beer - Witbier / Blanche,330ml,330,8.94,Wheat Beer,5.0,3.52,3.52,,,261206,White Mamba,White Mamba,36445,Two Chefs Brewing,,0,2,0,Witbier,-0.974039841134006,5.0,3.31,3.3782608695652177,3.3782608695652177,415468,Two Chefs White Mamba,White Mamba,16876,Two Chefs Brewing,23,23,67.0,Witbier,90.0,-0.2238498130911765,1.0000000000000002,1.0000000000000002
Val-Dieu Fruitée,2.95,Belgium,3.31,Brasserie de l'Abbaye du Val-Dieu,9.0,Fruit Beer,330ml,330,8.94,Fruit Beer,8.0,4.02,4.020889679715303,4.017921348314607,89.0,2575,Val-Dieu Brune,Brune,826,Brasserie de l'Abbaye du Val-Dieu,94.0,178,281,178,Dubbel,0.2978773428807565,8.0,3.48,3.4859531772575267,3.4859531772575267,8762,Val-Dieu Brune,Brune,1496,Brasserie de lAbbaye du Val-Dieu,598,598,86.0,Abbey Dubbel,94.0,0.2220401921067151,0.4875812519742347,1.0
Riebedebie,2.95,Belgium,3.22,Brouwerij De Bie,9.0,Belgian Strong Golden Ale,330ml,330,8.94,Belgian Strong Golden Ale,9.0,2.32,2.7175,2.06,,28095,Riebedebie,Riebedebie,827,Brouwerij De Bie,,2,4,2,Belgian Strong Pale Ale,-2.1346184372889105,9.0,2.78,2.7711340206185566,2.7711340206185566,41037,De Bie Riebedebie,Riebedebie De,1226,Brouwerij de Bie,97,97,20.0,Abbey Tripel,3.0,-1.0146477359691937,0.935047196677601,0.935047196677601
Funky Falcon,2.95,Netherlands,3.5,Two Chefs Brewing,5.2,Pale Ale - American,330ml,330,8.94,Pale Ale,5.2,3.78,3.8323529411764703,3.7675,84.0,135321,Funky Falcon,Funky Falcon,36445,Two Chefs Brewing,,4,17,4,Belgian Pale Ale,-0.2726124783216522,5.2,3.43,3.4418803418803416,3.4418803418803416,272313,Two Chefs Funky Falcon,Funky Falcon,16876,Two Chefs Brewing,117,117,81.0,American Pale Ale,83.0,-0.0275036743890521,1.0000000000000002,1.0000000000000002
Vicaris Lino,2.95,Belgium,3.4,Brouwerij Dilewyns,6.5,Belgian Blonde,330ml,330,8.94,Belgian Blonde,5.0,3.7,3.764827586206896,3.6750000000000007,84.0,85665,Vicaris Quinto,Quinto Vicaris,21734,Brouwerij Dilewyns,,6,29,6,Belgian Pale Ale,-0.3012884431422482,5.0,3.25,3.266666666666667,3.266666666666667,145365,Vicaris Quinto,Quinto Vicaris,12880,Dilewyns,147,147,56.0,Belgian Ale,75.0,-0.284674110094113,0.6845776757537354,1.0000000000000002
Alohawk,4.25,United States,3.66,Loomis Basin Brewing Company,8.0,Strong Ale - American,473ml,473,8.99,Strong Ale,8.0,3.74,3.6925,3.82,,93186,Alohawk,Alohawk,24820,Loomis Basin Brewing Company,,3,8,3,American Strong Ale,-0.395669522906021,8.0,2.8,2.963636363636364,2.963636363636364,167044,Loomis Basin Alohawk,Alohawk,12975,Loomis Basin Brewing Company,11,11,27.0,American Strong Ale ,1.0,-0.7332448143099473,1.0,1.0
Weihenstephan Festbier,4.5,Germany,3.61,Bayerische Staatsbrauerei Weihenstephan,5.8,Festbier,500ml,500,9.0,Festbier,5.8,3.7,3.7354815772462815,3.695513428120064,84.0,6861,Weihenstephaner Festbier,Festbier Weihenstephaner,252,Bayerische Staatsbrauerei Weihenstephan,,633,1547,620,Märzen / Oktoberfest,-0.2613336676458288,5.8,3.05,3.053412073490813,3.053412073490813,7679,Weihenstephaner Festbier,Festbier Weihenstephaner,282,Bayerische Staatsbrauerei Weihenstephan,762,762,40.0,Oktoberfest/Märzen,66.0,-0.5179897337653838,0.9068233674297018,1.0000000000000002
Gaffel Kolsch,4.5,Germany,3.35,Privatbrauerei Gaffel Becker,4.8,Kölsch,500ml,500,9.0,Kölsch,4.8,3.65,3.6670484061393154,3.6551162790697673,83.0,4137,Gaffel Kölsch,Kölsch,1536,Privatbrauerei Gaffel Becker & Co.,,387,847,378,Kölsch,-0.371304403551042,4.8,2.93,2.9378802747791952,2.9378802747791952,1692,Gaffel Kölsch,Kölsch,301,Privatbrauerei Gaffel Becker & Co.,1019,1019,30.0,Kölsch,44.0,-0.7203363195521605,0.5064052158109147,1.0
Texels Vuurbaak,2.7,Netherlands,3.46,Texelse Bierbrouwerij,5.5,Red Ale - Irish,300ml,300,9.0,Red Ale,5.5,3.69,3.6,3.735,,174631,Texels Vuurbaak,Vuurbaak Texels,526,Texelse Bierbrouwerij,,2,6,2,Irish Red Ale,-0.76703981337798,5.5,3.27,3.2955223880597013,3.2955223880597013,265183,Texels Vuurbaak,Vuurbaak Texels,1995,Texelse Bierbrouwerij,67,67,59.0,Irish Ale,94.0,-0.2989749218877041,0.8919596816640276,1.0
Rhodesian,2.99,Netherlands,3.65,Brouwerij Frontaal,11.3,Barleywine - American,330ml,330,9.06,Barleywine,11.3,3.5,3.5,,,265763,Rhodesian,Rhodesian,46739,Brouwerij Frontaal,,0,1,0,American Barleywine,-1.1136539031308943,11.3,3.66,3.753571428571429,3.753571428571429,305032,Frontaal Rhodesian,Rhodesian,20135,Brouwerij Frontaal,28,28,95.0,Barley Wine,83.0,0.5107630416832697,0.4655646092329894,1.0
Megalodom,2.99,United States,3.83,Ninkasi Brewing Company,10.0,IPA - Triple,330ml,330,9.06,IPA,10.0,4.01,3.813636363636364,4.07,85.0,273244,Megalodom,Megalodom,14400,Ninkasi Brewing Company,,2,11,2,American Double / Imperial IPA,-0.4183785785534751,10.0,3.51,3.65,3.65,495906,Ninkasi Megalodom,Megalodom,6779,Ninkasi Brewing Company,16,16,88.0,Imperial IPA,48.0,0.2675531913005372,1.0,1.0
Flip Flopped White Socked Strong Hopped White IPA,3.0,Finland,3.45,The Flying Dutchman Nomad Brewing Company,5.5,IPA - White / Wheat,330ml,330,9.09,IPA,5.5,3.08,3.305,3.0,,270208,Flip Flopped White Socked Strong Hopped White IPA,Strong White IPA Hopped Socked Flopped Flip,47733,The Flying Dutchman Nomad Brewing Company,,1,4,1,Belgian IPA,-1.54593377884642,5.5,3.4,3.4415094339622643,3.4415094339622643,425883,The Flying Dutchman Nomad Flip Flopped White Socked Strong Hopped White IPA,Strong White IPA Hopped Socked Flopped Flip,25903,The Flying Dutchman Nomad Brewing Company,53,53,78.0,India Pale Ale (IPA),57.0,-0.1220913050360844,0.8184128856188159,1.0
Dolden Bock,3.0,Germany,3.62,Riedenburger Brauhaus,7.9,Bock - Weizendoppelbock,330ml,330,9.09,Bock,7.9,3.35,3.35,3.35,,237833,Dolden Bock,Bock Dolden,2472,Riedenburger Brauhaus,,1,1,1,Weizenbock,-1.33377058134599,7.9,3.26,3.2555555555555555,3.2555555555555555,398562,Riedenburger Dolden Bock,Bock Dolden,2036,Riedenburger Brauhaus,45,45,57.0,Weizen Bock,47.0,-0.4393254938143671,0.5001176717812807,1.0
Budels Kolos,2.75,Netherlands,3.24,Budelse Brouwerij,7.5,Belgian Strong Golden Ale,300ml,300,9.17,Belgian Strong Golden Ale,7.5,3.52,3.4457142857142853,3.6639999999999993,,64835,Budels Kolos,Kolos Budels,532,Budelse Brouwerij B.V.,,5,7,4,Belgian Strong Dark Ale,-0.947547917656057,7.5,3.03,3.028703703703704,3.028703703703704,115536,Budels Kolos,Kolos Budels,1684,Budelse Brouwerij,108,108,39.0,Belgian Strong Ale,16.0,-0.554164943375494,0.9002944368350838,1.0000000000000002
Tegernseer 1806 Max I. Joseph Jubiläums Export,4.6,Germany,3.61,Herzoglich Bayerisches Brauhaus Tegernsee,5.2,Lager - Dortmunder / Export,500ml,500,9.2,Lager,5.2,3.88,3.887272727272728,3.87,84.0,57893,Tegernseer 1806 Max I. Joseph Jubiläums Export,Jubiläums I Max 1806 Export Tegernseer Joseph,1796,Herzoglich Bayerisches Brauhaus Tegernsee,,4,11,4,Munich Helles Lager,-0.065160243440944,5.2,3.03,3.0337349397590363,3.0337349397590363,62978,Tegernseer 1806 Max I. Joseph Jubiläums Export,Jubiläums I Max 1806 Export Tegernseer Joseph,2843,Herzoglich Bayerisches Brauhaus Tegernsee,83,83,38.0,Dortmunder/Helles,85.0,-0.5698289577995781,0.7319782215709211,1.0000000000000002
Stout en Moedig,3.05,Netherlands,3.3,Brouwerij De 7 Deugden,7.5,Stout - Coffee,330ml,330,9.24,Stout,6.8,3.43,3.35875,3.455,,74257,Stout + Moedig,Moedig Stout,24957,Brouwerij De 7 Deugden,,2,8,2,Foreign / Export Stout,-1.094737135479551,6.8,3.49,3.508,3.508,136126,De 7 Deugden Stout + Moedig,Moedig Stout De,12410,Brouwerij de 7 Deugden,100,100,86.0,Dry Stout,95.0,0.1887523696075492,0.9610233622016896,0.9610233622016896
Val-dieu Grand Cru,3.05,Belgium,3.78,Brasserie de l'Abbaye du Val-Dieu,10.5,Belgian Quadrupel,330ml,330,9.24,Belgian Quadrupel,10.5,4.17,4.158213333333333,4.174285714285714,92.0,34084,Val-Dieu Grand Cru,Cru Grand,826,Brasserie de l'Abbaye du Val-Dieu,,161,375,160,Quadrupel (Quad),0.4950798794134804,10.5,3.75,3.767313915857605,3.767313915857605,59715,Val-Dieu Grand Cru,Cru Grand,1496,Brasserie de lAbbaye du Val-Dieu,618,618,97.0,Belgian Strong Ale,97.0,0.6824188236774594,1.0000000000000002,1.0000000000000002
Goses Are Red,6.95,United States,3.87,The Bruery Terreux,5.6,Sour - Fruited Gose,Bottle 750ml,750,9.27,Sour,5.3,4.08,3.992666666666667,4.1075,86.0,281811,Goses Are Red,Goses Are Red,40927,Bruery Terreux,,4,15,4,Gose,-0.0215006444855144,5.3,3.43,3.644444444444444,3.644444444444444,520117,Bruery Terreux Goses are Red,Goses Red are,24168,Bruery Terreux,9,9,,Grodziskie/Gose/Lichtenhainer,,0.2567661871937522,1.0,1.0
Texels Stormbock,2.8,Netherlands,3.65,Texelse Bierbrouwerij,10.0,Bock - Doppelbock,300ml,300,9.33,Bock,10.0,4.5,4.11125,4.333333333333333,,146335,Texels StormBock,StormBock Texels,526,Texelse Bierbrouwerij,,3,8,1,Bock,0.3421738880607613,10.0,3.41,3.426612903225806,3.426612903225806,97951,Texels StormBock,StormBock Texels,1995,Texelse Bierbrouwerij,124,124,79.0,Doppelbock,80.0,0.0602891069072426,0.8919596816640276,1.0
La Moneuse,7.0,Belgium,3.74,Brasserie de Blaugies,8.0,Farmhouse Ale - Saison,Bottle 750ml,750,9.33,Farmhouse Ale,8.0,4.1,4.0744884488448845,4.114589041095891,91.0,6436,La Moneuse,La Moneuse,825,Brasserie de Blaugies,,146,303,144,Saison / Farmhouse Ale,0.3460795416543739,8.0,3.71,3.7152823920265785,3.7152823920265785,9351,Blaugies La Moneuse,La Moneuse,1613,Brasserie de Blaugies,602,602,97.0,Saison,96.0,0.5876271904534486,0.420574836694394,1.0
Citra Rye IPA,3.1,Netherlands,3.48,Brouwerij Pronck,5.0,IPA - Rye,330ml,330,9.39,IPA,5.0,3.5,3.5,,,262055,Citra Rye IPA,Citra IPA Rye,44105,Brouwerij Pronck,,0,1,0,American IPA,-1.0163611046883574,5.0,3.22,3.44,3.44,475429,Pronck Citra Rye IPA,Citra IPA Rye,22178,Brouwerij Pronck,5,5,,India Pale Ale (IPA),,-0.1255989124579501,0.524353542125616,1.0000000000000002
Blanche Lime Basilic,3.1,France,3.5,Azimut Brasserie,4.5,Wheat Beer - Witbier / Blanche,330ml,330,9.39,Wheat Beer,4.5,4.25,4.25,,,288903,Blanche Lime Basilic,Blanche Lime Basilic,49586,Azimut Brasserie,,0,1,0,Fruit / Vegetable Beer,0.5489610034672822,4.5,2.93,2.95,2.95,518501,Azimut Blanche Lime Basilic,Blanche Lime Basilic,31189,Azimut Brasserie,2,2,,Wheat Ale,,-1.0916093261543525,1.0,1.0
Tegernseer Spezial,4.7,Germany,3.6,Herzoglich Bayerisches Brauhaus Tegernsee,5.6,Lager - Dortmunder / Export,500ml,500,9.4,Lager,5.6,3.49,3.5923684210526314,3.4004761904761898,82.0,26120,Tegernsee Spezial,Spezial,1796,Herzoglich Bayerisches Brauhaus Tegernsee,,21,38,21,Dortmunder / Export Lager,-0.4713246267658711,5.6,2.92,2.9237885462555067,2.9237885462555067,20566,Tegernseer Spezial,Tegernseer Spezial,2843,Herzoglich Bayerisches Brauhaus Tegernsee,227,227,29.0,Dortmunder/Helles,67.0,-0.7437151221958773,0.9379472242864773,0.9379472242864773
Uncanny Valley,4.49,United States,4.05,Burlington Beer Company,7.0,IPA - New England / Hazy,473ml,473,9.49,IPA,7.0,4.11,4.062448979591837,4.132499999999999,88.0,251024,Uncanny Valley,Uncanny Valley,33136,Burlington Beer Co.,,12,49,12,American IPA,0.1499345510034045,7.0,3.46,3.6599999999999993,3.6599999999999993,456378,Burlington Beer Uncanny Valley,Uncanny Valley,14675,Burlington Beer Company,10,10,85.0,India Pale Ale (IPA),71.0,0.3207073648572769,1.0000000000000002,1.0000000000000002
PMA,4.2,England,3.58,Moor Beer Company,5.3,Pale Ale - American,Can 440ml,440,9.55,Pale Ale,5.3,3.95,3.94,3.965,,233792,PMA,PMA,9051,Moor Beer Company,,2,3,2,English Pale Ale,-0.1046258685997445,5.3,3.54,3.5678571428571435,3.5678571428571435,421698,Moor PMA,PMA,3538,Moor,84,84,90.0,American Pale Ale,94.0,0.14971517654609,1.0,1.0
Tropical Ralphie Weizen,3.15,Netherlands,3.46,Two Chefs Brewing,5.0,Wheat Beer - Hefeweizen,Can 330ml,330,9.55,Wheat Beer,4.5,3.65,3.5,3.75,,200284,Tropical Ralphie,Ralphie Tropical,36445,Two Chefs Brewing,,1,2,1,Hefeweizen,-0.9447654084730046,4.5,3.33,3.363414634146342,3.363414634146342,370576,Two Chefs Tropical Ralphie,Ralphie Tropical,16876,Two Chefs Brewing,41,41,68.0,German Hefeweizen,95.0,-0.2128136089010694,1.0000000000000002,1.0000000000000002
Chiron,3.19,England,3.57,Thornbridge Brewery,5.0,Pale Ale - American,330ml,330,9.67,Pale Ale,5.0,4.0,3.922117647058824,3.985769230769231,88.0,69399,Chiron,Chiron,13029,Thornbridge Brewery,,26,85,26,American Pale Ale (APA),0.001442303896749,5.0,3.58,3.5894632206759445,3.5894632206759445,137106,Thornbridge Chiron,Chiron,4443,Thornbridge,503,503,92.0,American Pale Ale,96.0,0.3055538025872846,1.0,1.0
Vichtenaar,2.42,Belgium,3.12,Brouwerij Verhaeghe,5.1,Sour - Flanders Red Ale,Bottle 250ml,250,9.68,Sour,5.1,3.93,3.918360655737705,3.9401746724890834,88.0,10643,Vichtenaar,Vichtenaar,641,Brouwerij Verhaeghe,,229,427,224,Flanders Red Ale,0.113707756420554,5.1,3.62,3.61951566951567,3.61951566951567,6950,Verhaeghe Vichtenaar,Vichtenaar,1173,Verhaeghe,702,702,94.0,Sour Red/Brown,69.0,0.4580817335604338,1.0,1.0
Doerak,3.2,Netherlands,3.54,Van Moll,6.3,IPA - American,330ml,330,9.7,IPA,6.5,3.95,3.826666666666666,4.0,,190481,Doerak,Doerak,33895,Van Moll,,1,3,1,American IPA,-0.3115270537951295,6.5,3.67,3.7020618556701033,3.7020618556701033,329358,Van Moll Doerak,Doerak,17307,Van Moll,97,97,96.0,India Pale Ale (IPA),95.0,0.4712664797920849,1.0,1.0
Langharig Tuig,3.2,Netherlands,3.54,Van Moll,5.5,Wheat Beer - Hopfenweisse,Can 330ml,330,9.7,Wheat Beer,5.5,3.0,3.0,,,240267,Langharig Tuig,Langharig Tuig,33895,Van Moll,,0,1,0,Hefeweizen,-2.074392693547133,5.5,3.37,3.4176470588235297,3.4176470588235297,415119,Van Moll Langharig Tuig,Langharig Tuig,17307,Van Moll,34,34,74.0,German Hefeweizen,97.0,-0.1242630683260393,1.0000000000000002,1.0000000000000002
La Biere Darbyste,3.67,Belgium,3.62,Brasserie de Blaugies,5.8,Farmhouse Ale - Saison,Bottle 375ml,375,9.79,Farmhouse Ale,5.8,3.81,3.8154585152838414,3.818990825688074,85.0,3588,Bière Darbyste,Bière Darbyste,825,Brasserie de Blaugies,,109,229,108,Saison / Farmhouse Ale,-0.0952808183825326,5.8,3.49,3.4908023483365933,3.4908023483365933,12171,Blaugies Bière Darbyste,Bière Darbyste,1613,Brasserie de Blaugies,511,511,86.0,Traditional Ale,95.0,0.2125100018115876,0.7250749276632535,1.0
Big Wave Golden Ale,3.49,United States,3.52,Kona Brewing Company,4.4,Blonde / Golden Ale - American,355ml,355,9.83,Blonde / Golden Ale,4.4,3.54,3.57909188034188,3.5962631578947373,80.0,22592,Big Wave Golden Ale,Golden Wave Ale Big,579,Kona Brewing Co.,83.0,380,1872,323,American Blonde Ale,-0.630063937842792,4.4,3.0,3.0182524271844664,3.0182524271844664,2536,Kona Big Wave Golden Ale,Golden Wave Ale Big,435,Kona Brewing Company,1030,1030,35.0,Golden Ale/Blond Ale,48.0,-0.7086759151602272,0.5802487497365676,1.0000000000000002
Hanalei Island,3.49,United States,3.55,Kona Brewing Company,4.5,IPA - Fruited,355ml,355,9.83,IPA,4.5,3.62,3.6586153846153846,3.631632653061225,82.0,242043,Hanalei Island IPA,Island Hanalei IPA,579,Kona Brewing Co.,,49,130,45,American IPA,-0.755324118911531,4.5,3.36,3.3673684210526327,3.3673684210526327,435164,Kona Hanalei Island IPA,Island Hanalei IPA,435,Kona Brewing Company,95,95,72.0,Session IPA,57.0,-0.2789891900915415,0.6943917444097429,1.0
Longboard Island Lager,3.49,United States,3.41,Kona Brewing Company,4.6,Lager - Pale,355ml,355,9.83,Lager,4.6,3.37,3.372164233576642,3.405287206266318,77.0,5328,Longboard Island Lager,Island Longboard Lager,579,Kona Brewing Co.,80.0,766,2740,705,American Pale Lager,-0.930143973221102,4.6,2.75,2.756316160903317,2.756316160903317,2533,Kona Longboard Island Lager,Island Longboard Lager,435,Kona Brewing Company,1417,1417,18.0,Pale Lager,96.0,-1.0443219450551509,0.6744493248384789,1.0000000000000002
Pater Lieven Tripel,3.25,Belgium,3.5,Brouwerij Van Den Bossche,8.0,Belgian Tripel,330ml,330,9.85,Belgian Tripel,8.0,3.75,3.7283760683760687,3.785866666666668,84.0,3248,Pater Lieven Tripel,Pater Lieven Tripel,893,Brouwerij Van den Bossche,89.0,75,117,74,Tripel,-0.2036531506607751,8.0,3.36,3.362228260869565,3.362228260869565,8670,Pater Lieven Tripel,Pater Lieven Tripel,1476,Van Den Bossche,368,368,72.0,Abbey Tripel,71.0,0.0108654613121742,0.4286841442687248,1.0
Beverly Pils,3.29,Germany,3.54,Mashsee Brauerei,4.7,Pilsner - German,330ml,330,9.97,Pilsner,4.7,3.82,3.8975,3.79,,235471,Beverly Pils,Beverly Pils,35089,Mashsee Brauerei,,1,4,1,German Pilsener,-0.1867027121935624,4.7,3.49,3.569444444444444,3.569444444444444,417973,Mashsee Beverly Pils,Beverly Pils,19687,Mashsee Brauerei,36,36,87.0,India Style Lager,77.0,0.1653435626358876,1.0000000000000002,1.0000000000000002
Blueberry Muffin,7.49,United States,4.26,Great Notion Brewing,6.0,Sour - Fruited,Bottle 750ml,750,9.99,Sour,5.0,4.47,4.4366666666666665,4.4894444444444455,95.0,223167,Blueberry Muffin ,Blueberry Muffin,41869,Great Notion Brewing,,18,105,17,American Wild Ale,0.9659769938976808,5.0,3.7,3.7971428571428567,3.7971428571428567,401270,Great Notion Blueberry Muffin,Blueberry Muffin,26080,Great Notion Brewing,35,35,96.0,Fruit Beer,99.0,0.5907889638817206,0.5444997726192683,1.0000000000000002
Patt,3.3,Estonia,3.72,Pühaste Brewery,6.6,Porter - American,330ml,330,10.0,Porter,6.6,4.04,4.105,4.0,,255228,Patt,Patt,47479,Pühaste Brewery,,1,2,1,American Porter,0.2509793463095658,6.6,3.63,3.684905660377359,3.684905660377359,370949,Pühaste Patt,Patt,20933,Pühaste,53,53,94.0,Porter,97.0,0.4012841549355944,1.0,1.0
Caramel Fudge Stout,3.3,Netherlands,3.88,Brouwerij Kees,11.5,Stout - Imperial / Double,330ml,330,10.0,Stout,11.5,4.19,4.20875,4.2727272727272725,88.0,207675,Caramel Fudge Stout,Fudge Caramel Stout,39015,Brouwerij Kees,,11,40,10,Russian Imperial Stout,0.4734435078935965,11.5,3.98,4.002185792349727,4.002185792349727,385242,Kees Caramel Fudge Stout,Fudge Stout Caramel,20878,Brouwerij Kees,183,183,100.0,Imperial Stout,95.0,0.9834087062148128,0.7430944930575919,1.0000000000000002
Dirty Horse,4.4,Belgium,3.61,De Struise Brouwers,5.5,Sour - Other,Can 440ml,440,10.0,Sour,7.0,4.55,4.553939393939395,4.552028985507246,96.0,44910,Dirty Horse,Horse Dirty,15237,De Struise Brouwers,,69,99,68,Lambic - Unblended,1.1683282643838873,7.0,4.19,4.217127071823204,4.217127071823204,84906,Struise Dirty Horse,Horse Dirty,9244,De Struise Brouwers,181,181,100.0,Sour/Wild Ale,100.0,1.450645625703387,1.0000000000000002,1.0000000000000002
Baron,3.3,Netherlands,3.4,Big Belly Brewing Company,5.5,Historical Beer - Other,330ml,330,10.0,Historical Beer,6.5,3.6,3.6,,,273157,Brown,Brown,45700,Black Bellows Brewing Company,,0,1,0,Belgian Dark Ale,-0.8919719155844706,6.5,3.12,3.3666666666666667,3.3666666666666667,480887,Black Bellows Brown,Brown,27227,Black Bellows,3,3,,Brown Ale,,-0.2825840181454895,1.0,1.0
Starvation,4.47,Slovenia,3.68,Reservoir Dogs Brewery,8.5,IPA - Black / Cascadian Dark Ale,Can 440ml,440,10.16,IPA,8.0,3.77,3.8166666666666655,3.9275,,169439,Starvation,Starvation,38974,Reservoir Dogs Brewery,,4,6,4,American Black Ale,-0.3020290804144404,8.0,3.92,3.9863013698630136,3.9863013698630136,327085,Reservoir Dogs Starvation,Starvation,21394,Reservoir Dogs Brewery,73,73,99.0,Black IPA,100.0,1.001582436615526,1.0,1.0
Deerhunter,3.38,Netherlands,3.98,Brouwerij Frontaal,13.4,Stout - Russian Imperial,330ml,330,10.24,Stout,13.4,3.75,3.75,,,265760,Deer Hunter,Deer Hunter,46739,Brouwerij Frontaal,,0,1,0,Russian Imperial Stout,-0.5594489342648356,13.4,3.64,3.91,3.91,462820,Frontaal Deer Hunter,Deer Hunter,20135,Brouwerij Frontaal,10,10,95.0,Imperial Stout,48.0,0.79827341141752,1.0000000000000002,1.0000000000000002
Gin Weizen,3.4,Netherlands,3.46,Gebrouwen Door Vrouwen,6.0,Wheat Beer - Other,330ml,330,10.3,Wheat Beer,6.0,3.69,3.672857142857144,3.69,,228815,Gin Weizen,Gin Weizen,45508,Gebrouwen Door Vrouwen,,1,7,1,Hefeweizen,-0.6963925610118096,6.0,3.14,3.1520000000000006,3.1520000000000006,337115,Gebrouwen Door Vrouwen Gin Weizen,Gin Weizen Door,23221,Gebrouwen door Vrouwen,50,50,45.0,German Hefeweizen,76.0,-0.6242706675779669,0.9289974146928788,0.9289974146928788
Gose To Hollywood,3.4,Denmark,3.6,To Øl,3.8,Sour - Fruited Gose,Can 330ml,330,10.3,Sour,3.8,3.97,3.9598019801980193,3.983611111111111,87.0,186935,Gose To Hollywood,Gose Hollywood,24299,To Øl,,36,101,33,Gose,-0.048118485312264,3.8,3.68,3.6986062717770034,3.6986062717770034,344615,To Øl Gose To Hollywood ,Gose Hollywood,12119,To Øl,287,287,96.0,Grodziskie/Gose/Lichtenhainer,97.0,0.4407220791613146,0.6041344972966418,1.0000000000000002
Citra Pale Ale,3.69,United States,3.67,Upslope Brewing Company,5.8,Pale Ale - American,355ml,355,10.39,Pale Ale,5.1,4.06,4.06,,,232413,Citra Pale Ale,Pale Citra Ale,25812,Roc Brewing Company,,0,1,0,American Pale Ale (APA),0.1686342748334713,5.1,3.09,3.7,3.7,403013,Roc Brewing Citra Pale Ale,Pale Citra Ale,12579,Roc Brewing Company,1,1,,American Pale Ale,,0.4348654231210774,0.4435753414587281,1.0000000000000002
1806 Max I. Joseph Jubiläums Export,5.2,Germany,3.61,Herzoglich Bayerisches Brauhaus Tegernsee,5.2,Lager - Dortmunder / Export,Bottle 500ml,500,10.4,Lager,5.2,3.88,3.887272727272728,3.87,84.0,57893,Tegernseer 1806 Max I. Joseph Jubiläums Export,Jubiläums I Max 1806 Export Tegernseer Joseph,1796,Herzoglich Bayerisches Brauhaus Tegernsee,,4,11,4,Munich Helles Lager,-0.065160243440944,5.2,3.03,3.0337349397590363,3.0337349397590363,62978,Tegernseer 1806 Max I. Joseph Jubiläums Export,Jubiläums I Max 1806 Export Tegernseer Joseph,2843,Herzoglich Bayerisches Brauhaus Tegernsee,83,83,38.0,Dortmunder/Helles,85.0,-0.5698289577995781,0.7319782215709211,1.0000000000000002
Rainbows & Unicorns,3.75,United States,3.74,Breakside Brewery,5.2,IPA - Session,355ml,355,10.56,IPA,4.7,3.96,3.9956521739130433,3.9566666666666666,86.0,181634,Rainbows And Unicorns,Unicorns And Rainbows,22843,Breakside Brewery,,6,23,5,American IPA,0.0196875050848975,4.7,3.4,3.526666666666667,3.526666666666667,349172,Breakside Rainbows & Unicorns,Unicorns Rainbows,11560,Breakside Brewery,15,15,77.0,Session IPA,68.0,0.0773058674786517,0.5680157075595776,0.848338128052299
Green Bullet IPA,3.49,Netherlands,3.53,Two Chefs Brewing,6.5,IPA - American,330ml,330,10.58,IPA,5.7,3.64,3.729444444444445,3.6125,83.0,135238,Green Bullet,Bullet Green,36445,Two Chefs Brewing,,4,18,4,American IPA,-0.4787244275637115,5.7,3.34,3.3520833333333333,3.3520833333333333,215992,Two Chefs Green Bullet,Bullet Green,16876,Two Chefs Brewing,96,96,69.0,India Pale Ale (IPA),46.0,-0.1628217889611339,1.0000000000000002,1.0000000000000002
Kehrwieder Prototyp,3.49,Germany,3.64,Kehrwieder Kreativbrauerei,5.9,Lager - IPL (India Pale Lager),330ml,330,10.58,Lager,5.9,3.46,3.7954545454545454,3.3125,83.0,113052,Kehrwieder Prototyp,Prototyp,34058,Kehrwieder Kreativbrauerei,,4,11,4,Dortmunder / Export Lager,-0.2195577026035648,5.9,3.31,3.34,3.34,211247,Kehrwieder PROTOTYP ,PROTOTYP,16612,Kehrwieder Kreativbrauerei,150,150,66.0,India Style Lager,41.0,-0.161242003331872,1.0,1.0
Great Escape,3.49,Germany,3.65,Buddelship Brauerei,6.5,IPA - American,330ml,330,10.58,IPA,6.5,3.63,3.77,3.59,,151157,Great Escape,Escape Great,38153,Buddelship Brauerei GmbH,,1,7,1,American IPA,-0.3987401781557945,6.5,3.38,3.392660550458716,3.392660550458716,274827,Buddelship Great Escape,Escape Great,19993,Buddelship Brauerei,109,109,75.0,India Pale Ale (IPA),51.0,-0.095101838944844,1.0000000000000002,1.0000000000000002
Weihenstephan Vitus,5.3,Germany,3.84,Bayerische Staatsbrauerei Weihenstephan,7.7,Bock - Weizenbock,500ml,500,10.6,Bock,7.7,4.26,4.275830439814815,4.257967346938775,95.0,35625,Weihenstephaner Vitus,Vitus Weihenstephaner,252,Bayerische Staatsbrauerei Weihenstephan,91.0,1225,3456,1197,Weizenbock,0.7014341647899327,7.7,3.76,3.7773504273504273,3.7773504273504273,70791,Weihenstephaner Vitus,Vitus Weihenstephaner,282,Bayerische Staatsbrauerei Weihenstephan,1872,1872,98.0,Weizen Bock,99.0,0.6962262600276231,0.9068233674297018,1.0000000000000002
Baron,3.5,Netherlands,3.4,Big Belly Brewing Company,4.8,Historical Beer - Other,330ml,330,10.61,Historical Beer,6.5,3.6,3.6,,,273157,Brown,Brown,45700,Black Bellows Brewing Company,,0,1,0,Belgian Dark Ale,-0.8919719155844706,6.5,3.12,3.3666666666666667,3.3666666666666667,480887,Black Bellows Brown,Brown,27227,Black Bellows,3,3,,Brown Ale,,-0.2825840181454895,1.0,1.0
Imparable,3.5,Spain,3.75,Basqueland Brewing,6.8,IPA - American,330ml,330,10.61,IPA,6.8,4.26,4.225714285714286,4.29,,227874,Imparable IPA,Imparable IPA,34096,Basqueland Brewing Project,,4,7,4,American IPA,0.5084020211195651,6.8,3.74,3.775714285714286,3.775714285714286,328593,Basqueland Imparable IPA,Imparable IPA,18834,Basqueland Brewing Project,140,140,97.0,India Pale Ale (IPA),98.0,0.5589744469948247,0.5326646920147678,1.0000000000000002
Super Ultramega Hyperforce,8.0,United States,3.84,Jester King Brewery,4.5,Farmhouse Ale - Saison,Bottle 750ml,750,10.67,Farmhouse Ale,4.5,4.19,4.0152,4.246666666666667,87.0,260863,Super Ultramega Hyperforce,Ultramega Super Hyperforce,24018,Jester King Brewery,,3,25,3,Saison / Farmhouse Ale,0.0378925372360871,4.5,3.62,3.841666666666667,3.841666666666667,474420,Jester King Super Ultramega Hyperforce,Hyperforce Super Ultramega,11329,Jester King Brewery,12,12,94.0,Saison,91.0,0.6512949461890924,1.0,1.0
Taras Boulba,3.6,Belgium,3.35,Brasserie de la Senne,4.5,Belgian Blonde,330ml,330,10.91,Belgian Blonde,4.5,3.9,3.877835671342685,3.9164814814814815,87.0,32846,Taras Boulba,Taras Boulba,16320,Brasserie de la Senne,,216,499,211,Belgian Pale Ale,-0.0368373700696913,4.5,3.5,3.5138755980861243,3.5138755980861243,56185,De la Senne Taras Boulba,De Taras Boulba,5322,Brasserie de la Senne,1045,1045,88.0,Belgian Ale,96.0,0.2239401319784678,0.4555335315617121,0.8301022215833013
Zodiak,3.6,Sweden,3.76,Omnipollo,6.2,IPA - American,Can 330ml,330,10.91,IPA,6.2,4.12,4.128974358974358,4.094545454545455,90.0,147118,Zodiak,Zodiak,25314,Omnipollo,,44,156,37,American IPA,0.3209531202769558,6.2,3.66,3.675584415584416,3.675584415584416,294845,Omnipollo Zodiak IPA,IPA Zodiak,12578,Omnipollo,385,385,95.0,India Pale Ale (IPA),95.0,0.4201294607178937,0.650568749863277,0.8786111670312543
Hepcat,3.6,England,3.65,The Gipsy Hill Brewing Co.,4.6,IPA - Session,Can 330ml,330,10.91,IPA,4.6,3.66,3.790000000000002,3.6,,274782,Hepcat,Hepcat,44278,Gipsy Hill Brewing Company,,1,3,1,American IPA,-0.4707761392462661,4.6,3.46,3.543478260869565,3.543478260869565,362893,Gipsy Hill Hepcat,Hepcat,20692,Gipsy Hill Brewing Company,69,69,84.0,Session IPA,83.0,0.1042574828251934,1.0,1.0
Export Porter 1750,3.65,Netherlands,3.85,Brouwerij Kees,10.5,Porter - Imperial / Double,Can 330ml,330,11.06,Porter,10.5,4.13,4.117966101694916,4.126551724137931,89.0,172407,Export Porter 1750,1750 Export Porter,39015,Brouwerij Kees,,29,59,28,Baltic Porter,0.2991078328828151,10.5,3.96,3.978025477707007,3.978025477707007,295558,Kees Export Porter 1750,1750 Export Porter,20878,Brouwerij Kees,314,314,99.0,Imperial Stout,94.0,0.9888602383267638,0.7062493619745378,1.0
Life & Death IPA,3.69,England,3.74,Vocation Brewery,6.5,IPA - American,330ml,330,11.18,IPA,6.5,4.0,3.987272727272728,4.010000000000002,86.0,190302,Life & Death,Death Life,39383,Vocation Brewery,,9,22,9,American IPA,0.0064532724843112,6.5,3.71,3.7366666666666655,3.7366666666666655,356049,Vocation Life & Death,Death Life,22359,Vocation Brewery,180,180,97.0,India Pale Ale (IPA),97.0,0.4971912665141748,0.6403875015646543,1.0
Hop Harvest 2022,8.42,Belgium,3.76,Brouwerij De Ranke,5.5,Farmhouse Ale - Saison,Bottle 750ml,750,11.23,Farmhouse Ale,6.0,3.85,3.775,3.875,84.0,90207,Hop Harvest 2011,Harvest 2011 Hop,739,Brouwerij De Ranke,,2,10,2,Belgian IPA,-0.2382358240394845,6.0,3.58,3.608,3.608,157385,De Ranke Hop Harvest 2011,Harvest 2011 Hop,6167,Brouwerij De Ranke,100,100,95.0,Belgian Ale,98.0,0.3838455981584187,0.5702275602985969,1.0
Lush DIPA,4.95,Belgium,3.57,Dok Brewing Company,8.0,IPA - American,Can 440ml,440,11.25,IPA,7.0,4.12,4.1152000000000015,4.136470588235294,90.0,260802,Lush IPA,Lush IPA,20680,Fremont Brewing Company,,34,125,33,American IPA,0.2501336842547031,7.0,3.72,3.787931034482759,3.787931034482759,477962,Fremont Lush IPA,Lush IPA,10514,Fremont Brewing Company,58,58,97.0,India Pale Ale (IPA),97.0,0.5353684656758847,0.7332429571881482,1.0
Anniversary 09,4.99,Netherlands,3.8,Brouwerij Kees,9.99,Stout - Imperial / Double,Can 440ml,440,11.34,Stout,12.0,,,,,262372,#01 Anniversary,01 Anniversary,39015,Brouwerij Kees,,0,0,0,American Barleywine,,12.0,3.49,3.6052631578947367,3.6052631578947367,411001,Kees #01 Anniversary ,01 Anniversary,20878,Brouwerij Kees,19,19,87.0,Barley Wine,50.0,0.2372206525390756,0.5458929574345364,1.0
Caramel Fudge Stout Almonds,3.75,Netherlands,3.82,Brouwerij Kees,11.0,Stout - Imperial / Double Pastry,330ml,330,11.36,Stout,11.5,4.19,4.20875,4.2727272727272725,88.0,207675,Caramel Fudge Stout,Fudge Caramel Stout,39015,Brouwerij Kees,,11,40,10,Russian Imperial Stout,0.4734435078935965,11.5,3.98,4.002185792349727,4.002185792349727,385242,Kees Caramel Fudge Stout,Fudge Stout Caramel,20878,Brouwerij Kees,183,183,100.0,Imperial Stout,95.0,0.9834087062148128,0.7430944930575919,1.0000000000000002
A Passion for Gingers,3.79,Sweden,3.43,Beerbliotek,3.8,Sour - Fruited Berliner Weisse,330ml,330,11.48,Sour,3.8,3.42,3.61875,3.3200000000000003,,231891,A Passion For Gingers,Passion A For Gingers,31913,Beerbliotek,,3,8,3,Berliner Weissbier,-0.7851196422907982,3.8,3.49,3.5088000000000004,3.5088000000000004,384484,Beerbliotek A Passion For Gingers,Passion For Gingers A,16341,Beerbliotek,125,125,87.0,Berliner Weisse,74.0,0.0528500882204813,0.5108695697163905,1.0
Tricky Tripel,3.8,Netherlands,3.51,Gebrouwen Door Vrouwen,7.8,Belgian Tripel,330ml,330,11.52,Belgian Tripel,7.8,3.9,3.75,4.0,,231264,Tricky Tripel,Tricky Tripel,45508,Gebrouwen Door Vrouwen,,1,2,1,Tripel,-0.4873453102589691,7.8,3.2,3.2575757575757582,3.2575757575757582,337116,Gebrouwen Door Vrouwen Tricky Tripel,Tricky Tripel Door,23221,Gebrouwen door Vrouwen,33,33,49.0,Abbey Tripel,43.0,-0.405979128254475,0.9289974146928788,0.9289974146928788
Nico,3.8,England,3.41,Orbit Beers,4.8,Kölsch,Bottle 330ml,330,11.52,Kölsch,4.8,3.44,3.4375,,,182036,Nico,Nico,41246,Orbit Beers,,0,4,0,Kölsch,-1.0845309750340617,4.8,3.03,3.041304347826088,3.041304347826088,285929,Orbit Nico,Nico,20586,Orbit Beers London,46,46,38.0,Kölsch,59.0,-0.754402171260042,0.5584880158796313,1.0
Fantome Saison,8.65,Belgium,3.87,Brasserie Fantôme,8.0,Farmhouse Ale - Saison,Bottle 750ml,750,11.53,Farmhouse Ale,8.0,4.3,4.268610117526827,4.308477218225419,95.0,5057,Fantôme Saison,Saison,738,Brasserie Fantôme,,834,1957,826,Saison / Farmhouse Ale,0.6929854492814743,8.0,3.86,3.85859178541492,3.85859178541492,7661,Fantôme Saison,Saison,1289,Brasserie Fantôme,1193,1193,99.0,Saison,99.0,0.8354958397300916,0.4839389849331722,1.0
Elaborate Metaphor,5.49,United States,4.0,Burlington Beer Company,5.4,Pale Ale - New England / Hazy,473ml,473,11.61,Pale Ale,5.4,4.2,4.21840909090909,4.207142857142856,89.0,258530,Elaborate Metaphor,Elaborate Metaphor,33136,Burlington Beer Co.,,14,44,13,American Pale Ale (APA),0.4830857915800573,5.4,3.16,3.466666666666667,3.466666666666667,467847,Burlington Beer Elaborate Metaphor,Elaborate Metaphor,14675,Burlington Beer Company,3,3,,American Pale Ale,,-0.0645492021818,1.0000000000000002,1.0000000000000002
Hop Art,3.9,Netherlands,3.41,vandeStreek bier,5.0,IPA - American,330ml,330,11.82,IPA,5.0,3.75,3.73,3.75,,170625,Hop Art,Art Hop,32329,vandeStreek Bier,,1,6,1,American IPA,-0.4649703622086516,5.0,3.16,3.6,3.6,494694,vandeStreek bier Hop Art #7 ,Art 7 Hop,16600,vandeStreek bier,2,2,,India Pale Ale (IPA),,0.1704701543394737,1.0000000000000002,1.0000000000000002
Hop Harvest 2023,8.89,Belgium,3.69,Brouwerij De Ranke,5.5,IPA - Belgian,Bottle 750ml,750,11.85,IPA,6.0,3.85,3.775,3.875,84.0,90207,Hop Harvest 2011,Harvest 2011 Hop,739,Brouwerij De Ranke,,2,10,2,Belgian IPA,-0.2382358240394845,6.0,3.58,3.608,3.608,157385,De Ranke Hop Harvest 2011,Harvest 2011 Hop,6167,Brouwerij De Ranke,100,100,95.0,Belgian Ale,98.0,0.3838455981584187,0.5702275602985969,1.0
Fantome Pissenlit,8.9,Belgium,3.75,Brasserie Fantôme,8.0,Farmhouse Ale - Saison,Bottle 750ml,750,11.87,Farmhouse Ale,8.0,4.09,4.063285714285715,4.097154811715481,91.0,5051,Fantôme Pissenlit,Pissenlit,738,Brasserie Fantôme,87.0,239,490,236,Saison / Farmhouse Ale,0.3249915901142652,8.0,3.71,3.714766081871345,3.714766081871345,10959,Fantôme Pissenlit,Pissenlit,1289,Brasserie Fantôme,684,684,96.0,Saison,95.0,0.5805626066838661,0.5021860956284717,1.0
Texels Bock,8.95,Netherlands,3.48,Texelse Bierbrouwerij,7.0,Bock - Single / Traditional,Bottle 750ml,750,11.93,Bock,10.0,4.5,4.11125,4.333333333333333,,146335,Texels StormBock,StormBock Texels,526,Texelse Bierbrouwerij,,3,8,1,Bock,0.3421738880607613,10.0,3.41,3.426612903225806,3.426612903225806,97951,Texels StormBock,StormBock Texels,1995,Texelse Bierbrouwerij,124,124,79.0,Doppelbock,80.0,0.0602891069072426,0.8919596816640276,1.0
Body Riddle,3.95,Ireland,3.59,Whiplash,4.5,Pale Ale - American,330ml,330,11.97,Pale Ale,4.5,3.89,3.89,3.89,,289312,Body Riddle,Body Riddle,44957,Whiplash,,1,1,1,American Pale Ale (APA),-0.2490941516998423,4.5,3.06,3.233333333333334,3.233333333333334,527682,Whiplash Body Riddle,Body Riddle,26647,Whiplash,3,3,,American Pale Ale,,-0.5414721167083255,1.0000000000000002,1.0000000000000002
Green Bullet,3.99,Netherlands,3.53,Two Chefs Brewing,6.5,IPA - American,330ml,330,12.09,IPA,5.7,3.64,3.729444444444445,3.6125,83.0,135238,Green Bullet,Bullet Green,36445,Two Chefs Brewing,,4,18,4,American IPA,-0.4787244275637115,5.7,3.34,3.3520833333333333,3.3520833333333333,215992,Two Chefs Green Bullet,Bullet Green,16876,Two Chefs Brewing,96,96,69.0,India Pale Ale (IPA),46.0,-0.1628217889611339,1.0000000000000002,1.0000000000000002
More Complicated Than Your Girlfriend Stout,4.0,Finland,3.66,The Flying Dutchman Nomad Brewing Company,8.0,Stout - Imperial / Double,330ml,330,12.12,Stout,8.0,4.25,4.25,,,283135,More Complicated Than Your Girlfriend Stout,Than More Girlfriend Stout Complicated Your,47733,The Flying Dutchman Nomad Brewing Company,,0,1,0,American Double / Imperial Stout,0.5489610034672822,8.0,3.58,3.66578947368421,3.66578947368421,393005,The Flying Dutchman Nomad More Complicated Than Your Girlfriend Stout,Than More Girlfriend Stout Complicated Your,25903,The Flying Dutchman Nomad Brewing Company,38,38,92.0,Stout,94.0,0.3488716744928544,0.6433057815002473,1.0
Ivo,4.1,England,3.55,Orbit Beers,5.3,Pale Ale - American,Bottle 330ml,330,12.42,Pale Ale,5.3,3.8,3.766666666666667,3.84,,179131,Ivo,Ivo,41246,Orbit Beers,,2,3,2,American Pale Ale (APA),-0.4672496911038836,5.3,3.41,3.4227272727272733,3.4227272727272733,282791,Orbit Ivo,Ivo,20586,Orbit Beers London,44,44,79.0,American Pale Ale,81.0,-0.0201428159886371,1.0,1.0
Bayrisch Pale Ale,4.15,Germany,3.49,Private Landbrauerei Schönram,5.5,Pale Ale - American,330ml,330,12.58,Pale Ale,5.5,3.66,3.7427272727272727,3.6275,84.0,100740,Bayrisch Pale Ale,Pale Bayrisch Ale,5855,Private Landbrauerei Schönram,,4,11,4,American Pale Ale (APA),-0.3466963694780193,5.5,3.23,3.232089552238806,3.232089552238806,170706,Schönramer Bayrisch Pale Ale,Pale Bayrisch Ale Schönramer,2818,Private Landbrauerei Schönram,134,134,53.0,American Pale Ale,47.0,-0.3502730665849538,0.4969921491550392,0.9814113367329036
Doerak,4.15,Netherlands,3.52,Van Moll,6.2,IPA - American,330ml,330,12.58,IPA,6.5,3.95,3.826666666666666,4.0,,190481,Doerak,Doerak,33895,Van Moll,,1,3,1,American IPA,-0.3115270537951295,6.5,3.67,3.7020618556701033,3.7020618556701033,329358,Van Moll Doerak,Doerak,17307,Van Moll,97,97,96.0,India Pale Ale (IPA),95.0,0.4712664797920849,1.0,1.0
Modus Hoperandi,4.49,United States,3.74,Ska Brewing,6.8,IPA - American,355ml,355,12.65,IPA,6.8,4.08,4.103432343234323,4.066922155688623,91.0,48243,Modus Hoperandi,Modus Hoperandi,923,Ska Brewing Co.,,835,2727,806,American IPA,0.3826840937517537,6.8,3.73,3.7373035566583934,3.7373035566583934,99487,SKA Modus Hoperandi IPA,Modus Hoperandi IPA,486,SKA Brewing,1209,1209,97.0,India Pale Ale (IPA),97.0,0.6157731015966158,0.4296821285807384,0.8856261695518687
Modus Mandarina,4.49,United States,3.66,Ska Brewing,6.8,IPA - Fruited,355ml,355,12.65,IPA,6.8,3.98,3.96468085106383,3.999139784946237,89.0,128837,Modus Mandarina,Modus Mandarina,923,Ska Brewing Co.,95.0,93,329,82,American IPA,-0.0206238164640267,6.8,3.47,3.4806282722513084,3.4806282722513084,260630,SKA Modus Mandarina,Modus Mandarina,486,SKA Brewing,191,191,85.0,India Pale Ale (IPA),71.0,0.0115016612362982,0.5962040254647376,1.0
Orbital Elevator,4.49,United States,4.15,Burlington Beer Company,8.3,IPA - Imperial / Double New England / Hazy,355ml,355,12.65,IPA,8.3,4.12,4.121724137931034,4.099411764705883,88.0,249501,Orbital Elevator,Elevator Orbital,33136,Burlington Beer Co.,,17,58,15,American Double / Imperial IPA,0.282428560730339,8.3,3.76,3.9210526315789473,3.9210526315789473,456409,Burlington Beer Orbital Elevator,Elevator Orbital,14675,Burlington Beer Company,19,19,97.0,Imperial IPA,92.0,0.804571887892217,1.0000000000000002,1.0000000000000002
Deer Hunter,4.19,Netherlands,3.98,Brouwerij Frontaal,13.4,Stout - Russian Imperial,330ml,330,12.7,Stout,13.4,3.75,3.75,,,265760,Deer Hunter,Deer Hunter,46739,Brouwerij Frontaal,,0,1,0,Russian Imperial Stout,-0.5594489342648356,13.4,3.64,3.91,3.91,462820,Frontaal Deer Hunter,Deer Hunter,20135,Brouwerij Frontaal,10,10,95.0,Imperial Stout,48.0,0.79827341141752,1.0000000000000002,1.0000000000000002
To Ol Mochaccino Messiah,4.21,Denmark,3.69,To Øl,7.0,Brown Ale - American,330ml,330,12.76,Brown Ale,7.0,3.77,3.75139534883721,3.7771428571428567,85.0,82574,Mochaccino Messiah,Messiah Mochaccino,24299,To Øl,,28,86,28,American Brown Ale,-0.2452276088772528,7.0,3.65,3.6565819861431854,3.6565819861431854,172760,To Øl Mochaccino Messiah,Messiah Mochaccino,12119,To Øl,433,433,95.0,Brown Ale,99.0,0.4291709956633245,1.0000000000000002,1.0000000000000002
"Bière Darbyste 0,75L",9.6,Belgium,3.62,Brasserie de Blaugies,5.8,Farmhouse Ale - Saison,Bottle 750ml,750,12.8,Farmhouse Ale,5.8,3.81,3.8154585152838414,3.818990825688074,85.0,3588,Bière Darbyste,Bière Darbyste,825,Brasserie de Blaugies,,109,229,108,Saison / Farmhouse Ale,-0.0952808183825326,5.8,3.49,3.4908023483365933,3.4908023483365933,12171,Blaugies Bière Darbyste,Bière Darbyste,1613,Brasserie de Blaugies,511,511,86.0,Traditional Ale,95.0,0.2125100018115876,0.7250749276632535,1.0
Great Escape IPA,4.29,Germany,3.65,Buddelship Brauerei,6.5,IPA - American,330ml,330,13.0,IPA,6.5,3.63,3.77,3.59,,151157,Great Escape,Escape Great,38153,Buddelship Brauerei GmbH,,1,7,1,American IPA,-0.3987401781557945,6.5,3.38,3.392660550458716,3.392660550458716,274827,Buddelship Great Escape,Escape Great,19993,Buddelship Brauerei,109,109,75.0,India Pale Ale (IPA),51.0,-0.095101838944844,1.0000000000000002,1.0000000000000002
Mmm...Osa,6.29,United States,4.01,Equilibrium Brewery,4.8,Pale Ale - American,473ml,473,13.3,Pale Ale,4.8,4.07,4.248421052631579,4.093999999999999,86.0,256365,Mmm...Osa,MmmOsa,47536,Equilibrium Brewery,,5,19,4,American Pale Ale (APA),0.547949706836082,4.8,3.55,3.8375,3.8375,463535,Equilibrium Mmm...osa,Mmmosa,29279,Equilibrium Brewery,8,8,,American Pale Ale,,0.6653521460690524,1.0,1.0
Stu Mostow Strawberry Berliner Weisse,6.8,Germany,3.61,BRLO/ Browar Stu Mostów,3.4,Sour - Fruited Berliner Weisse,500ml,500,13.6,Sour,3.8,3.7,3.77,3.65,,242161,Stu Mostów / BRLO ART8 Strawberry Berliner Weisse,Berliner BRLO ART8 Strawberry Weisse,38220,Browar Stu Mostów,,1,2,1,Berliner Weissbier,-0.4450240467046181,3.8,3.48,3.5182795698924743,3.5182795698924743,424921,ART8 / Browar Stu Mostów / BRLO Strawberry Berliner Weisse,Berliner BRLO ART8 Strawberry Weisse,21578,Browar Stu Mostów,93,93,86.0,Berliner Weisse,71.0,0.0610001661377377,0.6064418809917822,1.0000000000000004
Tricky Triple,4.5,Netherlands,3.51,Gebrouwen Door Vrouwen,7.8,Belgian Tripel,330ml,330,13.64,Belgian Tripel,7.8,3.9,3.75,4.0,,231264,Tricky Tripel,Tricky Tripel,45508,Gebrouwen Door Vrouwen,,1,2,1,Tripel,-0.4873453102589691,7.8,3.2,3.2575757575757582,3.2575757575757582,337116,Gebrouwen Door Vrouwen Tricky Tripel,Tricky Tripel Door,23221,Gebrouwen door Vrouwen,33,33,49.0,Abbey Tripel,43.0,-0.405979128254475,0.9289974146928788,0.9289974146928788
Cuvée De Ranke,10.3,Belgium,3.93,Brouwerij De Ranke,7.0,Sour - Other,Bottle 750ml,750,13.73,Sour,7.0,4.17,4.1917765042979935,4.181287878787879,92.0,42805,Cuvée De Ranke,Cuvée,739,Brouwerij De Ranke,,132,349,130,Belgian Pale Ale,0.5359064290259589,7.0,3.9,3.908669656203288,3.908669656203288,70647,Cuvée De Ranke,Cuvée,6167,Brouwerij De Ranke,669,669,99.0,Sour/Wild Ale,98.0,0.9254671263528704,1.0,1.0
Natural Bridge: Festbier,6.49,United States,3.75,Eppig Brewing,6.0,Festbier,Can 470ml,470,13.81,Festbier,6.0,,,,,276029,Natural Bridge Festbier,Natural Bridge Festbier,47716,J & L Eppig Brewing,,0,0,0,Märzen / Oktoberfest,,6.0,3.23,3.8,3.8,479837,Eppig Natural Bridge: Festbier,Natural Bridge Festbier,29345,Eppig Brewing,2,2,,Oktoberfest/Märzen,,0.5588023021837274,0.5925525432508033,1.0
Beerskey,4.6,Netherlands,3.45,Muifelbrouwerij,11.0,Smoked Beer,330ml,330,13.94,Smoked Beer,11.0,3.73,3.725,3.52,,174628,Beerskey,Beerskey,25924,Muifelbrouwerij,,1,4,1,Smoked Beer,-0.4995244090427119,11.0,3.23,3.2446808510638303,3.2446808510638303,192064,Muifelbrouwerij Beerskey,Beerskey,11061,Muifelbrouwerij,94,94,52.0,Smoked,41.0,-0.3259365810352307,1.0,1.0
Donner Party Porter,6.69,United States,3.79,FiftyFifty Brewing Co.,7.2,Porter - American,473ml,473,14.14,Porter,6.7,3.99,3.992539682539682,4.002222222222224,87.0,35575,Donner Party Porter,Party Donner Porter,14936,FiftyFifty Brewing Co.,,9,63,8,American Porter,0.1692749950632296,6.7,3.56,3.5761194029850745,3.5761194029850745,76147,FiftyFifty Donner Party Porter,Party Donner Porter,8711,FiftyFifty Brewing Company,67,67,92.0,Porter,94.0,0.351453103770998,1.0000000000000002,1.0000000000000002
Vestkyst IPA,4.69,Norway,3.83,Kinn Bryggeri,7.0,IPA - American,330ml,330,14.21,IPA,7.0,3.91,3.915294117647058,4.1775,85.0,119259,Vestkyst,Vestkyst,25378,Kinn Bryggeri AS,,4,17,4,American IPA,-0.0719950756831682,7.0,3.7,3.735742971887552,3.735742971887552,121583,Kinn Vestkyst,Vestkyst,11098,Kinn Bryggeri,249,249,96.0,India Pale Ale (IPA),96.0,0.5774427624392031,1.0,1.0
Skittley Bittley Bop,6.75,United States,3.73,Hoof Hearted Brewing,4.5,Sour - Fruited,473ml,473,14.27,Sour,8.0,3.25,3.433448275862069,3.29125,80.0,208886,Skittley Bittley Bop,Bop Skittley Bittley,30179,Hoof Hearted Brewing,,8,29,8,Saison / Farmhouse Ale,-1.1602657321234495,8.0,3.07,3.127272727272727,3.127272727272727,387257,Hoof Hearted Skittley Bittley Bop,Bop Skittley Bittley,14572,Hoof Hearted Brewing,11,11,43.0,Saison,13.0,-0.6692900030048964,1.0000000000000002,1.0000000000000002
Caramel Fudge Stout Cognac,4.75,Netherlands,3.95,Brouwerij Kees,11.0,Stout - Imperial / Double Pastry,330ml,330,14.39,Stout,11.5,4.19,4.20875,4.2727272727272725,88.0,207675,Caramel Fudge Stout,Fudge Caramel Stout,39015,Brouwerij Kees,,11,40,10,Russian Imperial Stout,0.4734435078935965,11.5,3.98,4.002185792349727,4.002185792349727,385242,Kees Caramel Fudge Stout,Fudge Stout Caramel,20878,Brouwerij Kees,183,183,100.0,Imperial Stout,95.0,0.9834087062148128,0.7430944930575919,1.0000000000000002
Barrel Project 20.07,4.77,Netherlands,3.77,Brouwerij Kees,9.8,Porter - Imperial / Double,330ml,330,14.45,Porter,11.0,4.22,4.225,,,276784,Barrel Project #10/2017,Project Barrel 102017,39015,Brouwerij Kees,,0,2,0,Oatmeal Stout,0.4935405065806764,11.0,3.71,3.796969696969697,3.796969696969697,484114,Kees Barrel Project #10/2017,Project Barrel 102017,20878,Brouwerij Kees,33,33,97.0,Imperial Stout,62.0,0.5529184817618451,0.6562665116126118,1.0
Cuvée De Ranke 2023,10.9,Belgium,4.22,Brouwerij De Ranke,7.0,Sour - Other,Bottle 750ml,750,14.53,Sour,7.0,4.17,4.1917765042979935,4.181287878787879,92.0,42805,Cuvée De Ranke,Cuvée,739,Brouwerij De Ranke,,132,349,130,Belgian Pale Ale,0.5359064290259589,7.0,3.9,3.908669656203288,3.908669656203288,70647,Cuvée De Ranke,Cuvée,6167,Brouwerij De Ranke,669,669,99.0,Sour/Wild Ale,98.0,0.9254671263528704,1.0,1.0
Kriek De Ranke,11.0,Belgium,3.93,Brouwerij De Ranke,7.0,Sour - Fruited,Bottle 750ml,750,14.67,Sour,7.0,4.22,4.197837837837837,4.241529411764707,93.0,4924,Kriek De Ranke,Kriek,739,Brouwerij De Ranke,,255,481,249,Lambic - Fruit,0.5916123794479993,7.0,3.8,3.807072135785008,3.807072135785008,15233,De Ranke Kriek,Kriek,6167,Brouwerij De Ranke,707,707,98.0,Sour/Wild Ale,93.0,0.7513569696172205,1.0,1.0
Black Damnation 24 Octopussy,6.5,Belgium,4.03,De Struise Brouwers,13.0,Stout - Russian Imperial,Can 440ml,440,14.77,Stout,13.0,4.2,4.2,,,286056,Black Damnation XXIV - Octopussy,Damnation XXIV Octopussy Black,15237,De Struise Brouwers,,0,2,0,American Double / Imperial Stout,0.4381200096940708,13.0,3.68,3.96,3.96,299666,Struise Black Damnation XXIV - Octopussy ,Damnation XXIV Octopussy Black,9244,De Struise Brouwers,10,10,96.0,Imperial Stout,55.0,0.9271758216762862,0.690180195892919,1.0000000000000002
Extase,4.88,Belgium,3.68,Brouwerij De Dochter van de Korenaar,8.5,IPA - Imperial / Double,330ml,330,14.79,IPA,8.5,3.97,3.9608064516129033,3.963333333333333,87.0,95561,Extase,Extase,16790,Brouwerij De Dochter van de Korenaar,,15,62,14,Belgian IPA,0.072627681719385,8.5,3.78,3.793201133144476,3.793201133144476,210955,De Dochter van de Korenaar Extase,Extase,8907,De Dochter van de Korenaar,353,353,98.0,Imperial IPA,93.0,0.6652984011390024,1.0,1.0
Glitz And Glam,6.99,United States,3.77,Eppig Brewing,4.1,Sour - Fruited Berliner Weisse,Can 470ml,470,14.87,Sour,4.1,4.0,4.0,,,278842,Glitz And Glam,Glam And Glitz,47716,J & L Eppig Brewing,,0,2,0,Berliner Weissbier,-0.0052439653987766,4.1,3.23,3.4166666666666665,3.4166666666666665,476079,Eppig Glitz and Glam,Glam and Glitz,29345,Eppig Brewing,6,6,,Berliner Weisse,,-0.1726485893201707,1.0,1.0
10:45 to Denver,6.99,United States,3.81,Eppig Brewing,7.0,IPA - American,Can 470ml,470,14.87,IPA,7.0,4.09,4.09,,,259204,10:45 To Denver,1045 Denver To,47716,J & L Eppig Brewing,,0,1,0,American IPA,0.1942698233930041,7.0,3.3,3.58,3.58,481931,Eppig 10:45 To Denver,1045 Denver To,29345,Eppig Brewing,5,5,,India Pale Ale (IPA),,0.1316369395550483,1.0,1.0
Deftones Phantom Bride,7.2,United States,3.87,Belching Beaver Brewery,7.1,IPA - American,Can 473ml,473,15.22,IPA,7.1,4.03,4.076071428571429,4.072105263157895,87.0,251067,Deftones Phantom Bride IPA,Phantom Bride IPA Deftones,30923,Belching Beaver Brewery,,19,56,18,American IPA,0.1906293525520682,7.1,3.73,3.8904761904761913,3.8904761904761913,455379,Belching Beaver Deftones #1: Phantom Bride,1 Phantom Bride Deftones,15478,Belching Beaver,42,42,97.0,India Pale Ale (IPA),97.0,0.7645418232689636,0.5619044695160685,0.9402582208553448
Boss Pour,7.29,United States,3.92,Abnormal Beer Co.,7.0,IPA - American,473ml,473,15.41,IPA,7.0,4.47,4.320000000000001,4.5150000000000015,90.0,226869,Boss Pour IPA,Pour Boss IPA,38282,Abnormal Beer Company,,2,30,2,American IPA,0.7103851031732179,7.0,3.66,3.883333333333333,3.883333333333333,429531,Abnormal Boss Pour IPA,Pour Boss IPA,21473,Abnormal Beer Company,12,12,95.0,India Pale Ale (IPA),94.0,0.7591645894060753,0.7517863025807648,1.0
Blocks of Light,6.79,United States,4.04,Outer Range Brewing Co.,6.2,IPA - New England / Hazy,Can 440ml,440,15.43,IPA,6.2,4.43,4.36,4.46,,285942,Blocks Of Light,Light Of Blocks,47922,Outer Range Brewing Co,,1,3,1,American IPA,0.7928111897683481,6.2,3.21,3.75,3.75,517127,Outer Range Blocks of Light,of Light Blocks,30049,Outer Range Brewing,2,2,,India Pale Ale (IPA),,0.4617192652226642,1.0,1.0
Caramel Fudge Stout Bourbon,5.1,Netherlands,4.02,Brouwerij Kees,11.5,Stout - Imperial / Double,330ml,330,15.45,Stout,11.5,4.19,4.20875,4.2727272727272725,88.0,207675,Caramel Fudge Stout,Fudge Caramel Stout,39015,Brouwerij Kees,,11,40,10,Russian Imperial Stout,0.4734435078935965,11.5,3.98,4.002185792349727,4.002185792349727,385242,Kees Caramel Fudge Stout,Fudge Stout Caramel,20878,Brouwerij Kees,183,183,100.0,Imperial Stout,95.0,0.9834087062148128,0.7430944930575919,1.0000000000000002
Orange Julian,11.69,United States,4.17,Cellarmaker Brewing Company,6.8,IPA - New England / Hazy,Bottle 750ml,750,15.59,IPA,7.7,4.33,4.2860000000000005,4.35,,262515,Orange Julian,Orange Julian,32931,Cellarmaker Brewing Co.,,1,5,1,American IPA,0.6287665189839945,7.7,3.74,3.825714285714288,3.825714285714288,471652,Cellarmaker Orange Julian,Orange Julian,17792,Cellarmaker Brewing Company,35,35,97.0,India Pale Ale (IPA),98.0,0.6139634914572519,1.0000000000000002,1.0000000000000002
Maximum Joy,11.69,United States,3.96,Cellarmaker Brewing Company,6.3,IPA - American,Bottle 750ml,750,15.59,IPA,7.0,4.12,4.12,,86.0,173153,Maximum Joy,Maximum Joy,32931,Cellarmaker Brewing Co.,,0,12,0,American IPA,0.3183151892504629,7.0,3.57,3.81,3.81,344373,Cellarmaker Maximum Joy,Maximum Joy,17792,Cellarmaker Brewing Company,10,10,92.0,American Pale Ale,95.0,0.6783199919014485,1.0000000000000002,1.0000000000000002
Benjelz,7.5,United States,3.74,The Veil Brewing Co.,5.6,Farmhouse Ale - Saison,473ml,473,15.86,Farmhouse Ale,5.6,3.79,3.7875,,,271653,Benjelz,Benjelz,41018,The Veil Brewing Co.,,0,8,0,Saison / Farmhouse Ale,-0.4763181889349266,5.6,3.12,3.3666666666666667,3.3666666666666667,495635,The Veil Benjelz,Benjelz,26864,The Veil Brewing Company,3,3,,Saison,,-0.2825840181454895,1.0,1.0
Black Damnation 03 Black Mess,5.25,Belgium,4.08,De Struise Brouwers,13.0,Stout - Russian Imperial,330ml,330,15.91,Stout,13.0,4.1,4.152623574144487,4.070982142857143,91.0,56774,Black Damnation III - Black Mes,Damnation III Mes Black,15237,De Struise Brouwers,,112,263,109,American Double / Imperial Stout,0.4700930717072956,13.0,4.01,4.018487394957984,4.018487394957984,118555,Struise Black Damnation III - Black Mes,Damnation III Mes Black,9244,De Struise Brouwers,476,476,100.0,Imperial Stout,96.0,1.1086194545617691,0.6754316899372621,1.0000000000000002
Holsbeekse Tripel,12.0,Belgium,3.55,Brouwerij De Vlier,8.0,Belgian Tripel,Bottle 750ml,750,16.0,Belgian Tripel,8.5,3.65,3.65,3.65,,75872,Holsbeek Lente Tripel,Holsbeek Lente Tripel,18182,Brouwerij De Vlier,,1,1,1,Tripel,-0.3772078266753182,8.5,3.26,3.3173913043478263,3.3173913043478263,125994,Holsbeek Lente Tripel,Holsbeek Lente Tripel,10066,Brouwerij De Vlier,23,23,61.0,Abbey Tripel,49.0,-0.1438232015235559,0.6433532836679156,1.0000000000000004
Letters From Zelda,7.6,United States,4.09,Brick & Feather Brewery,6.5,IPA - New England / Hazy,473ml,473,16.07,IPA,6.0,4.27,4.320454545454544,4.315,88.0,201044,Letters From Zelda,From Letters Zelda,40326,Brick & Feather Brewery,,8,22,8,American IPA,0.7216725683245429,6.0,3.3,3.65,3.65,404035,Brick & Feather Letters From Zelda IPA ,From Zelda Letters IPA,26479,Brick & Feather Brewery,4,4,,India Pale Ale (IPA),,0.3006022418324587,0.8222393582703313,0.8222393582703313
Oro de Calabaza,7.6,United States,3.79,Jolly Pumpkin Artisan Ales,8.0,Belgian Strong Golden Ale,473ml,473,16.07,Belgian Strong Golden Ale,8.0,4.11,4.117642140468227,4.1188559892328405,92.0,18975,Oro De Calabaza,Calabaza Oro De,9897,Jolly Pumpkin Artisan Ales,,743,1794,731,Bière de Garde,0.4258036574339781,8.0,3.79,3.795523581135092,3.795523581135092,36703,Jolly Pumpkin Oro de Calabaza,Calabaza Oro de,4923,Jolly Pumpkin Artisan Ales,1251,1251,98.0,Belgian Strong Ale,98.0,0.7516477543878034,0.4551166940182581,1.0
In Absentia,7.6,United States,4.15,Brick & Feather Brewery,7.2,IPA - New England / Hazy,473ml,473,16.07,IPA,7.0,4.55,4.501176470588237,4.590000000000002,93.0,217445,In Absentia,Absentia In,40326,Brick & Feather Brewery,,15,51,13,American IPA,1.102672026585385,7.0,3.47,4.08,4.08,403890,Brick & Feather In Absentia,Absentia In,26479,Brick & Feather Brewery,5,5,,India Pale Ale (IPA),,1.1267032995668829,0.6990771503243645,1.0000000000000002
Oscillation 036,7.8,United States,4.12,Finback Brewery,8.4,IPA - Imperial / Double,Can 473ml,473,16.49,IPA,8.0,4.31,4.152500000000002,4.383333333333334,90.0,205838,Oscillation 002,Oscillation 002,33901,Finback Brewery,,6,40,5,American Double / Imperial IPA,0.3844664771343551,8.0,3.09,3.7,3.7,381506,Finback Oscillation 002,Oscillation 002,18825,Finback Brewery,1,1,,Imperial IPA,,0.5093396820972771,0.6889106878117235,1.0
South of Eleven,7.95,United States,4.15,Hoof Hearted Brewing,10.0,IPA - Triple New England / Hazy,473ml,473,16.81,IPA,10.2,4.32,4.334388185654008,4.37462962962963,94.0,106556,South Of Eleven,Eleven South Of,30179,Hoof Hearted Brewing,,54,237,49,American Double / Imperial IPA,0.7405602592941075,10.2,3.84,3.933333333333333,3.933333333333333,174055,Hoof Hearted South Of Eleven,Eleven Of South,14572,Hoof Hearted Brewing,36,36,99.0,Imperial IPA,96.0,0.896586812474598,0.7794659395093291,1.0000000000000002
Animal,5.99,United States,3.72,Fort Point Beer Company,7.5,IPA - American,355ml,355,16.87,IPA,7.0,3.8,3.92625,3.76,,169631,Animal,Animal,34017,Fort Point Beer Company,,1,8,1,American IPA,-0.1242714077392231,7.0,3.52,3.74,3.74,449985,Fort Point Animal,Animal,18675,Fort Point Beer Company,10,10,89.0,India Pale Ale (IPA),81.0,0.476591036501063,1.0,1.0
Disco Soleil,7.99,Canada,3.68,Brasserie Dieu du Ciel!,6.5,IPA - Fruited,Can 473ml,473,16.89,IPA,6.5,3.9,3.8892941176470575,3.883389830508475,87.0,98888,Disco Soleil,Disco Soleil,1141,Brasserie Dieu du Ciel!,,59,255,53,American IPA,-0.0925098827686735,6.5,3.64,3.648793565683646,3.648793565683646,200703,Dieu du Ciel Disco Soleil,Disco Soleil,364,Dieu du Ciel,373,373,94.0,India Pale Ale (IPA),93.0,0.3938574700843014,0.6098290423525323,1.0000000000000002
DDH The All Seeing Eye,7.99,United States,4.34,Long Live Beerworks,8.4,IPA - Imperial / Double New England / Hazy,473ml,473,16.89,IPA,8.4,3.99,4.11875,4.3,85.0,260867,The All Seeing Eye,Eye The All Seeing,41922,Long Live Beerworks,,3,16,3,American Double / Imperial IPA,0.2577239281700004,8.4,3.28,3.95,3.95,477102,Long Live The All Seeing Eye,Eye The All Seeing,25701,Long Live Beerworks,2,2,,Imperial IPA,,0.8500514130669178,1.0,1.0
9th Birthday DIPA,7.5,England,4.14,Cloudwater Brew Co.,8.0,IPA - Imperial / Double New England / Hazy,Can 440ml,440,17.05,IPA,9.0,4.57,4.574999999999998,4.56,,268381,Birthday DIPA,DIPA Birthday,40373,Cloudwater Brew Co.,,1,2,1,American Double / Imperial IPA,1.269427462993158,9.0,4.08,4.2125,4.2125,487165,Cloudwater Birthday DIPA,DIPA Birthday,22393,Cloudwater Brew Co,32,32,100.0,Imperial IPA,100.0,1.3597373571125018,0.7447054488916125,1.0000000000000002
Pounce,6.4,United States,4.09,Dancing Gnome,6.0,IPA - American,Bottle 375ml,375,17.07,IPA,6.0,4.21,4.1971428571428575,4.223333333333334,,290131,Pounce,Pounce,47223,Dancing Gnome,,3,7,2,American IPA,0.4317862386213155,6.0,3.16,3.4666666666666663,3.4666666666666663,508763,Dancing Gnome Pounce,Pounce,28839,Dancing Gnome Beer,3,3,,India Pale Ale (IPA),,-0.0884179442233628,1.0,1.0
Pillow Hat,8.1,United States,3.81,Hudson Valley Brewery,4.0,IPA - Session,473ml,473,17.12,IPA,4.0,3.74,3.738333333333333,1.65,84.0,273896,Pillow Hat,Hat Pillow,44599,Hudson Valley Brewery,,1,18,1,American IPA,-0.5853118328119185,4.0,3.45,3.728571428571428,3.728571428571428,494906,Hudson Valley Pillow Hat,Hat Pillow,27030,Hudson Valley Brewery,7,7,,Session IPA,,0.4201122493822084,1.0000000000000002,1.0000000000000002
Batch No. 1731,12.99,United States,3.42,The Bruery Terreux,5.1,Wild Ale - American,Bottle 750ml,750,17.32,Wild Ale,5.1,3.99,3.853820224719101,4.07,88.0,208695,Batch No. 1731,Batch No 1731,40927,Bruery Terreux,,19,89,17,American Wild Ale,-0.2709261799972604,5.1,3.46,3.492537313432837,3.492537313432837,387172,Bruery Terreux Batch No. 1731,Batch No 1731,24168,Bruery Terreux,67,67,84.0,Sour/Wild Ale,43.0,0.0219928892722947,1.0,1.0
The Glow,8.23,United States,4.03,Cellarmaker Brewing Company,5.7,Pale Ale - American,473ml,473,17.4,Pale Ale,5.7,4.32,4.239387755102041,4.208181818181819,90.0,152027,The Glow,Glow The,32931,Cellarmaker Brewing Co.,,11,49,8,American Pale Ale (APA),0.5404946864285619,5.7,3.91,4.117647058823529,4.117647058823529,306895,Cellarmaker The Glow,Glow The,17792,Cellarmaker Brewing Company,17,17,99.0,American Pale Ale,100.0,1.254950041645893,0.6703890222361026,1.0000000000000002
Sadako,7.69,England,3.98,Weird Beard Brew Co.,9.5,Stout - Imperial / Double,Can 440ml,440,17.48,Stout,9.2,4.18,4.013999999999999,4.081666666666667,87.0,133834,Sadako,Sadako,31624,Weird Beard Brew Co.,,6,20,6,American Double / Imperial Stout,0.0908215718818094,9.2,3.78,3.8181818181818175,3.8181818181818175,273870,Weird Beard Sadako,Sadako,16479,Weird Beard,88,88,98.0,Imperial Stout,78.0,0.6992253587335134,0.4430362208639224,1.0
Proven Theory,8.29,United States,3.94,Benchtop Brewing Company,7.0,IPA - American,473ml,473,17.53,IPA,7.3,3.75,4.177499999999998,4.109999999999999,,283162,Proven Theory,Proven Theory,47762,Benchtop Brewing Company,,2,4,2,American IPA,0.3882415624961245,7.3,3.37,3.9333333333333336,3.9333333333333336,516938,BenchTop Proven Theory,Proven Theory,29685,BenchTop Brewing Company,3,3,,India Pale Ale (IPA),,0.8176904007465637,0.4103199157227895,1.0000000000000002
Hop Making Sense,8.39,United States,3.9,Cellarmaker Brewing Company,5.7,Pale Ale - American,473ml,473,17.74,Pale Ale,5.7,4.29,4.140285714285715,3.986666666666667,89.0,142883,Hop Making Sense,Sense Hop Making,32931,Cellarmaker Brewing Co.,,3,35,2,American Pale Ale (APA),0.3618577123056636,5.7,3.74,4.0,4.0,296552,Cellarmaker Hop Making Sense,Sense Hop Making,17792,Cellarmaker Brewing Company,12,12,98.0,American Pale Ale,99.0,1.0485239081456046,0.5921415090964979,1.0
Grid,8.4,United States,3.93,Hop Butcher For The World,5.75,Pale Ale - American,Can 473ml,473,17.76,Pale Ale,5.75,4.06,3.948571428571428,4.085,86.0,279907,Grid,Grid,40359,Hop Butcher For The World,,4,21,4,American Pale Ale (APA),-0.119251844708366,5.75,3.34,3.725000000000001,3.725000000000001,511571,Hop Butcher For The World Grid ,Grid,20818,Hop Butcher For The World,4,4,,American Pale Ale,,0.4131777467421323,1.0,1.0
Trigger Finger,8.49,United States,3.8,Artifex Brewing Company,6.7,IPA - American,473ml,473,17.95,IPA,6.6,3.87,3.8894117647058826,3.865,85.0,206199,Trigger Finger,Finger Trigger,36428,Artifex Brewing Company,,2,17,2,American Double / Imperial IPA,-0.2077721827652422,6.6,3.58,3.8090909090909086,3.8090909090909086,388441,Artifex Trigger Finger IPA,Finger IPA Trigger,20423,Artifex Brewing Company,11,11,93.0,India Pale Ale (IPA),89.0,0.6262776949242576,0.8858227788451052,0.8858227788451052
Exquisite Beast,8.5,United States,4.15,Dancing Gnome,8.5,IPA - Imperial / Double,473ml,473,17.97,IPA,8.2,3.96,4.1121428571428575,3.91,85.0,271941,Exquisite Beast,Exquisite Beast,47223,Dancing Gnome,,2,14,2,American Double / Imperial IPA,0.2433565492068551,8.2,3.25,3.6666666666666665,3.6666666666666665,493190,Dancing Gnome Exquisite Beast,Exquisite Beast,28839,Dancing Gnome Beer,3,3,,Imperial IPA,,0.2999142036208916,1.0000000000000002,1.0000000000000002
Caramelized Chocolate Churro Baltic Porter,5.99,United States,3.76,Moody Tongue Brewing Company,7.0,Porter - Baltic,330ml,330,18.15,Porter,7.0,3.93,3.9944404332129975,3.890615384615384,88.0,149273,Caramelized Chocolate Churro Baltic Porter,Baltic Churro Caramelized Chocolate Porter,35410,Moody Tongue Brewing Company,,65,277,53,Baltic Porter,0.0454370172868479,7.0,3.53,3.562025316455696,3.562025316455696,302535,Moody Tongue Caramelized Chocolate Churro Baltic Porter,Baltic Churro Caramelized Chocolate Porter,20128,Moody Tongue Brewing Company,79,79,90.0,Baltic Porter,68.0,0.2017947154080266,0.5866479981245201,1.0
DIPA V16,7.99,England,4.01,Cloudwater Brew Co.,8.0,IPA - Imperial / Double New England / Hazy,Can 440ml,440,18.16,IPA,9.0,4.25,4.1625,4.085,86.0,244045,DIPA V6,DIPA V6,40373,Cloudwater Brew Co.,,2,12,2,American Double / Imperial IPA,0.3855307505495213,9.0,4.01,4.064646464646464,4.064646464646464,441009,Cloudwater DIPA - v6,v6 DIPA,22393,Cloudwater Brew Co,99,99,100.0,Imperial IPA,99.0,1.1259016524651004,0.7447054488916125,1.0000000000000002
DIPA V17,8.0,England,4.19,Cloudwater Brew Co.,8.0,IPA - Imperial / Double New England / Hazy,Can 440ml,440,18.18,IPA,9.0,4.07,4.156666666666667,4.105,,244046,DIPA V7,V7 DIPA,40373,Cloudwater Brew Co.,,2,6,2,American Double / Imperial IPA,0.3731870486795021,9.0,3.91,3.974193548387096,3.974193548387096,441011,Cloudwater DIPA - v7,v7 DIPA,22393,Cloudwater Brew Co,62,62,99.0,Imperial IPA,98.0,0.9547740713959684,0.7447054488916125,1.0000000000000002
Vliet,8.6,United States,3.64,Threes Brewing,5.2,Pilsner - German,Can 473ml,473,18.18,Pilsner,5.1,3.93,3.86,3.980666666666667,86.0,155264,Vliet,Vliet,37460,Threes Brewing,,15,47,12,German Pilsener,-0.2475608150722797,5.1,3.35,3.4153846153846152,3.4153846153846152,311442,Threes Vliet,Vliet,21272,Threes Brewing,26,26,72.0,Pilsener,97.0,-0.0945105662979963,1.0,1.0
Lichtervelds Blond,6.0,Belgium,3.55,Brouwerij De Dolle Brouwers,8.0,Belgian Strong Golden Ale,Bottle 330ml,330,18.18,Belgian Strong Golden Ale,9.0,4.14,4.059428571428572,4.203684210526316,88.0,22601,De Dolle Lichtervelds Blond,Blond Lichtervelds,201,Brouwerij De Dolle Brouwers,,19,35,19,Belgian Strong Pale Ale,0.3171426265842697,9.0,3.7,3.7150197628458494,3.7150197628458494,6877,De Dolle Lichtervelds Blond,Blond Lichtervelds,1163,De Dolle Brouwers,253,253,96.0,Belgian Strong Ale,96.0,0.5965492637922319,1.0000000000000002,1.0000000000000002
Feel No Way,8.9,United States,3.73,Hudson Valley Brewery,5.0,Pilsner - Other,Can 473ml,473,18.82,Pilsner,5.0,3.96,3.956666666666667,,,289932,Feel No Way,No Way Feel,44599,Hudson Valley Brewery,,0,3,0,German Pilsener,-0.1013061600022268,5.0,3.25,3.6666666666666665,3.6666666666666665,515005,Hudson Valley Feel No Way,No Way Feel,27030,Hudson Valley Brewery,3,3,,Pilsener,,0.2999142036208916,1.0000000000000002,1.0000000000000002
Breaking Bud,8.99,United States,3.89,Knee Deep Brewing Company,6.5,IPA - American,473ml,473,19.01,IPA,6.5,4.14,4.15300370828183,4.154081632653061,92.0,159885,Breaking Bud,Breaking Bud,23200,Knee Deep Brewing Company,,196,809,152,American IPA,0.3691745654838912,6.5,3.78,3.792549019607844,3.792549019607844,308727,Knee Deep Breaking Bud IPA,Breaking Bud IPA,11963,Knee Deep Brewing Company,255,255,98.0,India Pale Ale (IPA),98.0,0.6357445800089079,0.9409217916128882,0.9409217916128882
Hazy IPA,8.99,United States,3.83,Harland Brewing Company,6.5,IPA - New England / Hazy,Can 473ml,473,19.01,IPA,7.0,3.18,3.1775,,,212708,Harty IPA,IPA,44110,Harty Brewing Company,,0,4,0,American IPA,-1.7304195396995368,7.0,2.88,2.8,2.8,355912,Harty IPA,IPA,24183,Harty Brewing Company,2,2,,India Pale Ale (IPA),,-1.300235960791167,0.4371614564463965,1.0
Satin Solitude Stout,6.8,United States,3.8,Central Waters Brewing Company,7.5,Stout - Imperial / Double,355ml,355,19.15,Stout,7.5,3.86,3.841858141858142,3.874489311163895,87.0,2812,Satin Solitude Imperial Stout,Solitude Imperial Stout Satin,652,Central Waters Brewing Co.,,421,1001,410,American Double / Imperial Stout,-0.0476988236677036,7.5,3.6,3.6145985401459857,3.6145985401459857,13678,Central Waters Satin Solitude Imperial Stout,Solitude Imperial Stout Satin,2489,Central Waters Brewing Co.,548,548,93.0,Imperial Stout,44.0,0.443107739570012,0.6658747503295454,1.0
Amulet,9.1,United States,4.27,Hudson Valley Brewery,7.0,IPA - Sour,473ml,473,19.24,IPA,5.0,4.52,4.378461538461538,4.53,88.0,260785,Amulet,Amulet,44599,Hudson Valley Brewery,,3,13,3,American Wild Ale,0.8409982696033889,5.0,3.67,4.0125,4.0125,473425,Hudson Valley Amulet,Amulet,27030,Hudson Valley Brewery,8,8,,Sour/Wild Ale,,1.0118558778923927,1.0,1.0
Incandenza,9.2,United States,4.09,Hudson Valley Brewery,6.0,IPA - Sour,Can 473ml,473,19.45,IPA,6.0,4.21,4.197297297297297,4.258,88.0,262688,Incandenza,Incandenza,44599,Hudson Valley Brewery,,5,37,4,Saison / Farmhouse Ale,0.4321286046252481,6.0,3.53,3.716666666666667,3.716666666666667,478606,Hudson Valley Incandenza,Incandenza,27030,Hudson Valley Brewery,12,12,89.0,Sour/Wild Ale,49.0,0.3969972405819552,1.0,1.0
Afterimage,9.25,United States,4.23,Grimm Artisanal Ales,8.0,IPA - Imperial / Double,473ml,473,19.56,IPA,8.0,4.45,4.435580952380953,4.451467889908257,97.0,186293,Afterimage,Afterimage,32893,Grimm Artisanal Ales,,109,525,92,American Double / Imperial IPA,0.9528609861975708,8.0,3.82,3.891666666666667,3.891666666666667,363065,Grimm Afterimage,Afterimage,17192,Grimm Artisanal Ales,48,48,98.0,Imperial IPA,96.0,0.8162159777405774,1.0,1.0
The Chosen One,9.25,United States,4.29,Tilted Barn Brewery,8.0,IPA - Imperial / Double,473ml,473,19.56,IPA,8.5,4.63,4.516470588235295,4.66,92.0,169759,The Chosen One,The Chosen One,37721,Tilted Barn Brewery,,6,34,6,American Double / Imperial IPA,1.1486561212198148,8.5,3.13,3.9,3.9,427764,Tilted Barn The Chosen One,The Chosen One,21199,Tilted Barn Brewery,1,1,,Imperial IPA,,0.8204435084349089,0.4015263247567251,1.0
Simple Means,14.99,United States,3.63,Jester King Brewery,5.6,Altbier - Traditional,Bottle 750ml,750,19.99,Altbier,5.6,3.87,3.751,3.8229166666666665,86.0,211376,Simple Means,Means Simple,24018,Jester King Brewery,,24,90,22,Altbier,-0.4949473317368669,5.6,3.38,3.397590361445783,3.397590361445783,390807,Jester King Simple Means,Means Simple,11329,Jester King Brewery,83,83,76.0,Altbier,93.0,-0.1646717293252236,1.0000000000000002,1.0000000000000002
Bright Citra,10.0,United States,4.33,Tree House Brewing Company,7.8,IPA - Imperial / Double,500ml,500,20.0,IPA,4.8,3.98,3.98,,,256669,Citra Bridges,Citra Bridges,33235,Mill House Brewing Company,,0,8,0,American Wild Ale,-0.0338766324023633,4.8,3.5,3.814285714285714,3.814285714285714,455280,Mill House Citra Bridges,Citra Bridges,17503,Mill House Brewing Company,7,7,,Sour/Wild Ale,,0.6158516641036865,1.0000000000000002,1.0000000000000002
Dirty Horse 2018,6.6,Belgium,3.91,De Struise Brouwers,7.0,Lambic - Kriek,Bottle 330ml,330,20.0,Lambic,7.0,4.55,4.553939393939395,4.552028985507246,96.0,44910,Dirty Horse,Horse Dirty,15237,De Struise Brouwers,,69,99,68,Lambic - Unblended,1.1683282643838873,7.0,4.19,4.217127071823204,4.217127071823204,84906,Struise Dirty Horse,Horse Dirty,9244,De Struise Brouwers,181,181,100.0,Sour/Wild Ale,100.0,1.450645625703387,1.0000000000000002,1.0000000000000002
Ola Dubh 12,6.6,Scotland,3.95,Harviestoun Brewery,8.0,Porter - Imperial / Double,330ml,330,20.0,Porter,10.5,4.24,4.2599082568807365,4.204782608695651,91.0,96705,Ola Dubh 1991,Dubh Ola 1991,323,Harviestoun Brewery Ltd.,,23,109,22,Old Ale,0.6354792620733114,10.5,3.89,3.908695652173913,3.908695652173913,213228,Harviestoun Ola Dubh 1991,Dubh Ola 1991,1560,Harviestoun,161,161,99.0,Old Ale,98.0,0.8774841213749769,0.6537789443419288,1.0
Baseline,9.49,United States,3.75,Claremont Craft Ales,8.0,IPA - Imperial / Double,473ml,473,20.06,IPA,8.0,3.91,3.9466666666666654,4.06625,85.0,153430,Baseline,Baseline,29778,Claremont Craft Ales,,8,21,6,American Blonde Ale,-0.0659235786326376,8.0,2.79,2.7,2.7,328603,Claremont Craft Ales Baseline ,Baseline,14954,Claremont Craft Ales,5,5,,American Strong Ale ,,-1.4034473368232945,1.0,1.0
Quercus Reserve 1: Bruin - BATCH 4,7.5,United States,3.89,Woodfour Brewing Company,4.6,Sour - Flanders Oud Bruin,Bottle 370ml,370,20.27,Sour,4.6,3.99,3.988333333333333,4.47,,194336,Quercus Reserve - Bruin,Quercus Reserve Bruin,32922,Woodfour Brewing Company,,1,6,0,Flanders Oud Bruin,0.006169340023236,4.6,3.47,3.55,3.55,319819,Woodfour Quercus Reserve #1: Bruin,1 Quercus Reserve Bruin,17314,Woodfour Brewing Company,26,26,85.0,Sour Red/Brown,46.0,0.1373854947421993,0.4441689023050973,1.0
The Prometheus Effect,15.3,United States,3.95,Modern Times Beer,6.3,Farmhouse Ale - Saison,Bottle 750ml,750,20.4,Farmhouse Ale,6.3,3.79,3.9083333333333337,3.695,,274448,Prometheus Effect,Prometheus Effect,31987,Modern Times Beer,,2,6,2,Saison / Farmhouse Ale,-0.2084524539829982,6.3,3.5,3.5913043478260875,3.5913043478260875,506274,Modern Times Prometheus Effect,Prometheus Effect,16983,Modern Times Beer,23,23,87.0,Saison,78.0,0.1535861479114625,1.0000000000000002,1.0000000000000002
Konkey Dong 2024,9.75,United States,4.27,Hoof Hearted Brewing,8.0,IPA - Imperial / Double New England / Hazy,473ml,473,20.61,IPA,8.0,4.36,4.363356164383561,4.37677966101695,95.0,144249,Konkey Dong,Konkey Dong,30179,Hoof Hearted Brewing,,59,292,53,American Double / Imperial IPA,0.8102960891403136,8.0,3.84,3.92439024390244,3.92439024390244,319073,Hoof Hearted Konkey Dong,Konkey Dong,14572,Hoof Hearted Brewing,41,41,99.0,Imperial IPA,96.0,0.8584562986481711,1.0000000000000002,1.0000000000000002
The Other One,9.75,United States,4.3,Tilted Barn Brewery,7.9,IPA - Imperial / Double,473ml,473,20.61,IPA,7.9,4.58,4.390740740740742,4.6433333333333335,90.0,221806,The Other One,The Other One,37721,Tilted Barn Brewery,,6,27,6,American Double / Imperial IPA,0.8643349751588382,7.9,3.39,4.25,4.25,435780,Tilted Barn The Other One,The Other One,21199,Tilted Barn Brewery,2,2,,Imperial IPA,,1.495205157734115,0.4015263247567251,1.0
Oude Geuze Cuvée Armand en Gaston,15.49,Belgium,4.32,Brouwerij 3 Fonteinen,5.5,Lambic - Gueuze,Bottle 750ml,750,20.65,Lambic,6.0,4.53,4.503125000000002,4.524242424242424,96.0,235041,Oude Geuze Cuvée Armand & Gaston,Oude Cuvée Geuze Gaston Armand,2216,Brouwerij 3 Fonteinen,,33,144,32,Gueuze,1.1063690941093065,6.0,4.16,4.177642276422763,4.177642276422763,423673,3 Fonteinen Oude Geuze (Cuvée Armand & Gaston),Cuvée Oude Geuze Gaston Armand,2058,Brouwerij 3 Fonteinen,246,246,100.0,Lambic Style - Gueuze,97.0,1.337106104437688,0.5310624164294302,1.0
Jacaranda,9.99,United States,3.73,Claremont Craft Ales,6.7,IPA - Rye,473ml,473,21.12,IPA,6.7,3.84,3.848970588235293,4.004705882352941,85.0,84673,Jacaranda IPA,Jacaranda IPA,29778,Claremont Craft Ales,,17,68,14,American IPA,-0.1378161683445978,6.7,3.32,3.4120000000000004,3.4120000000000004,181150,Claremont Craft Ales Jacaranda IPA,Jacaranda IPA,14954,Claremont Craft Ales,25,25,69.0,India Pale Ale (IPA),46.0,-0.0162825645320764,0.773487306611714,1.0
The Chosen One DIPA,10.0,United States,4.29,Tilted Barn Brewery,8.0,IPA - Imperial / Double,473ml,473,21.14,IPA,8.5,4.63,4.516470588235295,4.66,92.0,169759,The Chosen One,The Chosen One,37721,Tilted Barn Brewery,,6,34,6,American Double / Imperial IPA,1.1486561212198148,8.5,3.13,3.9,3.9,427764,Tilted Barn The Chosen One,The Chosen One,21199,Tilted Barn Brewery,1,1,,Imperial IPA,,0.8204435084349089,0.4015263247567251,1.0
Ola Dubh 16,6.99,Scotland,4.01,Harviestoun Brewery,8.0,Porter - Imperial / Double,330ml,330,21.18,Porter,10.5,4.24,4.2599082568807365,4.204782608695651,91.0,96705,Ola Dubh 1991,Dubh Ola 1991,323,Harviestoun Brewery Ltd.,,23,109,22,Old Ale,0.6354792620733114,10.5,3.89,3.908695652173913,3.908695652173913,213228,Harviestoun Ola Dubh 1991,Dubh Ola 1991,1560,Harviestoun,161,161,99.0,Old Ale,98.0,0.8774841213749769,0.6537789443419288,1.0
Anniversary #09,9.4,Netherlands,3.8,Brouwerij Kees,9.99,Stout - Imperial / Double,Can 440ml,440,21.36,Stout,12.0,,,,,262372,#01 Anniversary,01 Anniversary,39015,Brouwerij Kees,,0,0,0,American Barleywine,,12.0,3.49,3.6052631578947367,3.6052631578947367,411001,Kees #01 Anniversary ,01 Anniversary,20878,Brouwerij Kees,19,19,87.0,Barley Wine,50.0,0.2372206525390756,0.5458929574345364,1.0
Lindley Park,7.65,United States,4.06,Olde Hickory Brewery,10.0,Stout - Imperial / Double,355ml,355,21.55,Stout,10.0,4.28,4.284970760233918,4.272,95.0,75009,Lindley Park,Lindley Park,7753,Olde Hickory Brewery,,200,1026,187,American Double / Imperial Stout,0.6755254237100439,10.0,3.79,3.8215789473684216,3.8215789473684216,158333,Olde Hickory Lindley Park,Lindley Park,571,Olde Hickory Brewery,190,190,98.0,Imperial Stout,79.0,0.7310205766419771,1.0000000000000002,1.0000000000000002
Pastrami on Rye,10.2,United States,3.36,Pipeworks Brewing Company,8.0,Spiced / Herbed Beer,473ml,473,21.56,Spiced / Herbed Beer,8.5,3.59,3.479375000000001,3.506666666666667,82.0,87634,Pastrami On Rye,Pastrami On Rye,28178,Pipeworks Brewing Company,,30,112,28,Herbed / Spiced Beer,-0.7002016290933407,8.5,3.43,3.454444444444445,3.454444444444445,193435,Pipeworks Pastrami on Rye,on Pastrami Rye,10970,Pipeworks Brewing Company,90,90,84.0,Spice/Herb/Vegetable,94.0,0.0905380221347829,1.0000000000000002,1.0000000000000002
Fruitlands Strawberry Limeade,10.3,United States,3.67,Modern Times Beer,4.8,Sour - Fruited Gose,473ml,473,21.78,Sour,4.7,4.06,4.09,4.055,86.0,229954,Fruitlands - Strawberry,Fruitlands Strawberry,31987,Modern Times Beer,,2,21,2,Gose,0.2321161701649989,4.7,3.36,3.6,3.6,419830,Modern Times Fruitlands - Strawberry,Strawberry Fruitlands,16983,Modern Times Beer,7,7,,Grodziskie/Gose/Lichtenhainer,,0.2322403570935516,0.6362831798569781,1.0
Too Far Outta Sight,10.29,United States,4.23,The Veil Brewing Co.,8.5,IPA - Imperial / Double New England / Hazy,Can 470ml,470,21.89,IPA,8.5,4.41,4.355,4.4275,88.0,260274,Too Far Outta Sight,Sight Far Too Outta,41018,The Veil Brewing Co.,,4,18,4,American Double / Imperial IPA,0.7842983344628969,8.5,3.33,3.8333333333333335,3.8333333333333335,480809,The Veil Too Far Outta Sight,Sight Far Too Outta,26864,The Veil Brewing Company,3,3,,Imperial IPA,,0.6235243268244367,1.0,1.0
DIPA v16,9.75,England,4.01,Cloudwater Brew Co.,8.0,IPA - Imperial / Double New England / Hazy,Can 440ml,440,22.16,IPA,9.0,4.25,4.1625,4.085,86.0,244045,DIPA V6,DIPA V6,40373,Cloudwater Brew Co.,,2,12,2,American Double / Imperial IPA,0.3855307505495213,9.0,4.01,4.064646464646464,4.064646464646464,441009,Cloudwater DIPA - v6,v6 DIPA,22393,Cloudwater Brew Co,99,99,100.0,Imperial IPA,99.0,1.1259016524651004,0.7447054488916125,1.0000000000000002
Tiny Dankster,10.49,United States,4.06,Cellarmaker Brewing Company,5.7,Pale Ale - New England / Hazy,473ml,473,22.18,Pale Ale,5.7,4.17,4.3201136363636365,4.158571428571428,90.0,121102,Tiny Dankster,Dankster Tiny,32931,Cellarmaker Brewing Co.,,14,88,12,American Pale Ale (APA),0.7035361780148246,5.7,3.8,3.888571428571428,3.888571428571428,265878,Cellarmaker Tiny Dankster,Dankster Tiny,17792,Cellarmaker Brewing Company,35,35,98.0,American Pale Ale,99.0,0.820819957934378,0.5347262718735879,1.0
Key Bump,10.5,United States,4.32,Hoof Hearted Brewing,10.5,IPA - Triple,473ml,473,22.2,IPA,10.5,4.49,4.476666666666667,4.529999999999999,93.0,271072,Key Bump,Bump Key,30179,Hoof Hearted Brewing,,20,60,19,American Double / Imperial IPA,1.051440175239175,10.5,3.67,4.0125,4.0125,492182,Hoof Hearted Key Bump,Bump Key,14572,Hoof Hearted Brewing,8,8,,Imperial IPA,,0.9714052092682476,1.0000000000000002,1.0000000000000002
Mexican Cake,10.6,United States,4.27,Westbrook Brewing Co.,10.5,Stout - Imperial / Double,473ml,473,22.41,Stout,4.2,4.23,4.13913043478261,4.26,87.0,237220,Mexican Cupcake,Cupcake Mexican,24134,Westbrook Brewing Co.,,4,23,4,American Stout,0.328382936726931,4.2,3.64,3.735714285714285,3.735714285714285,434736,Westbrook Mexican Cupcake,Cupcake Mexican,12402,Westbrook Brewing,28,28,95.0,Stout,96.0,0.4987022815800129,0.670311404672681,1.0
Ola Dubh 18,7.5,Scotland,,Harviestoun Brewery,8.0,Porter - Imperial / Double,330ml,330,22.73,Porter,10.5,4.24,4.2599082568807365,4.204782608695651,91.0,96705,Ola Dubh 1991,Dubh Ola 1991,323,Harviestoun Brewery Ltd.,,23,109,22,Old Ale,0.6354792620733114,10.5,3.89,3.908695652173913,3.908695652173913,213228,Harviestoun Ola Dubh 1991,Dubh Ola 1991,1560,Harviestoun,161,161,99.0,Old Ale,98.0,0.8774841213749769,0.6537789443419288,1.0
Whiteferrari,10.75,United States,4.3,The Veil Brewing Co.,8.0,IPA - Imperial / Double New England / Hazy,473ml,473,22.73,IPA,8.0,4.5,4.440153846153846,4.53,93.0,259552,Whiteferrari,Whiteferrari,41018,The Veil Brewing Co.,,16,65,15,American Double / Imperial IPA,0.97092791101395,8.0,3.87,3.99655172413793,3.99655172413793,474364,The Veil Whiteferrari,Whiteferrari,26864,The Veil Brewing Company,29,29,99.0,Imperial IPA,97.0,0.9428607645430628,1.0,1.0
Lambo Door,10.9,United States,4.22,Grimm Artisanal Ales,8.0,IPA - Imperial / Double New England / Hazy,Can 473ml,473,23.04,IPA,8.0,4.43,4.365157894736843,4.450247933884297,97.0,181690,Lambo Door,Lambo Door,32893,Grimm Artisanal Ales,,121,570,110,American Double / Imperial IPA,0.8143391014046538,8.0,3.91,3.960606060606061,3.960606060606061,353386,Grimm Lambo Door,Lambo Door,17192,Grimm Artisanal Ales,66,66,99.0,Imperial IPA,98.0,0.9307939054730489,1.0000000000000002,1.0000000000000002
Cream Get the Honey,11.29,United States,4.08,Other Half Brewing Co.,6.0,IPA - New England / Hazy,473ml,473,23.87,IPA,6.2,4.17,4.166,,86.0,285771,Cream Get The Honey,Cream Honey Get The,33510,Other Half Brewing Co.,,0,10,0,American IPA,0.3627481339282861,6.2,3.52,3.96,3.96,523738,Other Half Cream Get the Honey,the Cream Honey Get,18293,Other Half Brewing,5,5,,India Pale Ale (IPA),,0.8694680204591307,0.6767966889991686,1.0
Vapid,11.3,United States,4.13,Aslin Beer Company,8.7,IPA - Imperial / Double,Can 473ml,473,23.89,IPA,8.7,4.29,4.221111111111111,4.226000000000001,87.0,285739,Vapid,Vapid,42560,Aslin Beer Company,,5,18,4,American Double / Imperial IPA,0.4849195403983153,8.7,3.33,4.1,4.1,520680,Aslin Vapid,Vapid,24435,Aslin Beer Company,2,2,,Imperial IPA,,1.141300523950109,1.0,1.0
Fitness Freak,11.5,United States,4.15,Hoof Hearted Brewing,14.0,Stout - Imperial / Double Coffee,473ml,473,24.31,Stout,14.0,4.44,4.397142857142857,4.45,87.0,264532,Fitness Freak,Fitness Freak,30179,Hoof Hearted Brewing,,2,14,2,American Double / Imperial Stout,0.8751502137141625,14.0,3.57,3.9666666666666655,3.9666666666666655,483473,Hoof Hearted Fitness Freak,Fitness Freak,14572,Hoof Hearted Brewing,6,6,,Imperial Stout,,0.8824124253872728,1.0000000000000002,1.0000000000000002
Don't Fear The Ferryman,10.8,England,4.09,Verdant Brewing Co,10.0,Stout - Imperial / Double,Can 440ml,440,24.55,Stout,5.4,,,,,269341,I Fear The Ferryman,I The Ferryman Fear,41504,Verdant Brewing Company,,0,0,0,American Stout,,5.4,3.4,3.6000000000000005,3.6000000000000005,481296,Verdant I Fear the Ferryman,the I Ferryman Fear,23619,Verdant Brewing,9,9,,Stout,,0.1704701543394737,1.0000000000000002,1.0000000000000002
"Girardin, Framboise",9.1,Belgium,3.74,Brouwerij Girardin,5.0,Lambic - Framboise,Bottle 370ml,370,24.59,Lambic,5.0,3.68,3.65328947368421,3.727209302325581,83.0,6319,Girardin Framboise,Framboise,2541,Brouwerij Girardin,,43,76,42,Lambic - Fruit,-0.4261826402067187,5.0,3.51,3.516143497757848,3.516143497757848,6036,Girardin Framboise,Framboise,1081,Brouwerij Girardin,446,446,88.0,Lambic Style - Fruit,45.0,0.2541933649875863,1.0,1.0
Morticia,11.69,United States,4.01,Barrier Brewing Company,10.1,Stout - Russian Imperial,473ml,473,24.71,Stout,10.1,4.15,4.15566037735849,4.183636363636364,90.0,94957,Morticia,Morticia,22928,Barrier Brewing Company,,22,106,22,Russian Imperial Stout,0.4020693457735421,10.1,3.75,3.845454545454545,3.845454545454545,113098,Barrier Morticia,Morticia,10704,Barrier Brewing Company,33,33,97.0,Imperial Stout,72.0,0.748281041182115,0.4524090800315978,1.0
Saison Anniversaire 2023,18.6,England,4.0,Burning Sky Brewery,6.5,Farmhouse Ale - Saison,Bottle 750ml,750,24.8,Farmhouse Ale,6.2,4.03,3.945,4.09,,194719,Saison Anniversaire,Anniversaire Saison,33194,Burning Sky Brewery,,2,4,2,Saison / Farmhouse Ale,-0.0982805149815806,6.2,3.59,3.6310344827586207,3.6310344827586207,290470,Burning Sky Saison Anniversaire,Anniversaire Saison,17993,Burning Sky,58,58,92.0,Saison,89.0,0.3712469308251077,0.7297800889747952,1.0000000000000002
DDH The All Seeing Eye DIPA,11.8,United States,4.34,Long Live Beerworks,8.4,IPA - Imperial / Double New England / Hazy,473ml,473,24.95,IPA,8.4,3.99,4.11875,4.3,85.0,260867,The All Seeing Eye,Eye The All Seeing,41922,Long Live Beerworks,,3,16,3,American Double / Imperial IPA,0.2577239281700004,8.4,3.28,3.95,3.95,477102,Long Live The All Seeing Eye,Eye The All Seeing,25701,Long Live Beerworks,2,2,,Imperial IPA,,0.8500514130669178,1.0,1.0
